2791 4778
366 390 588 448 CAPUT
627 392 937 447 SEXTUM.
1692 391 1714 411 ⁶
1738 393 1947 450 VERS:
1994 404 2047 456 9.
2206 405 2312 458 351

233 553 432 614 taribus
494 571 531 612 a
592 553 895 627 Bileamo,
976 554 1075 629 qui
1125 572 1156 614 e
1215 551 1390 631 Syria
1454 559 1583 614 erat
1599 543 1630 629 ,⁶
1684 555 2041 630 aedificatiS,
2122 554 2314 615 Num:

232 654 451 716 xxm:
518 657 583 730 13
640 662 699 713 et
737 672 811 712 ex
849 654 1041 714 Altari
1075 658 1138 714 in
1172 637 1508 730 Damasco,
1556 656 1621 714 11
1651 653 1818 733 neg:
1868 654 2053 715 XVI:
2111 658 2198 715 10
2239 656 2316 715 aa

239 757 339 815 15:
374 763 431 813 et
466 772 541 815 ex
579 771 681 829 eo,
722 755 881 830 quod
909 755 1194 832 Aegyptii
1230 739 1551 817 abomi'nati
1587 759 1703 815 sint
1726 756 2040 816 Hebraeos
2070 764 2319 834 propter

230 855 520 926 sacrificia,
579 855 781 914 Exod:
835 854 1015 913 VIII:
1077 861 1199 930 22,
1260 873 1451 932 usque
1494 858 1644 916 adeo
1681 864 1748 916 ut
1783 875 1898 916 non
1935 856 2162 915 vellent
2196 875 2316 934 pa-

229 974 340 1014 nem
376 955 656 1015 cumillis
685 956 1021 1028 comedere,
1064 957 1296 1017 Genes:
1337 953 1568 1017 XLIII:
1604 961 1691 1018 32
1711 979 1726 1033 3
1767 975 1951 1017 causa
1987 965 2133 1032 erat,
2175 960 2318 1035 quia

230 1057 464 1132 Antiqua
498 1055 776 1115 Ecclesia
830 1073 984 1131 qnae
1032 1058 1143 1116 fuit
1176 1057 1453 1116 Ecclesia
1501 1062 2044 1135 repraesentativa,
2102 1075 2173 1121 ac
2207 1076 2319 1135 per
2402 1041 2411 1046 ’

226 1159 450 1217 multum
487 1156 666 1216 Orbis
704 1157 955 1215 Asiatici
991 1165 1273 1230 extensa,
1320 1160 1617 1243 ignoravit
1651 1160 1978 1230 sacrificia,
2036 1166 2097 1217 et
2132 1175 2315 1235 aspe-

226 1260 295 1316 xit
324 1258 440 1330 illa,
481 1257 717 1333 quando
758 1258 832 1315 ab
869 1258 1063 1316 Ebero
1102 1260 1375 1318 instituta
1412 1259 1666 1333 fuerunt,
1707 1263 1862 1319 sicut
1898 1260 2313 1335 abominanda,

225 1360 361 1434 quod
391 1376 601 1434 nempe
628 1358 855 1417 vellent
876 1353 1119 1434 placare
1136 1359 1331 1417 Deum
1356 1377 1467 1436 per
1495 1360 1737 1419 caedem
1772 1361 2139 1419 diversorum
2166 1360 2319 1419 Ani-

223 1459 441 1518 melium
459 1504 476 1534 ,
545 1465 604 1517 et
631 1461 716 1518 sic
746 1477 855 1535 per
880 1461 1262 1536 sanguinem:
1299 1462 1455 1518 inter
1480 1440 1603 1530 eos,
1641 1463 1742 1536 qni
1781 1461 1857 1519 ab
1888 1462 2154 1536 Antiqua
2187 1461 2311 1520 Ec-

223 1559 388 1619 clesia
410 1560 667 1633 suerunt,
710 1565 878 1618 erant
906 1561 1085 1618 etiam
1126 1561 1441 1637 Aegyptii,
1483 1561 1590 1618 sed
1625 1561 1686 1619 hi
1715 1564 1854 1637 quia
1882 1561 2312 1638 applicuerunt

222 1662 715 1737 repraesentativa
742 1660 818 1718 ad
832 1661 1079 1734 magica,
1102 1660 1377 1720 Ecclesia
1404 1661 1508 1719 illa
1538 1663 1697 1738 apud
1726 1679 1830 1722 eos
1852 1665 2147 1721 exstincta
2182 1662 2313 1721 suit:

221 1762 360 1835 qnod
384 1779 500 1820 non
534 1777 751 1837 panem
790 1778 922 1819 cum
960 1760 1077 1819 illis
1106 1761 1334 1820 vellent
1368 1763 1684 1822 comedere
1706 1809 1720 1838 ,
1764 1772 1892 1822 erat
1927 1780 2130 1837 causa,
2166 1763 2312 1838 quia

217 1878 310 1937 per
342 1861 588 1938 prandia
625 1869 686 1919 et
731 1878 949 1919 coenas
1002 1879 1073 1920 eo
1119 1869 1389 1939 tempore
1438 1862 2006 1939 repraesentabatur
2056 1870 2116 1922 et
2168 1863 2310 1922 inde

220 1962 643 2039 significabatur
705 1965 1066 2020 consociatio
1127 1963 1487 2038 spiritualis,
1573 1982 1727 2040 quae
1795 1971 1887 2023 est
1943 1966 2310 2023 consociatio

222 2070 271 2120 et
301 2065 627 2139 conjunctio
664 2080 773 2139 per
806 2061 911 2121 illa
946 2077 1100 2139 quae
1137 2063 1452 2123 Ecclesiae
1492 2071 1670 2133 sunt,
1733 2070 1792 2122 ct
1843 2081 1952 2139 por
1998 2082 2218 2140 panem
2250 2066 2312 2122 in

221 2180 412 2239 genere
446 2157 897 2241 significabatur
924 2166 1114 2223 omnis
1139 2162 1307 2221 cibus
1331 2164 1689 2239 spiritualis,
1732 2171 1792 2221 et
1823 2163 1960 2222 inde
1992 2181 2101 2239 per
2125 2181 2310 2240 pran-

221 2262 357 2323 dium
410 2271 467 2323 et
516 2281 762 2323 coenam
816 2266 1005 2323 omnis
1055 2264 1414 2340 conjunctio,
1506 2264 1681 2339 Quod
1728 2265 1990 2340 Antiqua
2036 2263 2314 2323 Ecclesia

222 2380 317 2439 per
351 2350 594 2424 multum
631 2364 808 2425 Orbis
845 2366 1125 2439 Asiatici,
1178 2382 1393 2440 nempe
1433 2381 1540 2441 per
1576 2365 1915 2442 Assyriam,
1956 2364 2307 2441 Mesopota·
2451 2376 2483 2417 ,ο

221 2466 405 2538 miam,
451 2466 713 2543 Syriam,
765 2466 1180 2542 Aethiopiam,
1237 2465 1554 2535 Arabiam,
1594 2465 1886 2543 Libyam,
1938 2465 2304 2542 Aegyptum,

222 2562 573 2624 Philistaeam
612 2584 805 2644 usque
843 2568 919 2625 ad
958 2568 1181 2643 Tyrum
1221 2574 1280 2626 et
1314 2567 1621 2639 Zidonem,
1661 2584 1772 2642 per
1805 2573 2025 2625 terram
2067 2564 2309 2625 Canaa-

220 2681 332 2724 nem
359 2669 440 2725 cis
477 2672 539 2726 et
574 2676 746 2727 trans
785 2669 1131 2736 Jordanetn,
1166 2669 1343 2727 fuerit
1380 2677 1642 2739 extensa,
1682 2666 1954 2725 videatur
1982 2684 2046 2724 n:
2096 2667 2306 2725 1238.

223 2767 419 2826 2385:
472 2768 639 2844 quod
675 2769 856 2827 fuerit
890 2767 1168 2827 Ecclesia
1201 2770 1747 2844 repraesentativa,
1800 2786 1871 2827 n:
1931 2769 2087 2826 519.
2146 2769 2306 2825 521.

221 2868 422 2926 2896:
477 2868 553 2928 de
601 2868 877 2928 Ecclesia
913 2868 988 2926 ab
1023 2868 1219 2928 Ebero
1257 2869 1554 2942 instituta,
1606 2886 1758 2944 quae
1797 2876 2012 2927 vocata
2055 2874 2148 2926 est
2185 2867 2309 2926 Ec-

219 2966 381 3026 clesia
415 2968 714 3042 Hebraea,
752 2988 821 3028 n:
869 2971 1079 3029 1238.
1128 2972 1336 3027 1241.
1391 2969 1595 3028 1343.
1634 2971 1722 3028 45·
1750 2971 1848 3027 16.
1883 2970 2109 3028 4517:
2150 2967 2309 3045 quod

222 3064 506 3129 sacrificia
543 3069 618 3128 ab
655 3069 850 3129 Ebero
886 3072 1136 3147 primum
1189 3072 1431 3145 incepta
1479 3069 1726 3143 suerint,
1803 3077 1863 3127 et
1898 3070 2034 3128 dein
2089 3071 2147 3129 in
2187 3086 2306 3129 usu

216 3170 350 3242 apud
388 3178 664 3245 posteros
704 3171 865 3247 ejus,
916 3188 985 3228 n:
1049 3174 1256 3230 1128.
1302 3171 1511 3228 1343.
1555 3171 1767 3229 2180.
1815 3173 2090 3229 100423
2147 3167 2308 3246 quod

217 3263 494 3329 Sacriticia
539 3289 652 3328 non
689 3271 967 3329 mandat-a
1010 3271 1270 3344 fuerint,
1321 3270 1429 3327 sed
1481 3271 1653 3329 modo
1707 3274 2032 3347 permissa,
2095 3278 2302 3355 osten·-

214 3381 324 3427 surn
350 3389 422 3428 ex
459 3370 694 3443 Verbo,
743 3388 928 3429 causa
958 3373 1119 3448 quod
1149 3371 1421 3431 dicantur
1450 3371 1744 3440 mandata,
1780 3389 1848 3429 n:
1896 3374 2055 3430 922.
2092 3372 2304 3430 2180.

217 3468 419 3528 2818ε
459 3471 562 3529 -Et
597 3473 738 3547 quia
773 3470 1039 3531 Verbum
1076 3474 1477 3548 conscriptum
1517 3478 1609 3530 est
1644 3470 1806 3546 apud
1839 3470 2001 3528 illam
2040 3476 2297 3553 gentem,

214 3573 264 3625 et
309 3569 568 3630 Verbum
619 3572 984 3631 Historicum
1031 3572 1104 3631 de
1148 3573 1252 3630 illa
1301 3579 1515 3650 gente,
1589 3570 1747 3646 qnod
1794 3587 1909 3626 non
1958 3569 2131 3627 aliter
2182 3585 2297 3644 po-

210 3670 391 3745 tuerit,
449 3689 627 3747 quam
665 3680 731 3731 ut
765 3658 999 3731 Altaria
1047 3679 1107 3732 et
1145 3674 1440 3732 sacrificia
1487 3671 1963 3739 nominarentur,
2028 3676 2088 3727 et
2140 3668 2304 3746 quod

210 3767 378 3829 cultus
429 3771 687 3831 Divinus
745 3789 856 3854 per
898 3772 999 3831 illa
1055 3773 1526 3849 significaretur,
1584 3789 1652 3828 n:
1710 3770 1969 3828 10453.
2037 3771 2297 3829 10461.

217 3868 447 3931 10603.
492 3875 749 3931 10604.

343 3974 498 4031 392;
553 3975 800 4033 Animas
838 3976 1168 4033 occisorum
1206 3983 1455 4052 propter
1490 3971 1759 4032 Verbum
1789 3972 1906 4030 Dei
1956 3978 2016 4032 et
2055 3977 2303 4050 propter

207 4063 613 4133 Testimonium
652 4075 811 4150 quod
847 4074 1181 4151 habebant,
1238 4074 1397 4151 quod
1436 4073 1733 4150 significet
1778 4075 1880 4148 qui
1916 4074 2126 4151 rejecti
2162 4077 2302 4132 sunt

203 4172 254 4224 et
298 4172 475 4234 abditi
511 4183 652 4233 sunt
687 4182 935 4252 propter
970 4176 1249 4234 Divinum
1297 4176 1526 4234 Verum
1564 4182 1625 4234 et
1676 4182 1926 4250 proptor
1963 4175 2298 4234 confessio·
2341 4192 2502 4256 [577]

201 4282 318 4329 nem
349 4274 624 4345 Domini,
687 4282 921 4334 constat
957 4293 1029 4334 ex
1080 4275 1510 4352 significatione
1549 4277 1911 4348 occisorum,
1979 4275 2139 4351 quod
2184 4277 2304 4332 sint
