2791 4778
421 390 531 441 252
830 377 1324 433 APOCALYPSIS
1367 377 1804 434 ExpchTA.
1870 380 1916 445 §-
1959 386 2108 452 374„

418 539 632 599 fleatur
671 554 783 616 per
818 539 905 595 ita
936 537 1135 596 erudit
1160 538 1237 596 ad
1254 539 1564 617 judicium.
1621 540 1794 599 Deus
1820 537 1954 614 ejus
1991 536 2166 595 docet
2195 553 2347 606 eum,
2377 537 2536 614 judi,-

421 640 578 699 cium
612 636 907 714 significat
938 638 1426 714 intelligentiam,
1460 640 1630 698 Deus
1659 639 1791 715 ejus
1829 637 2005 696 docet
2046 654 2216 707 eum,
2253 637 2537 712 significat

423 738 583 817 quod
618 755 655 796 a
690 738 967 798 Domino.
1050 737 1235 816 Apud
1270 740 1482 799 Mosen
1534 735 1868 814 „Jehovah
1907 729 2376 819 equita-reficit
2409 756 2538 797 eum

420 855 614 918 super
642 835 914 899 eoecelsia
956 843 1161 899 terme
1181 883 1197 913 ,
1247 846 1307 900 et
1334 838 1569 899 cibavit
1591 843 1904 918 proventu
1942 855 2251 915 agrorum
2265 881 2283 911 ,
2327 855 2537 917 suyere

406 938 574 1021 fecit
617 957 760 998 eum
803 936 927 999 mel
966 958 998 997 e
1034 957 1221 1018 rupe,
1275 947 1337 1002 et
1382 936 1588 999 oleum
1631 959 1664 998 e
1712 956 1879 999 aaoeo
1922 942 2143 1017 petrae
2153 956 2182 1007 ;
2249 937 2537 1017 butyrum

419 1039 697 1100 amenti
726 1044 787 1098 et
816 1035 918 1099 lac
957 1039 1179 1119 yreyis
1216 1058 1359 1100 cum
1397 1039 1591 1120 adipe
1627 1057 1943 1118 cynorum
1968 1043 2028 1097 et
2064 1035 2349 1097 arietum
2368 1034 2535 1117 filio-

401 1158 565 1201 -rum
618 1138 989 1199 Bascham's
1032 1145 1091 1199 et
1125 1138 1480 1216 hircorum,
1522 1158 1663 1200 cum
1701 1138 1896 1217 adipe
1952 1157 2172 1198 renum
2208 1136 2449 1212 tritici,
2490 1143 2537 1198 et

221 1256 381 1319 [512]
421 1239 801 1320 sanquinem
839 1259 1110 1301 uvarum
1147 1240 1308 1301 bibi-9
1344 1243 1636 1302 merum“
1684 1240 1879 1299 Deut:
1929 1238 2214 1297 XXXII:
2262 1239 2379 1309 13.
2430 1243 2534 1314 145

419 1340 573 1400 haec
608 1340 767 1399 dicta
802 1347 942 1412 sunt
977 1341 1051 1400 de
1080 1341 1357 1400 Ecclesia
1390 1338 1655 1415 Antiqua
1698 1346 1841 1416 post
1877 1339 2188 1397 Diluvium
2216 1355 2253 1394 a
2289 1337 2534 1397 Domino

420 1442 774 1513 instaurata,
815 1458 968 1516 quae
998 1444 1058 1500 in
1094 1441 1488 1517 intelligentia
1526 1447 1588 1500 et
1623 1442 1923 1516 sapientia
1959 1445 2088 1496 erat
2125 1441 2270 1514 quia
2310 1441 2368 1495 in
2395 1439 2533 1497 bono

421 1540 729 1599 charitatis
766 1548 827 1598 et
868 1542 1003 1601 inde
1050 1544 1108 1600 in
1157 1541 1301 1615 fide3
1356 1541 1751 1619 intelligentia
1796 1557 2001 1598 eorum
2053 1545 2115 1597 et
2165 1541 2471 1613 sapientia
2505 1555 2534 1596 a

417 1640 676 1701 Domino
714 1641 1083 1716 significatur
1128 1659 1239 1717 per
1285 1642 1447 1718 quod
1492 1640 1774 1702 Jehovah
1826 1640 2097 1715 equitare
2146 1639 2366 1697 fecerit
2415 1656 2534 1698 eum

420 1757 606 1818 super
659 1725 1186 1813 excelsis’terraffi
1243 1750 1304 1801 et
1344 1743 1635 1801 cibaverit
1679 1744 1976 1816 proventu
2019 1755 2337 1815 agrorum3
2395 1739 2535 1797 bona

420 1840 709 1898 coelestia
745 1845 804 1897 et
838 1842 1176 1916 spiritualia
1213 1860 1366 1919 quae
1405 1843 1524 1901 illis
1573 1861 1684 1919 per
1731 1858 1904 1914 vera,
1971 1838 2400 1899 describuntur
2437 1856 2534 1915 per

420 1939 582 2016 quod
616 1955 832 2015 sugere
867 1941 1079 2000 fecerit
1115 1960 1251 2000 eum
1284 1943 1403 2001 mel
1443 1961 1474 2001 e
1511 1961 1689 2020 rupe,
1731 1946 1790 1998 et
1816 1940 2015 1999 oleum
2054 1957 2085 1999 e
2124 1955 2276 1997 saxo
2313 1946 2531 2015 petrae3

417 2039 697 2116 butyrum
734 2044 983 2099 armenti
1024 2051 1082 2100 et
1115 2043 1209 2100 lac
1246 2045 1445 2119 gregis
1478 2060 1611 2102 cum
1648 2044 1824 2117 adipe
1863 2058 2153 2118 agnorum
2191 2045 2252 2097 et
2288 2042 2533 2099 arietum

419 2138 674 2199 filiorum
709 2140 1044 2200 Baschanis
1084 2149 1143 2200 et
1178 2143 1509 2212 hircorum,
1565 2161 1700 2203 cum
1747 2142 1925 2217 adipe
1969 2158 2178 2198 renum
2218 2141 2433 2214 tritici,
2484 2146 2534 2198 et

420 2243 772 2317 sanguinem
809 2259 1058 2299 uvarum
1094 2242 1251 2302 bibis
1288 2261 1549 2318 merum,
1592 2247 1851 2303 triticum
1891 2240 2183 2318 significat
2221 2239 2306 2297 ibi
2342 2242 2400 2298 in
2440 2257 2534 2316 ge-

418 2359 563 2402 nere
596 2358 768 2401 omne
804 2340 1053 2415 bonum,
1096 2348 1155 2402 et
1191 2345 1437 2420 sanguis
1475 2362 1729 2403 uvarum
1754 2359 1823 2401 ac
1850 2359 2081 2401 merum
2118 2357 2296 2399 omne
2336 2357 2531 2400 verum

416 2443 574 2502 inde.
628 2442 811 2519 Apud
838 2443 1133 2501 Davidem
1175 2443 1490 2517 „Utinam
1514 2441 1799 2523 populus
1833 2462 2010 2503 meus
2049 2439 2327 2501 obediret
2352 2438 2527 2514 Mihi,

415 2550 476 2606 et
516 2539 732 2603 Isran
766 2542 838 2602 in
888 2541 1015 2601 viis
1052 2543 1212 2603 meis
1249 2542 1675 2619 ambularent,
1732 2544 2000 2605 cibarem
2041 2560 2144 2601 eos
2185 2539 2383 2620 adipe
2422 2540 2530 2602 tri-

419 2643 537 2703 tici
554 2687 573 2718 ,
620 2650 680 2704 et
717 2662 750 2701 e
779 2648 974 2721 petra
1007 2641 1190 2703 melle
1218 2651 1580 2705 satur-arem
1619 2648 1771 2705 eos“
1807 2644 2043 2703 Psalm:
2081 2641 2389 2700 LXXXI:
2434 2644 2528 2699 14.

428 2746 457 2806 1
479 2748 510 2801 7
532 2761 554 2817 ς,
604 2761 715 2819 per
753 2742 992 2819 adipem
1033 2746 1239 2819 tritici,
1298 2753 1358 2803 et
1392 2764 1505 2822 per
1531 2745 1651 2804 mel
1681 2763 1713 2803 e
1749 2751 1953 2821 petra,
2011 2743 2228 2819 quibus
2265 2742 2528 2801 cibaren-

333 2869 336 2872 >
419 2849 518 2899 tur
558 2849 618 2900 et
651 2850 1068 2901 saturarentur
1103 2845 1476 2920 significatur
1511 2847 1731 2903 bonum
1772 2847 1960 2904 omnis
1997 2845 2237 2921 generis
2275 2861 2349 2901 ex
2387 2843 2529 2902 bono

417 2940 698 3012 coelesti,
740 2947 800 2999 et
824 2942 1168 3016 jucundum
1197 2946 1327 3022 ejus
1366 2963 1403 3003 a
1436 2946 1716 3019 Domin0,
1755 2963 1865 3021 per
1895 2945 2131 3021 adipem
2160 2945 2317 3002 enim
2354 2944 2526 3021 signi-

414 3041 629 3100 ficatur
676 3040 904 3099 bonum
955 3045 1248 3118 eoeleste,
1303 3062 1414 3121 per
1462 3048 1722 3105 triticum
1773 3044 1992 3103 bonum
2044 3045 2236 3103 omnis
2282 3044 2523 3120 generis,

418 3158 530 3217 per
562 3142 690 3199 mel
717 3141 1056 3218 jucundum
1097 3145 1270 3217 boni,
1323 3152 1385 3203 et
1420 3164 1531 3221 per
1566 3153 1798 3222 petram
1834 3144 2159 3219 Dominus;
2200 3143 2364 3219 quod
2393 3143 2525 3201 haec

416 3241 537 3300 illis
588 3244 641 3300 si
690 3242 901 3299 vivant
949 3244 1277 3303 secundum
1330 3253 1662 3321 praecepta
1703 3245 1978 3319 Domini,
2034 3244 2388 3320 intelligitur
2429 3258 2525 3319 per

418 3342 650 3400 utinam
695 3342 962 3419 populus
1010 3361 1181 3403 meus
1232 3343 1503 3404 obediret
1549 3345 1723 3421 Mihi,
1788 3352 1850 3404 et
1893 3345 2086 3404 Israel
2122 3346 2187 3402 in
2237 3346 2353 3402 viis
2387 3344 2519 3400 meis

419 3442 829 3517 ambularent,
884 3444 1018 3501 viae
1054 3446 1115 3502 in
1166 3445 1372 3504 Verbo
1413 3446 1751 3521 significant
1794 3462 1941 3504 vera
1985 3452 2045 3504 et
2080 3461 2321 3521 quoque
2357 3457 2518 3520 prae-

417 3550 626 3621 cepta,
664 3561 735 3603 ac
763 3543 1073 3603 ambulare
1111 3544 1407 3621 significat
1442 3548 1666 3605 vivere.
1733 3545 1910 3621 Apud
1947 3545 2217 3604 Eundem
2251 3540 2520 3619 „Lauda

413 3641 877 3723 Hierosolyma
916 3641 1252 3720 Jehovam,
1311 3641 1610 3705 collauda
1648 3645 1825 3705 Zion
1859 3644 2082 3705 Deum
2123 3650 2335 3718 tuum,
2388 3659 2518 3703 nam

404 3744 635 3824 firmat
681 3749 879 3803 vectes
929 3751 1272 3823 portarum
1327 3752 1586 3806 tuarum
1604 3766 1625 3806 .·
1713 3744 2016 3806 benedicit
2060 3742 2235 3826 filiis
2291 3743 2421 3803 tui-s·
2461 3741 2517 3801 in

414 3840 621 3901 medio
672 3841 799 3915 tui,
856 3844 968 3920 qui
992 3844 1183 3922 ponit
1222 3844 1560 3906 terminum
1599 3852 1781 3910 tuum
1808 3863 2060 3925 pacem,
2116 3844 2312 3923 adipe
2357 3841 2513 3903 triti-

412 3957 629 4001 corum
667 3940 873 4000 satiat
916 3946 1022 4002 te“
1070 3944 1304 4002 Psalm:
1359 3944 1679 4005 CXLVII:
1743 3949 1850 4005 12.
1899 3947 2010 4004 13.
2065 3950 2185 4022 143
2237 3961 2349 4021 per
2380 3943 2513 4001 Hie-

414 4037 773 4115 rosolymam
803 4046 863 4097 et
899 4041 1148 4101 Zionem
1181 4043 1532 4121 intelligitur
1567 4046 1869 4119 Ecclesia,
1908 4062 2020 4123 per
2053 4042 2512 4120 Hierosolymam

413 4138 688 4198 Ecclesia
726 4139 925 4213 quoad
957 4158 1104 4201 vera
1141 4141 1477 4219 doctrinae,
1530 4152 1590 4204 et
1618 4164 1731 4223 per
1758 4146 2009 4207 Zionem
2033 4145 2311 4205 Ecclesia
2337 4136 2511 4219 quoad

413 4240 572 4298 bona
608 4238 860 4314 amoris3
905 4244 1004 4318 qui
1039 4246 1208 4320 ponit
1243 4247 1559 4305 terminum
1597 4254 1762 4326 tuum
1803 4263 2036 4323 pacem,
2076 4244 2365 4323 significat
2397 4256 2510 4300 om-
