2791 4778
495 381 602 433 160
802 369 1295 426 APOCALYPSIS
1336 370 1773 428 EXPLICATA.
1839 371 1886 439 §0
1931 379 2242 434 347—349.

650 531 812 589 347.
868 525 1059 589 Vers:
1106 529 1216 587 14.
1263 525 1362 588 Et
1403 532 1678 608 quatuor
1700 524 2040 589 Animalia
2072 526 2346 591 dicebant
2365 528 2546 601 Amen,-

492 634 552 690 εἰ
588 626 824 707 viyz'ntz'
861 634 1134 706 quatuor
1169 627 1464 690 seniores
1484 627 1899 708 prociderunt
1943 634 2008 689 et
2032 627 2430 690 adoraverunt
2460 627 2546 690 Vi-

493 732 731 789 ventem
770 726 842 787 in
890 725 1149 789 saecula
1197 725 1613 790 saeculorum.
1672 728 1748 787 Et
1809 736 2066 805 quatuor
2097 729 2383 790 Animalia
2421 729 2548 788 dice-

491 829 638 888 bant
671 827 899 902 Amen,
953 828 1250 905 significat
1284 829 1787 889 confirmationem
1823 846 1860 887 a
1892 829 2150 889 Domino
2187 848 2260 891 ex
2295 829 2456 890 Coelo
2482 830 2550 887 in-

492 932 670 988 timo:
724 934 788 987 et
824 930 1029 1004 viginti
1065 935 1322 1005 quatuor
1358 930 1642 991 Seniores
1677 929 2064 1007 prociderunt
2116 939 2177 991 ct
2212 931 2552 990 adoraverunt

492 1029 811 1088 viventem
857 1030 918 1086 in
954 1028 1200 1088 saecula
1234 1029 1654 1105 saeculorum,
1710 1029 2006 1107 significat
2049 1029 2487 1090 humiliationem
2512 1032 2555 1087 et

492 1131 854 1207 agnitionem
892 1145 966 1187 ex
1008 1129 1186 1189 corde
1224 1131 1485 1188 omnium
1523 1131 1627 1206 qui
1663 1132 1724 1189 in
1760 1132 1920 1189 veris
1959 1147 2034 1190 ex
2068 1130 2226 1191 bono
2263 1138 2408 1204 sunt,
2440 1126 2557 1206 quod

490 1230 783 1289 Dominus
820 1227 998 1288 Solus
1036 1231 1223 1303 vivat,
1277 1237 1337 1289 et
1373 1230 1534 1306 quod
1582 1231 1658 1290 ab
1693 1231 1837 1308 Ipso
1876 1228 2019 1290 Solo
2070 1233 2149 1291 sit
2192 1234 2316 1292 vita
2346 1236 2555 1291 aeterna.

292 1345 452 1406 [450]
655 1332 814 1389 348.
866 1329 943 1388 Et
996 1337 1249 1406 quatuor
1283 1330 1587 1389 Animalia
1640 1330 1918 1391 dicebant
1952 1348 2166 1409 amen,
2227 1331 2382 1409 quod
2409 1329 2555 1407 signi-

488 1430 627 1490 ficet
661 1427 1163 1489 confirmationem
1197 1446 1236 1487 a
1269 1429 1528 1490 Domino
1565 1448 1598 1489 e
1635 1430 1819 1492 Coelo
1853 1432 2091 1507 intimo,
2146 1437 2381 1493 constat
2411 1448 2475 1490 ex
2499 1430 2558 1487 si-

482 1521 868 1608 gnificatione
924 1537 1178 1605 quatuor
1227 1529 1594 1591 Animalium
1654 1548 1765 1591 seu
1820 1530 2270 1607 Cher-ahmam,
2327 1529 2481 1609 *quod
2519 1529 2561 1585 in

495 1647 777 1707 supremo
804 1645 988 1689 sensu
1016 1632 1136 1689 sint
1160 1630 1454 1691 Dominus
1483 1631 1682 1709 quoad
1707 1631 2154 1692 Providentiam
2185 1640 2247 1694 et
2274 1630 2562 1694 Custodiam

494 1748 570 1790 ne
597 1730 851 1789 adeatur
884 1731 998 1788 nisi
1026 1747 1204 1806 quam
1232 1748 1343 1807 per
1366 1731 1590 1791 bonum
1620 1733 1859 1804 amoris,
1895 1731 1970 1791 de
1997 1750 2119 1809 qua
2146 1750 2335 1812 supra
2368 1750 2430 1790 n:
2461 1729 2556 1788 152

492 1831 532 1889 f.
588 1833 674 1888 27
692 1834 750 1903 7;
808 1834 868 1888 et
902 1831 961 1886 in
998 1846 1182 1890 sensu
1218 1834 1559 1908 respectivo
1597 1832 1846 1894 Coelum
1880 1833 2152 1893 intimum
2202 1852 2314 1896 seu
2347 1833 2559 1901 tertium,

493 1948 567 1986 n:
611 1930 772 1990 313.
819 1931 979 2005 3223
1019 1938 1078 1990 et
1114 1948 1187 1989 ex
1216 1932 1648 2009 significatione
1693 1951 1898 2008 amen,
1939 1933 2099 2009 quod
2134 1937 2216 1994 sit
2250 1929 2562 1995 confirmatio

497 2048 534 2088 a
576 2030 793 2088 Divino
831 2037 890 2088 et
918 2028 1174 2106 Veritas,
1215 2032 1288 2091 de
1328 2050 1448 2109 qua
1484 2036 1663 2093 etiam
1701 2051 1887 2110 supra
1920 2050 1995 2093 nt
2040 2035 2149 2094 34.
2189 2038 2364 2096 228:
2414 2030 2564 2093 exhis

494 2136 693 2208 patet,
751 2131 908 2207 quod
943 2149 1053 2207 per
1087 2138 1341 2208 quatuor
1375 2133 1656 2193 animalia
1691 2133 1967 2194 dicebaut
2002 2147 2179 2194 amen
2201 2181 2218 2210 ,
2255 2134 2564 2213 significatur

495 2229 860 2292 confirmatio
898 2248 935 2288 a
958 2231 1216 2291 Domino
1253 2249 1327 2291 ex
1358 2231 1542 2293 Coelo
1578 2237 1801 2293 intimo.
1858 2233 2035 2310 Quod
2070 2235 2176 2295 illa
2213 2254 2366 2314 quae
2399 2235 2563 2293 hacte-

492 2349 603 2393 nus
642 2332 803 2392 dicta
839 2338 977 2392 sunt
1013 2332 1087 2393 ab
1125 2332 1374 2410 Angelis
1424 2335 1600 2394 trium
1640 2333 1989 2408 coelorum,
2044 2336 2392 2397 confirmata
2420 2335 2515 2394 siut
2540 2344 2567 2386 a

491 2436 778 2505 Domino,
834 2444 926 2493 est
963 2435 1102 2510 quia
1153 2435 1348 2492 omnIa
1393 2452 1548 2511 quae
1585 2435 1894 2510 dixerunt,
1960 2454 2078 2496 non
2123 2437 2201 2496 ab
2239 2439 2384 2515 ipsis
2428 2431 2567 2492 seda
2648 2418 2665 2525 ᾖ

493 2535 749 2594 Domino
797 2541 997 2609 erant3
1056 2541 1186 2592 erat
1235 2535 1390 2592 enim
1442 2538 1663 2611 agnitio
1712 2535 1914 2613 Ipsius
1963 2536 2169 2597 Divini
2223 2541 2282 2598 in
2317 2537 2565 2603 Humano,
2648 2548 2665 2623 χ

492 2633 847 2711 glorificatio
886 2641 1241 2711 propterea,
1300 2642 1361 2692 et
1397 2638 1721 2711 gratiarum
1772 2637 1927 2695 actio
1976 2636 2136 2713 quod
2185 2655 2359 2697 omne
2391 2636 2569 2694 bonum

497 2742 558 2790 et
587 2750 822 2807 verum,
865 2741 925 2792 ct
957 2733 1097 2793 inde
1134 2736 1322 2793 omnis
1363 2737 1664 2812 sapientia
1701 2742 1761 2795 et
1789 2736 2183 2815 intelligentia
2218 2742 2300 2796 sit
2335 2736 2406 2795 ab
2429 2734 2568 2811 Ipso;

496 2833 648 2891 haec
685 2850 800 2892 non
835 2832 1034 2893 dicere
1070 2841 1395 2911 potuerunt
1429 2834 1649 2913 Angeli
1684 2854 1716 2896 e
1746 2853 1830 2911 se,
1871 2837 1977 2897 sed
2016 2855 2053 2896 a
2084 2837 2348 2897 Domino
2382 2851 2480 2912 per
2501 2833 2568 2888 in·

497 2933 685 3017 terius
714 2932 1010 2993 dictamen
1045 2950 1152 2993 seu
1182 2935 1503 3012 influxum3
1543 2936 1760 3013 Angeli
1795 2939 1984 3013 enim,
2023 2938 2179 2996 sicut
2210 2937 2489 3008 homines,
2517 2944 2571 2987 ne

498 3031 738 3109 quidem
783 3035 1088 3094 nominare
1123 3042 1379 3111 possunt
1404 3034 1726 3095 Dominum
1761 3054 1800 3094 a
1833 3052 1918 3111 se,
1955 3036 2205 3113 proinde
2241 3054 2354 3098 nec
2390 3045 2570 3112 agnos·

493 3148 632 3192 cere
670 3138 730 3191 et
762 3132 1094 3210 glorificare
1129 3135 1338 3211 Ipsum
1367 3153 1406 3194 a
1432 3152 1499 3195 se
1510 3155 1527 3212 3
1565 3136 1701 3196 inde
1739 3142 1849 3206 est,
1896 3137 2053 3212 quod
2089 3155 2246 3214 quae
2286 3139 2443 3199 dicta
2465 3133 2573 3193 sunt

499 3231 575 3291 ab
613 3232 763 3308 illis,
805 3234 1150 3294 confirmata
1183 3238 1301 3295 sint
1336 3252 1374 3295 a
1402 3235 1657 3295 Domino
1693 3252 1804 3314 per
1839 3253 2043 3307 amen,
2077 3254 2202 3315 per·
2224 3238 2389 3315 quod
2421 3230 2570 3309 signi·

496 3332 710 3394 ficatur
752 3335 974 3397 veritas
1016 3333 1185 3405 fidei,
1234 3341 1294 3395 et
1333 3336 1474 3412 ipsa
1510 3335 1692 3396 fides:
1741 3336 2069 3397 secundum
2110 3336 2396 3399 Ordinem
2432 3329 2573 3394 Divi·

499 3452 640 3494 num
678 3436 854 3494 etiam
894 3441 1014 3505 est,
1051 3435 1212 3512 quod
1246 3435 1542 3495 Dominus
1579 3436 1886 3497 confirmet
1923 3453 2097 3510 vera,
2150 3455 2307 3514 quae
2344 3429 2573 3511 Angelus

495 3541 557 3598 et
589 3536 765 3596 homo
800 3534 1064 3613 loquitur
1110 3538 1267 3594 sicut
1312 3553 1388 3596 ex
1440 3552 1540 3610 se,
1595 3539 1838 3596 tametsi
1883 3554 2002 3596 non
2050 3554 2124 3596 ex
2158 3554 2256 3608 se,
2309 3536 2419 3598 sed
2458 3547 2571 3593 con·

489 3636 686 3695 firmat
717 3636 822 3695 illa
855 3638 914 3695 in
944 3635 1123 3695 corde
1155 3636 1284 3713 ejus
1319 3654 1431 3712 per
1457 3636 1877 3697 affirmativum
1906 3654 2023 3696 non
2050 3638 2365 3697 manifeste
2391 3646 2572 3695 ascen-

492 3736 638 3796 dens
685 3738 747 3795 in
801 3736 932 3813 ejus
986 3737 1443 3812 cogitationem,
1498 3736 1608 3797 sed
1659 3754 1771 3814 per
1823 3738 2062 3814 plenam
2104 3733 2573 3814 acquiescentiam

493 3837 672 3894 animi
704 3835 1128 3910 procedentem
1168 3853 1241 3895 ex
1278 3836 1593 3898 affectione
1628 3840 1882 3913 interna,
1923 3855 2079 3914 quae
2116 3844 2212 3897 est
2251 3856 2327 3897 ex
2360 3850 2502 3914 pace
2531 3831 2574 3887 et

494 3933 626 4011 ejus
653 3934 953 4012 jucundo:
989 3935 1140 3997 haec
1178 3936 1545 3997 confirmatio
1575 3943 1687 4010 est,
1719 3956 1875 4014 quae
1910 3956 2022 4017 per
2045 3938 2202 3998 hanc
2235 3937 2574 3996 manifestam

493 4050 531 4091 a
566 4032 844 4093 Johanne
883 4034 1142 4095 auditam
1177 4038 1241 4094 in
1274 4039 1533 4114 genuino
1569 4054 1755 4097 sensu
1789 4040 2023 4099 interno
2059 4038 2423 4115 intelligitur.

652 4134 813 4194 349.
867 4132 944 4192 Et
977 4137 1183 4212 viginti
1219 4145 1475 4213 quatuor
1499 4140 1770 4197 seniores
1806 4138 2193 4216 prociderunt
2229 4146 2288 4197 et
2312 4136 2573 4196 adorave-

490 4239 626 4292 runt
662 4233 982 4295 Viventem
1030 4238 1092 4294 in
1138 4237 1386 4295 saecula
1421 4238 1835 4308 saeculorum,
1890 4238 2051 4315 quod
2085 4238 2374 4315 significet
2407 4229 2572 4293 humi-
