2791 4778
516 332 586 383 12
693 397 699 403 ι
842 317 1334 374 APOCALYPSIS
1377 316 1814 374 EXPLICATA.
1881 316 1928 385 §0
1970 326 2100 378 299·
2145 324 2275 378 300.

517 486 578 540 et
629 479 927 538 hominem
982 477 1058 536 ad
1105 477 1424 553 imaginem
1463 473 1659 550 Coeli,
1729 481 2095 552 quapropter
2141 474 2203 535 Is
2259 476 2385 535 scit
2457 478 2649 535 omni

518 577 691 639 Coeli
714 580 774 637 in
803 580 1116 650 communi,
1159 585 1218 635 et
1255 579 1355 652 qui
1382 578 1496 635 scit
1521 577 1720 647 omnia
1748 573 1918 635 Coeli
1949 577 2009 633 in
2039 576 2360 649 communi,
2400 578 2462 635 is
2507 593 2645 651 quo

516 695 635 756 que
670 680 785 737 scit
820 678 1279 753 unumquemvis
1316 678 1376 736 in
1413 675 1792 752 particulari,
1842 692 1981 733 nam
2017 675 2193 734 homo
2244 677 2349 750 qui
2386 677 2458 735 in
2498 676 2650 733 veri

515 795 594 838 ex
624 777 782 836 bono
822 783 917 837 est
952 783 1013 835 et
1039 774 1308 853 Angelus
1338 781 1433 834 est
1457 778 1656 851 imago
1687 774 1872 848 Coeli,
1916 780 2008 833 est
2044 778 2199 834 enim
2235 774 2441 834 forma
2484 774 2636 850 ejus

515 877 656 938 inde
694 894 930 954 quoque
958 878 1255 953 sequitur,
1296 874 1457 951 quod
1491 891 1664 934 nemo
1701 876 1853 934 sciat
1888 874 2141 951 alicujus
2170 881 2367 933 status
2411 877 2477 933 in
2508 891 2651 950 par-

514 976 772 1052 ticulari,
812 978 931 1036 nisi
965 978 1066 1052 qui
1101 976 1215 1035 scit
1243 981 1463 1034 statum
1501 977 1761 1033 omnium
1796 991 2186 1048 communem,
2224 974 2463 1050 pendet
2497 976 2651 1033 enin

513 1076 811 1137 indivulse
863 1094 1045 1135 unum
1092 1075 1169 1134 ab
1205 1074 1428 1134 altero:
1483 1075 1595 1134 sed
1626 1074 1778 1134 haec
1816 1090 1931 1134 non
1969 1077 2179 1151 paucis
2215 1080 2487 1150 possunt
2544 1073 2651 1132 de-

514 1176 729 1250 scribi,
788 1194 970 1253 quare
1009 1176 1321 1235 videantur
1357 1191 1512 1250 quae
1548 1177 1610 1233 in
1647 1173 1846 1251 Opere
1885 1174 1957 1234 de
1999 1173 2204 1233 Coeno
2236 1192 2314 1233 m·
2354 1174 2651 1233 Ins-sanc

518 1282 764 1337 ostensa
823 1283 994 1349 sunt,
1051 1276 1156 1334 ubi
1217 1276 1550 1334 distinctius
1601 1280 1662 1333 et
1703 1275 2081 1351 perspicuius
2132 1273 2283 1332 haec
2331 1273 2651 1349 descripta

311 1377 474 1439 [350]
516 1384 690 1453 sunt,
746 1379 806 1434 in
842 1377 1231 1454 sequentibus
1268 1375 1362 1433 his
1400 1374 1666 1434 articulis
1689 1418 1705 1449 ,
1746 1374 1906 1451 quod
1938 1374 2224 1433 Divinum
2259 1374 2515 1432 Domini
2552 1372 2651 1431 sa-

514 1480 634 1538 ciat
685 1476 964 1551 Ocelum,
1019 1495 1091 1537 n:
1139 1482 1170 1536 7
1231 1475 1310 1534 ad
1351 1478 1470 1535 12:
1535 1474 1693 1552 quod
1752 1476 2162 1551 unusquisque
2222 1473 2505 1551 Angelus
2571 1474 2651 1531 sit

513 1576 763 1638 Coelum
805 1579 866 1636 in
914 1579 1156 1635 minima
1206 1575 1431 1650 forma,
1486 1595 1559 1635 n:
1616 1576 1696 1635 51
1754 1575 1832 1634 ad
1885 1576 2007 1635 58:
2072 1573 2231 1650 quod
2285 1577 2651 1637 universum

515 1676 764 1738 Goelum
810 1680 872 1736 in
907 1677 1225 1753 complexu
1274 1676 1496 1735 reserat
1544 1693 1727 1735 unum
1761 1676 2089 1750 hominem,
2143 1691 2217 1733 n:
2263 1676 2350 1734 59
2404 1673 2484 1732 ad
2528 1675 2616 1731 67
2632 1693 2648 1731 ε

512 1777 740 1854 pariter
767 1779 1134 1854 unaquaevis
1166 1778 1425 1835 societas
1452 1776 1552 1847 ibi,
1591 1794 1665 1834 n:
1705 1777 1791 1835 68
1825 1775 1904 1835 ad
1938 1778 2047 1834 72:
2088 1774 2248 1850 quod
2273 1773 2416 1833 inde
2447 1789 2643 1832 unus—

517 1878 772 1952 quisque
801 1875 1071 1953 Angelus
1108 1878 1185 1934 sit
1218 1878 1278 1932 in
1314 1877 1586 1951 perfecta
1619 1875 1811 1934 forma
1842 1876 2131 1951 humana,
2170 1893 2239 1933 n:
2276 1876 2361 1934 73
2403 1873 2482 1932 ad
2527 1877 2558 1931 7
2577 1878 2639 1931 7:

519 1975 680 2052 quod
716 1973 962 2034 Ocelum
997 1976 1058 2032 in
1093 1980 1214 2034 toto
1255 1981 1315 2033 et
1347 1977 1410 2034 in
1444 1981 1616 2052 parte
1651 1976 1875 2035 reserat
1896 1975 2215 2050 hominem,
2256 1974 2417 2051 quod
2451 1975 2531 2032 sit
2566 1990 2640 2034 ex

516 2075 738 2137 Divino
774 2074 1050 2134 Humano
1085 2074 1345 2149 Domini,
1383 2093 1457 2133 nt
1503 2080 1587 2136 78
1628 2075 1706 2134 ad
1748 2079 1859 2135 87:
1913 2075 2073 2152 quod
2109 2074 2638 2151 correspondentia

518 2176 596 2234 sit
631 2177 892 2234 omnium
930 2174 1098 2234 Coeli
1151 2192 1285 2233 cum
1323 2175 1594 2235 omnibus
1630 2175 1912 2252 hominis,
1962 2194 2039 2234 n:
2082 2177 2165 2235 87
2210 2174 2289 2234 ad
2333 2176 2499 2234 102:
2557 2173 2633 2233 de

518 2276 933 2354 conjunctione
988 2273 1157 2335 Coeli
1216 2292 1348 2334 cum
1393 2275 1669 2335 Humano
1733 2293 1989 2352 genere,
2052 2294 2127 2334 n:
2172 2278 2302 2334 291
2350 2275 2426 2334 ad
2466 2275 2627 2333 302.

520 2374 840 2437 Sciendum
879 2381 1004 2448 est,
1060 2375 1219 2453 quod
1251 2375 1348 2435 hic
1386 2383 1446 2435 et
1482 2375 1624 2436 alibi
1659 2379 1719 2436 in
1753 2375 1957 2437 Verbo
2008 2375 2238 2435 dicatur
2273 2360 2626 2453 Liber,’sed

517 2478 677 2553 quod
709 2496 821 2555 per
854 2477 1021 2538 illum
1058 2477 1432 2553 intelligatur
1465 2477 1795 2550 Volumen;
1851 2478 2110 2552 antiquis
2149 2479 2303 2535 enim
2337 2473 2620 2549 tempori-

514 2578 628 2637 bus
665 2581 955 2655 scriptum
991 2578 1102 2637 suit
1137 2595 1323 2653 super
1356 2578 1758 2651 MembraniS‚
1801 2593 1956 2653 quae
1994 2576 2526 2648 convolvebantur,
2565 2579 2626 2632 et

517 2677 863 2736 membrana
898 2677 1226 2736 vocabatur
1261 2676 1443 2736 Liber
1480 2685 1539 2736 et
1574 2677 1872 2736 Volumen
1906 2676 2071 2751 libri,
2111 2682 2177 2735 ut
2217 2693 2449 2752 quoque
2482 2691 2622 2756 con-

519 2782 680 2835 stare
714 2782 916 2852 potest
951 2793 1025 2834 ex
1060 2775 1298 2850 Verb03
1355 2782 1425 2834 ut
1459 2777 1621 2852 apud
1654 2776 2034 2837 Ezechielem
2072 2820 2109 2851 „
2132 2773 2291 2837 Vidi
2328 2794 2462 2837 cum
2494 2790 2620 2834 ecce

517 2892 748 2936 manus
781 2874 1018 2935 emissa
1057 2872 1147 2934 ad
1181 2893 1292 2949 me,
1330 2879 1388 2934 et
1426 2893 1555 2935 ecce
1593 2876 1662 2935 in
1686 2894 1761 2935 ea
1800 2874 2102 2937 Volumen
2136 2873 2288 2937 libri
2321 2876 2621 2955 scriptum

519 2980 667 3036 ante
699 2980 759 3035 et
782 2977 983 3053 post‘<
1020 2974 1114 3034 II:
1153 2977 1210 3032 9.
1249 2978 1370 3034 10:
1412 2982 1472 3035 et
1508 2976 1673 3052 apud
1706 2976 2001 3035 Davidem
2040 2976 2262 3052 „Tum
2291 2975 2461 3046 dixi,
2496 2991 2621 3034 ecce

519 3074 725 3150 venie,
763 3074 834 3135 in
876 3070 1206 3138 Volumine
1231 3070 1383 3135 libri
1406 3074 1716 3156 smptum
1750 3081 1845 3136 est
1872 3074 1950 3135 de
1972 3080 2115 3137 me“
2151 3076 2370 3137 Psalm:
2396 3076 2519 3137 XL:
2551 3076 2612 3133 8:

520 3182 888 3253 quapropter
913 3175 1128 3234 dicitur
1154 3175 1315 3251 apud
1338 3175 1583 3253 Esajam
1612 3220 1650 3252 „
1662 3174 2059 3237 Contabescet
2085 3176 2293 3237 omnis
2318 3173 2614 3237 eoeercitus

420 3291 436 3310 ⁴
520 3272 858 3350 coelorum,
911 3280 971 3334 et
1016 3271 1189 3336 Coeli
1229 3274 1668 3338 convolventur
1704 3277 1873 3338 sicut
1926 3274 2228 3348 Volumen
2250 3280 2288 3311 “
2334 3274 2609 3336 XXXIV:

525 3380 600 3436 4:
655 3375 928 3435 similiter
960 3376 1020 3432 in
1053 3374 1428 3453 Apocalypsi
1462 3420 1501 3451 „
1514 3373 1769 3438 Ocelum
1804 3376 2109 3437 abscessit
2142 3376 2309 3437 sicut
2342 3374 2483 3437 liber
2505 3373 2609 3453 qui

520 3472 956 3538 convolvitur“
998 3475 1117 3536 VI:
1177 3479 1296 3552 143
1351 3494 1429 3536 ex
1470 3477 1565 3535 his
1621 3478 1763 3537 sciri
1805 3483 2036 3553 potest,
2095 3476 2382 3553 quomodo
2423 3474 2607 3546 Liber,

521 3577 626 3653 qui
657 3577 922 3636 Johanni
955 3576 1154 3649 visuS,
1210 3578 1471 3654 scriptus
1508 3582 1603 3637 est
1633 3578 1796 3636 intus
1837 3583 1897 3637 et
1931 3594 1968 3635 a
2003 3583 2189 3654 tergo.

678 3677 839 3736 300.
896 3675 1286 3753 obsignatum
1323 3676 1537 3753 sigillis
1578 3683 1831 3753 septem,
1869 3675 2029 3754 quod
2058 3675 2349 3753 significet
2378 3689 2603 3752 prorsus

521 3776 920 3847 reconditum,
972 3793 1187 3852 nempe
1223 3759 1448 3836 statum
1483 3779 1641 3836 vitae
1679 3779 1940 3836 omnium
1974 3779 2031 3834 in
2064 3775 2245 3836 Coelo
2285 3778 2416 3835 etin
2440 3781 2597 3849 terra,

519 3880 758 3935 constat
806 3892 881 3936 ex
917 3875 1346 3952 significatione
1395 3877 1698 3954 obsignari
1746 3876 1991 3954 sigillis,
2059 3877 2216 3954 quod
2262 3879 2341 3935 sit
2369 3874 2597 3948 recondi,

517 3992 657 4035 nam
720 3974 862 4052 quid
907 3978 970 4035 in
1010 3975 1173 4036 libro
1223 3977 1538 4054 obsignato
1592 3976 1804 4053 siglllis
1861 3979 2231 4051 continetur,
2295 3992 2452 4037 nemo
2496 3975 2597 4033 scit

518 4076 869 4154 priusquam
933 4079 1197 4154 aperitur
1246 4083 1306 4137 et
1347 4076 1598 4153 legitur3
1667 4081 1727 4135 et
1776 4093 1852 4135 ex
1901 4077 2330 4154 significatione
2374 4080 2591 4152 septem,

522 4176 683 4255 quod
733 4179 850 4238 sint
900 4193 1107 4238 omnes
1163 4183 1222 4238 et
1276 4178 1501 4253 omnia,
1566 4192 1635 4237 ac
1681 4175 1927 4254 plenum
1988 4185 2049 4238 et
2091 4182 2307 4252 totum,
2375 4176 2438 4236 de
2492 4191 2595 4251 qua
