<?xml version="1.0" encoding="UTF-8"?>
<!DOCTYPE html PUBLIC "-//W3C//DTD XHTML 1.0 Transitional//EN"
    "http://www.w3.org/TR/xhtml1/DTD/xhtml1-transitional.dtd">
<html xmlns="http://www.w3.org/1999/xhtml" xml:lang="en" lang="en">
 <head>
  <title>
</title>
<meta http-equiv="Content-Type" content="text/html;charset=utf-8" />
  <meta name='ocr-system' content='tesseract 3.04.00' />
  <meta name='ocr-capabilities' content='ocr_page ocr_carea ocr_par ocr_line ocrx_word'/>
</head>
<body>
  <div class='ocr_page' id='page_1' title='image "apocalypsisexpl03swedgoog_0280.png"; bbox 0 0 2791 4778; ppageno 0'>
   <div class='ocr_carea' id='block_1_1' title="bbox 502 349 2660 523">
    <p class='ocr_par' dir='ltr' id='par_1_1' title="bbox 502 349 2660 523">
     <span class='ocr_line' id='line_1_1' title="bbox 502 349 2176 420; baseline -0.005 -7"><span class='ocrx_word' id='word_1_1' title='bbox 502 361 613 413; x_wconf 72' lang='lat'>258</span> <span class='ocrx_word' id='word_1_2' title='bbox 911 350 1411 407; x_wconf 74' lang='lat' dir='ltr'>APOCALYPSIS</span> <span class='ocrx_word' id='word_1_3' title='bbox 1456 349 1891 407; x_wconf 81' lang='lat' dir='ltr'>EXPLICATA.</span> <span class='ocrx_word' id='word_1_4' title='bbox 1961 352 2007 420; x_wconf 62' lang='grc' dir='ltr'>ς.</span> <span class='ocrx_word' id='word_1_5' title='bbox 2053 361 2176 414; x_wconf 80' lang='lat'>375.</span> 
     </span>
     <span class='ocr_line' id='line_1_2' title="bbox 2646 452 2660 523; baseline 0 0"><span class='ocrx_word' id='word_1_6' title='bbox 2646 452 2660 523; x_wconf 76' lang='grc'><strong>4</strong></span> 
     </span>
    </p>
   </div>
   <div class='ocr_carea' id='block_1_2' title="bbox 294 507 2660 4277">
    <p class='ocr_par' dir='ltr' id='par_1_2' title="bbox 294 507 2660 4277">
     <span class='ocr_line' id='line_1_3' title="bbox 503 507 2660 583; baseline -0.001 -14"><span class='ocrx_word' id='word_1_7' title='bbox 503 519 626 579; x_wconf 88' lang='lat' dir='ltr'>est,</span> <span class='ocrx_word' id='word_1_8' title='bbox 665 516 727 567; x_wconf 89' lang='lat' dir='ltr'>et</span> <span class='ocrx_word' id='word_1_9' title='bbox 765 508 903 568; x_wconf 90' lang='lat' dir='ltr'>inde</span> <span class='ocrx_word' id='word_1_10' title='bbox 943 510 1140 567; x_wconf 89' lang='lat' dir='ltr'>omnia</span> <span class='ocrx_word' id='word_1_11' title='bbox 1175 510 1234 566; x_wconf 89' lang='lat' dir='ltr'>in</span> <span class='ocrx_word' id='word_1_12' title='bbox 1275 507 1476 566; x_wconf 86' lang='lat' dir='ltr'>Coelis</span> <span class='ocrx_word' id='word_1_13' title='bbox 1514 514 1574 567; x_wconf 89' lang='lat' dir='ltr'>et</span> <span class='ocrx_word' id='word_1_14' title='bbox 1594 509 1670 566; x_wconf 81' lang='lat' dir='ltr'>&#39;in</span> <span class='ocrx_word' id='word_1_15' title='bbox 1704 509 1949 568; x_wconf 76' lang='lat' dir='ltr'>infernis</span> <span class='ocrx_word' id='word_1_16' title='bbox 1984 512 2043 568; x_wconf 90' lang='lat' dir='ltr'>in</span> <span class='ocrx_word' id='word_1_17' title='bbox 2081 508 2331 567; x_wconf 82' lang='lat' dir='ltr'>ordinem</span> <span class='ocrx_word' id='word_1_18' title='bbox 2353 507 2550 567; x_wconf 81' lang='lat' dir='ltr'>redacta</span> <span class='ocrx_word' id='word_1_19' title='bbox 2646 528 2660 583; x_wconf 67' lang='lat' dir='ltr'>q</span> 
     </span>
     <span class='ocr_line' id='line_1_4' title="bbox 500 608 2549 685; baseline 0 -17"><span class='ocrx_word' id='word_1_20' title='bbox 500 615 666 683; x_wconf 88' lang='lat' dir='ltr'>sunt,</span> <span class='ocrx_word' id='word_1_21' title='bbox 725 615 787 667; x_wconf 90' lang='lat' dir='ltr'>et</span> <span class='ocrx_word' id='word_1_22' title='bbox 831 610 917 667; x_wconf 90' lang='lat' dir='ltr'>sic</span> <span class='ocrx_word' id='word_1_23' title='bbox 972 626 1007 666; x_wconf 92' lang='lat' dir='ltr'>a</span> <span class='ocrx_word' id='word_1_24' title='bbox 1052 609 1310 666; x_wconf 88' lang='lat' dir='ltr'>Domino</span> <span class='ocrx_word' id='word_1_25' title='bbox 1357 608 1664 684; x_wconf 83' lang='lat' dir='ltr'>provideri</span> <span class='ocrx_word' id='word_1_26' title='bbox 1698 614 1932 685; x_wconf 88' lang='lat' dir='ltr'>potest,</span> <span class='ocrx_word' id='word_1_27' title='bbox 1986 627 2061 669; x_wconf 88' lang='lat' dir='ltr'>ne</span> <span class='ocrx_word' id='word_1_28' title='bbox 2113 608 2549 685; x_wconf 82' lang='lat' dir='ltr'>prophanationes</span> 
     </span>
     <span class='ocr_line' id='line_1_5' title="bbox 500 708 2552 785; baseline 0 -21"><span class='ocrx_word' id='word_1_29' title='bbox 500 712 762 767; x_wconf 81' lang='lat' dir='ltr'>existant</span> <span class='ocrx_word' id='word_1_30' title='bbox 772 729 789 785; x_wconf 83' lang='lat'><em>3</em></span> <span class='ocrx_word' id='word_1_31' title='bbox 831 708 992 784; x_wconf 78' lang='lat' dir='ltr'>quod</span> <span class='ocrx_word' id='word_1_32' title='bbox 1025 724 1239 766; x_wconf 86' lang='lat' dir='ltr'>sensus</span> <span class='ocrx_word' id='word_1_33' title='bbox 1275 710 1544 768; x_wconf 85' lang='lat' dir='ltr'>internus</span> <span class='ocrx_word' id='word_1_34' title='bbox 1582 724 1691 766; x_wconf 89' lang='lat' dir='ltr'>seu</span> <span class='ocrx_word' id='word_1_35' title='bbox 1727 709 2058 784; x_wconf 88' lang='lat' dir='ltr'>spiritualis</span> <span class='ocrx_word' id='word_1_36' title='bbox 2087 711 2399 785; x_wconf 87' lang='lat' dir='ltr'>aperiretur</span> <span class='ocrx_word' id='word_1_37' title='bbox 2420 713 2552 784; x_wconf 84' lang='lat' dir='ltr'>post-</span> 
     </span>
     <span class='ocr_line' id='line_1_6' title="bbox 497 806 2552 885; baseline 0 -20"><span class='ocrx_word' id='word_1_38' title='bbox 497 826 673 883; x_wconf 82' lang='lat' dir='ltr'><strong>quam</strong></span> <span class='ocrx_word' id='word_1_39' title='bbox 713 808 981 867; x_wconf 88' lang='lat' dir='ltr'>ultimum</span> <span class='ocrx_word' id='word_1_40' title='bbox 1017 806 1324 866; x_wconf 84' lang='lat' dir='ltr'>Judicium</span> <span class='ocrx_word' id='word_1_41' title='bbox 1354 814 1666 883; x_wconf 87' lang='lat' dir='ltr'>peractum</span> <span class='ocrx_word' id='word_1_42' title='bbox 1706 816 1827 882; x_wconf 85' lang='lat' dir='ltr'>est,</span> <span class='ocrx_word' id='word_1_43' title='bbox 1883 809 2256 885; x_wconf 88' lang='lat' dir='ltr'>praedictum</span> <span class='ocrx_word' id='word_1_44' title='bbox 2292 814 2429 867; x_wconf 89' lang='lat' dir='ltr'>esta</span> <span class='ocrx_word' id='word_1_45' title='bbox 2454 808 2552 866; x_wconf 88' lang='lat' dir='ltr'>Do-</span> 
     </span>
     <span class='ocr_line' id='line_1_7' title="bbox 495 906 2553 984; baseline -0.001 -18"><span class='ocrx_word' id='word_1_46' title='bbox 495 911 653 968; x_wconf 89' lang='lat' dir='ltr'>mino</span> <span class='ocrx_word' id='word_1_47' title='bbox 690 911 748 967; x_wconf 81' lang='lat' dir='ltr'>in</span> <span class='ocrx_word' id='word_1_48' title='bbox 785 907 1184 984; x_wconf 81' lang='lat' dir='ltr'><strong>Apocalypsi,</strong></span> <span class='ocrx_word' id='word_1_49' title='bbox 1225 906 1298 965; x_wconf 89' lang='lat' dir='ltr'>de.</span> <span class='ocrx_word' id='word_1_50' title='bbox 1336 925 1456 984; x_wconf 86' lang='lat' dir='ltr'>qua</span> <span class='ocrx_word' id='word_1_51' title='bbox 1490 925 1554 966; x_wconf 87' lang='lat' dir='ltr'>re</span> <span class='ocrx_word' id='word_1_52' title='bbox 1593 909 1870 966; x_wconf 86' lang='lat' dir='ltr'>videatur</span> <span class='ocrx_word' id='word_1_53' title='bbox 1904 912 1962 967; x_wconf 91' lang='lat' dir='ltr'>in</span> <span class='ocrx_word' id='word_1_54' title='bbox 1992 908 2299 984; x_wconf 87' lang='lat' dir='ltr'>Opuseulo</span> <span class='ocrx_word' id='word_1_55' title='bbox 2332 907 2397 965; x_wconf 85' lang='lat' dir='ltr'>de</span> <span class='ocrx_word' id='word_1_56' title='bbox 2421 907 2553 973; x_wconf 80' lang='lat' dir='ltr'>Eone</span> 
     </span>
     <span class='ocr_line' id='line_1_8' title="bbox 495 1008 2549 1084; baseline -0.002 -17"><span class='ocrx_word' id='word_1_57' title='bbox 495 1009 689 1069; x_wconf 70' lang='lat' dir='ltr'>Anno,</span> <span class='ocrx_word' id='word_1_58' title='bbox 747 1008 924 1084; x_wconf 82' lang='lat' dir='ltr'>Quod</span> <span class='ocrx_word' id='word_1_59' title='bbox 950 1023 1065 1065; x_wconf 89' lang='lat' dir='ltr'>non</span> <span class='ocrx_word' id='word_1_60' title='bbox 1093 1008 1371 1065; x_wconf 89' lang='lat' dir='ltr'>damnum</span> <span class='ocrx_word' id='word_1_61' title='bbox 1409 1008 1731 1068; x_wconf 77' lang='lat' dir='ltr'>inferretur</span> <span class='ocrx_word' id='word_1_62' title='bbox 1768 1012 1975 1068; x_wconf 88' lang='lat' dir='ltr'>sensui</span> <span class='ocrx_word' id='word_1_63' title='bbox 2009 1010 2244 1067; x_wconf 87' lang='lat' dir='ltr'>interno</span> <span class='ocrx_word' id='word_1_64' title='bbox 2280 1025 2380 1066; x_wconf 87' lang='lat' dir='ltr'>seu</span> <span class='ocrx_word' id='word_1_65' title='bbox 2411 1008 2549 1082; x_wconf 85' lang='lat' dir='ltr'>spiri-</span> 
     </span>
     <span class='ocr_line' id='line_1_9' title="bbox 495 1106 2553 1185; baseline -0.001 -19"><span class='ocrx_word' id='word_1_66' title='bbox 495 1109 642 1167; x_wconf 90' lang='lat' dir='ltr'>tuali</span> <span class='ocrx_word' id='word_1_67' title='bbox 680 1108 900 1179; x_wconf 88' lang='lat' dir='ltr'>Verbi,</span> <span class='ocrx_word' id='word_1_68' title='bbox 959 1109 1134 1165; x_wconf 89' lang='lat' dir='ltr'>etiam</span> <span class='ocrx_word' id='word_1_69' title='bbox 1175 1107 1542 1185; x_wconf 84' lang='lat' dir='ltr'>significatur</span> <span class='ocrx_word' id='word_1_70' title='bbox 1569 1125 1679 1183; x_wconf 86' lang='lat' dir='ltr'>per</span> <span class='ocrx_word' id='word_1_71' title='bbox 1715 1109 1875 1183; x_wconf 89' lang='lat' dir='ltr'>quod</span> <span class='ocrx_word' id='word_1_72' title='bbox 1910 1114 2115 1166; x_wconf 86' lang='lat' dir='ltr'>vestes</span> <span class='ocrx_word' id='word_1_73' title='bbox 2154 1109 2383 1166; x_wconf 89' lang='lat' dir='ltr'>Domini</span> <span class='ocrx_word' id='word_1_74' title='bbox 2412 1124 2443 1163; x_wconf 90' lang='lat' dir='ltr'>a</span> <span class='ocrx_word' id='word_1_75' title='bbox 2470 1106 2553 1163; x_wconf 89' lang='lat' dir='ltr'>mi·</span> 
     </span>
     <span class='ocr_line' id='line_1_10' title="bbox 495 1204 2553 1284; baseline -0.002 -18"><span class='ocrx_word' id='word_1_76' title='bbox 495 1207 704 1268; x_wconf 91' lang='lat' dir='ltr'>litibus</span> <span class='ocrx_word' id='word_1_77' title='bbox 742 1208 972 1267; x_wconf 86' lang='lat' dir='ltr'>divisae</span> <span class='ocrx_word' id='word_1_78' title='bbox 1013 1207 1256 1278; x_wconf 83' lang='lat' dir='ltr'>suerint,</span> <span class='ocrx_word' id='word_1_79' title='bbox 1315 1214 1374 1265; x_wconf 92' lang='lat' dir='ltr'>et</span> <span class='ocrx_word' id='word_1_80' title='bbox 1411 1225 1525 1266; x_wconf 88' lang='lat' dir='ltr'>non</span> <span class='ocrx_word' id='word_1_81' title='bbox 1557 1209 1762 1265; x_wconf 87' lang='lat' dir='ltr'>tunica</span> <span class='ocrx_word' id='word_1_82' title='bbox 1797 1226 1951 1284; x_wconf 84' lang='lat' dir='ltr'>quae</span> <span class='ocrx_word' id='word_1_83' title='bbox 1990 1216 2123 1267; x_wconf 88' lang='lat' dir='ltr'>erat</span> <span class='ocrx_word' id='word_1_84' title='bbox 2157 1211 2448 1266; x_wconf 81' lang='lat' dir='ltr'>inconsuta</span> <span class='ocrx_word' id='word_1_85' title='bbox 2472 1204 2553 1263; x_wconf 83' lang='lat' dir='ltr'>de·</span> 
     </span>
     <span class='ocr_line' id='line_1_11' title="bbox 294 1305 2554 1384; baseline -0.006 -11"><span class='ocrx_word' id='word_1_86' title='bbox 294 1317 452 1378; x_wconf 81' lang='grc'>[516]</span> <span class='ocrx_word' id='word_1_87' title='bbox 496 1325 679 1384; x_wconf 87' lang='lat' dir='ltr'>super</span> <span class='ocrx_word' id='word_1_88' title='bbox 715 1314 879 1365; x_wconf 85' lang='lat' dir='ltr'>texta</span> <span class='ocrx_word' id='word_1_89' title='bbox 915 1325 1025 1382; x_wconf 86' lang='lat' dir='ltr'>per</span> <span class='ocrx_word' id='word_1_90' title='bbox 1060 1313 1267 1377; x_wconf 86' lang='lat' dir='ltr'>totum,</span> <span class='ocrx_word' id='word_1_91' title='bbox 1309 1307 1462 1365; x_wconf 79' lang='lat' dir='ltr'>Joh:</span> <span class='ocrx_word' id='word_1_92' title='bbox 1497 1307 1686 1365; x_wconf 85' lang='lat' dir='ltr'>XIX:</span> <span class='ocrx_word' id='word_1_93' title='bbox 1732 1310 1843 1366; x_wconf 83' lang='lat'>23.</span> <span class='ocrx_word' id='word_1_94' title='bbox 1890 1312 1973 1366; x_wconf 82' lang='lat'>24</span> <span class='ocrx_word' id='word_1_95' title='bbox 1994 1328 2012 1383; x_wconf 84' lang='lat'><em>3</em></span> <span class='ocrx_word' id='word_1_96' title='bbox 2053 1326 2167 1384; x_wconf 87' lang='lat' dir='ltr'>per</span> <span class='ocrx_word' id='word_1_97' title='bbox 2201 1307 2409 1366; x_wconf 83' lang='lat' dir='ltr'><strong>Vestes</strong></span> <span class='ocrx_word' id='word_1_98' title='bbox 2440 1305 2554 1364; x_wconf 85' lang='lat' dir='ltr'>enim</span> 
     </span>
     <span class='ocr_line' id='line_1_12' title="bbox 489 1404 2552 1484; baseline -0.002 -19"><span class='ocrx_word' id='word_1_99' title='bbox 489 1407 730 1465; x_wconf 83' lang='lat' dir='ltr'>Domini</span> <span class='ocrx_word' id='word_1_100' title='bbox 780 1406 1145 1484; x_wconf 78' lang='lat' dir='ltr'>significatur</span> <span class='ocrx_word' id='word_1_101' title='bbox 1192 1406 1489 1477; x_wconf 84' lang='lat' dir='ltr'>Verbum,</span> <span class='ocrx_word' id='word_1_102' title='bbox 1546 1424 1655 1483; x_wconf 90' lang='lat' dir='ltr'>per</span> <span class='ocrx_word' id='word_1_103' title='bbox 1709 1416 1915 1466; x_wconf 84' lang='lat' dir='ltr'>vestes</span> <span class='ocrx_word' id='word_1_104' title='bbox 1972 1425 2129 1483; x_wconf 90' lang='lat' dir='ltr'>quae</span> <span class='ocrx_word' id='word_1_105' title='bbox 2178 1407 2394 1466; x_wconf 85' lang='lat' dir='ltr'>divisae</span> <span class='ocrx_word' id='word_1_106' title='bbox 2434 1404 2552 1463; x_wconf 86' lang='lat' dir='ltr'>Ver-</span> 
     </span>
     <span class='ocr_line' id='line_1_13' title="bbox 488 1507 2556 1582; baseline -0.002 -17"><span class='ocrx_word' id='word_1_107' title='bbox 488 1507 627 1565; x_wconf 87' lang='lat' dir='ltr'>bum</span> <span class='ocrx_word' id='word_1_108' title='bbox 663 1510 723 1565; x_wconf 91' lang='lat' dir='ltr'>in</span> <span class='ocrx_word' id='word_1_109' title='bbox 758 1507 963 1580; x_wconf 89' lang='lat' dir='ltr'>litera,</span> <span class='ocrx_word' id='word_1_110' title='bbox 1014 1523 1124 1582; x_wconf 88' lang='lat' dir='ltr'>per</span> <span class='ocrx_word' id='word_1_111' title='bbox 1160 1508 1420 1565; x_wconf 87' lang='lat' dir='ltr'>tunicam</span> <span class='ocrx_word' id='word_1_112' title='bbox 1457 1507 1726 1567; x_wconf 85' lang='lat' dir='ltr'>Verbum</span> <span class='ocrx_word' id='word_1_113' title='bbox 1759 1510 1820 1565; x_wconf 89' lang='lat' dir='ltr'>in</span> <span class='ocrx_word' id='word_1_114' title='bbox 1858 1525 2048 1568; x_wconf 90' lang='lat' dir='ltr'>sensu</span> <span class='ocrx_word' id='word_1_115' title='bbox 2088 1510 2349 1581; x_wconf 86' lang='lat' dir='ltr'>interno,</span> <span class='ocrx_word' id='word_1_116' title='bbox 2399 1513 2450 1564; x_wconf 88' lang='lat' dir='ltr'>et</span> <span class='ocrx_word' id='word_1_117' title='bbox 2476 1518 2556 1579; x_wconf 87' lang='lat' dir='ltr'>per</span> 
     </span>
     <span class='ocr_line' id='line_1_14' title="bbox 486 1599 2556 1682; baseline -0.002 -18"><span class='ocrx_word' id='word_1_118' title='bbox 486 1607 706 1665; x_wconf 79' lang='lat' dir='ltr'>milites</span> <span class='ocrx_word' id='word_1_119' title='bbox 742 1605 825 1665; x_wconf 91' lang='lat' dir='ltr'>illi</span> <span class='ocrx_word' id='word_1_120' title='bbox 864 1608 963 1682; x_wconf 90' lang='lat' dir='ltr'>qui</span> <span class='ocrx_word' id='word_1_121' title='bbox 1000 1607 1323 1664; x_wconf 84' lang='lat' dir='ltr'>militarent</span> <span class='ocrx_word' id='word_1_122' title='bbox 1362 1624 1472 1682; x_wconf 85' lang='lat' dir='ltr'>pro</span> <span class='ocrx_word' id='word_1_123' title='bbox 1521 1610 1680 1665; x_wconf 84' lang='lat' dir='ltr'>veris</span> <span class='ocrx_word' id='word_1_124' title='bbox 1737 1614 1799 1665; x_wconf 85' lang='lat' dir='ltr'>et</span> <span class='ocrx_word' id='word_1_125' title='bbox 1839 1607 2013 1667; x_wconf 92' lang='lat' dir='ltr'>bonis</span> <span class='ocrx_word' id='word_1_126' title='bbox 2053 1607 2392 1682; x_wconf 82' lang='lat' dir='ltr'>Ecclesiae3</span> <span class='ocrx_word' id='word_1_127' title='bbox 2438 1599 2556 1679; x_wconf 87' lang='lat' dir='ltr'>quod</span> 
     </span>
     <span class='ocr_line' id='line_1_15' title="bbox 487 1697 2556 1784; baseline -0.001 -21"><span class='ocrx_word' id='word_1_128' title='bbox 487 1706 703 1763; x_wconf 85' lang='lat' dir='ltr'>milites</span> <span class='ocrx_word' id='word_1_129' title='bbox 740 1706 1073 1781; x_wconf 85' lang='lat' dir='ltr'>significent</span> <span class='ocrx_word' id='word_1_130' title='bbox 1107 1705 1240 1763; x_wconf 85' lang='lat' dir='ltr'>illos</span> <span class='ocrx_word' id='word_1_131' title='bbox 1256 1749 1270 1778; x_wconf 88' lang='lat'>,</span> <span class='ocrx_word' id='word_1_132' title='bbox 1335 1707 1610 1767; x_wconf 82' lang='lat' dir='ltr'>videatur</span> <span class='ocrx_word' id='word_1_133' title='bbox 1645 1723 1830 1784; x_wconf 85' lang='lat' dir='ltr'>supra</span> <span class='ocrx_word' id='word_1_134' title='bbox 1878 1726 1954 1765; x_wconf 87' lang='lat' dir='ltr'>n:</span> <span class='ocrx_word' id='word_1_135' title='bbox 2020 1710 2109 1766; x_wconf 88' lang='grc'>64</span> <span class='ocrx_word' id='word_1_136' title='bbox 2152 1708 2273 1765; x_wconf 87' lang='lat' dir='ltr'>fin:</span> <span class='ocrx_word' id='word_1_137' title='bbox 2344 1712 2398 1763; x_wconf 85' lang='lat' dir='ltr'>et</span> <span class='ocrx_word' id='word_1_138' title='bbox 2437 1697 2556 1780; x_wconf 83' lang='lat' dir='ltr'>quod</span> 
     </span>
     <span class='ocr_line' id='line_1_16' title="bbox 485 1798 2556 1881; baseline -0 -20"><span class='ocrx_word' id='word_1_139' title='bbox 485 1810 689 1862; x_wconf 88' lang='lat' dir='ltr'>vestes</span> <span class='ocrx_word' id='word_1_140' title='bbox 736 1807 795 1861; x_wconf 89' lang='lat' dir='ltr'>in</span> <span class='ocrx_word' id='word_1_141' title='bbox 843 1805 1045 1863; x_wconf 89' lang='lat' dir='ltr'>Verbo</span> <span class='ocrx_word' id='word_1_142' title='bbox 1091 1805 1424 1881; x_wconf 86' lang='lat' dir='ltr'>significent</span> <span class='ocrx_word' id='word_1_143' title='bbox 1475 1824 1622 1864; x_wconf 88' lang='lat' dir='ltr'>vera</span> <span class='ocrx_word' id='word_1_144' title='bbox 1671 1806 1979 1865; x_wconf 88' lang='lat' dir='ltr'>induentia</span> <span class='ocrx_word' id='word_1_145' title='bbox 2025 1807 2283 1880; x_wconf 85' lang='lat' dir='ltr'>bonum,</span> <span class='ocrx_word' id='word_1_146' title='bbox 2338 1812 2393 1864; x_wconf 91' lang='lat' dir='ltr'>et</span> <span class='ocrx_word' id='word_1_147' title='bbox 2436 1798 2556 1879; x_wconf 83' lang='lat' dir='ltr'>quod</span> 
     </span>
     <span class='ocr_line' id='line_1_17' title="bbox 485 1903 2554 1982; baseline -0 -24"><span class='ocrx_word' id='word_1_148' title='bbox 485 1910 688 1961; x_wconf 84' lang='lat' dir='ltr'>vestes</span> <span class='ocrx_word' id='word_1_149' title='bbox 724 1903 963 1961; x_wconf 86' lang='lat' dir='ltr'>Domini</span> <span class='ocrx_word' id='word_1_150' title='bbox 990 1905 1326 1980; x_wconf 79' lang='lat' dir='ltr'>significent</span> <span class='ocrx_word' id='word_1_151' title='bbox 1358 1905 1646 1964; x_wconf 87' lang='lat' dir='ltr'>Divinum</span> <span class='ocrx_word' id='word_1_152' title='bbox 1683 1906 1941 1982; x_wconf 89' lang='lat' dir='ltr'>Verum,</span> <span class='ocrx_word' id='word_1_153' title='bbox 1980 1909 2064 1965; x_wconf 91' lang='lat' dir='ltr'>ita</span> <span class='ocrx_word' id='word_1_154' title='bbox 2106 1906 2383 1977; x_wconf 88' lang='lat' dir='ltr'>Verbum,</span> <span class='ocrx_word' id='word_1_155' title='bbox 2420 1903 2554 1961; x_wconf 82' lang='lat' dir='ltr'>etiam</span> 
     </span>
     <span class='ocr_line' id='line_1_18' title="bbox 485 2001 2554 2083; baseline -0.001 -24"><span class='ocrx_word' id='word_1_156' title='bbox 485 2019 671 2077; x_wconf 83' lang='lat' dir='ltr'>supra</span> <span class='ocrx_word' id='word_1_157' title='bbox 710 2022 775 2060; x_wconf 90' lang='lat' dir='ltr'>n:</span> <span class='ocrx_word' id='word_1_158' title='bbox 837 2006 945 2062; x_wconf 85' lang='grc'>64.</span> <span class='ocrx_word' id='word_1_159' title='bbox 994 2007 1152 2064; x_wconf 86' lang='grc'><strong>195.</strong></span> <span class='ocrx_word' id='word_1_160' title='bbox 1252 2004 1429 2080; x_wconf 82' lang='lat' dir='ltr'>Quod</span> <span class='ocrx_word' id='word_1_161' title='bbox 1477 2004 1696 2065; x_wconf 89' lang='lat' dir='ltr'>Oleum</span> <span class='ocrx_word' id='word_1_162' title='bbox 1745 2007 2041 2083; x_wconf 84' lang='lat' dir='ltr'>significet</span> <span class='ocrx_word' id='word_1_163' title='bbox 2088 2007 2313 2066; x_wconf 90' lang='lat' dir='ltr'>bonum</span> <span class='ocrx_word' id='word_1_164' title='bbox 2366 2001 2554 2065; x_wconf 74' lang='lat' dir='ltr'>amoriS,</span> 
     </span>
     <span class='ocr_line' id='line_1_19' title="bbox 482 2100 2553 2183; baseline 0.002 -23"><span class='ocrx_word' id='word_1_165' title='bbox 482 2105 769 2179; x_wconf 75' lang='lat' dir='ltr'>imprImis</span> <span class='ocrx_word' id='word_1_166' title='bbox 810 2112 1083 2162; x_wconf 87' lang='lat' dir='ltr'>constare</span> <span class='ocrx_word' id='word_1_167' title='bbox 1121 2111 1323 2180; x_wconf 86' lang='lat' dir='ltr'>potest</span> <span class='ocrx_word' id='word_1_168' title='bbox 1364 2120 1441 2163; x_wconf 86' lang='lat' dir='ltr'>ex</span> <span class='ocrx_word' id='word_1_169' title='bbox 1486 2105 1877 2165; x_wconf 84' lang='lat' dir='ltr'>Unctionibus</span> <span class='ocrx_word' id='word_1_170' title='bbox 1927 2107 2091 2183; x_wconf 87' lang='lat' dir='ltr'>apud</span> <span class='ocrx_word' id='word_1_171' title='bbox 2144 2107 2299 2165; x_wconf 85' lang='lat' dir='ltr'>filios</span> <span class='ocrx_word' id='word_1_172' title='bbox 2339 2100 2553 2165; x_wconf 65' lang='lat' dir='ltr'>Israelis,</span> 
     </span>
     <span class='ocr_line' id='line_1_20' title="bbox 483 2200 2659 2282; baseline -0 -22"><span class='ocrx_word' id='word_1_173' title='bbox 483 2221 589 2261; x_wconf 88' lang='lat' dir='ltr'>seu</span> <span class='ocrx_word' id='word_1_174' title='bbox 655 2207 714 2262; x_wconf 89' lang='lat' dir='ltr'>in</span> <span class='ocrx_word' id='word_1_175' title='bbox 775 2204 1050 2263; x_wconf 82' lang='lat' dir='ltr'>Ecclesia</span> <span class='ocrx_word' id='word_1_176' title='bbox 1106 2221 1309 2263; x_wconf 88' lang='lat' dir='ltr'>eorum</span> <span class='ocrx_word' id='word_1_177' title='bbox 1334 2252 1347 2274; x_wconf 91' lang='lat'>,</span> <span class='ocrx_word' id='word_1_178' title='bbox 1416 2222 1569 2280; x_wconf 87' lang='lat' dir='ltr'>quae</span> <span class='ocrx_word' id='word_1_179' title='bbox 1629 2206 1852 2265; x_wconf 87' lang='lat' dir='ltr'>fiebant</span> <span class='ocrx_word' id='word_1_180' title='bbox 1919 2224 2029 2282; x_wconf 89' lang='lat' dir='ltr'>per</span> <span class='ocrx_word' id='word_1_181' title='bbox 2084 2207 2330 2281; x_wconf 84' lang='lat' dir='ltr'>Oleum3</span> <span class='ocrx_word' id='word_1_182' title='bbox 2400 2200 2554 2260; x_wconf 76' lang='lat' dir='ltr'>omnia</span> <span class='ocrx_word' id='word_1_183' title='bbox 2658 2226 2659 2246; x_wconf 37' lang='grc' dir='ltr'><strong>κ</strong></span> 
     </span>
     <span class='ocr_line' id='line_1_21' title="bbox 482 2303 2550 2382; baseline -0.003 -19"><span class='ocrx_word' id='word_1_184' title='bbox 482 2306 638 2363; x_wconf 88' lang='lat' dir='ltr'>enim</span> <span class='ocrx_word' id='word_1_185' title='bbox 696 2303 1004 2362; x_wconf 83' lang='lat' dir='ltr'>Ecclesiae</span> <span class='ocrx_word' id='word_1_186' title='bbox 1056 2321 1163 2379; x_wconf 87' lang='lat' dir='ltr'>per</span> <span class='ocrx_word' id='word_1_187' title='bbox 1218 2304 1368 2363; x_wconf 90' lang='lat' dir='ltr'>illud</span> <span class='ocrx_word' id='word_1_188' title='bbox 1419 2305 1960 2382; x_wconf 86' lang='lat' dir='ltr'>inaugurabantur,</span> <span class='ocrx_word' id='word_1_189' title='bbox 2037 2313 2098 2365; x_wconf 82' lang='lat' dir='ltr'>et</span> <span class='ocrx_word' id='word_1_190' title='bbox 2156 2324 2287 2365; x_wconf 90' lang='lat' dir='ltr'>cum</span> <span class='ocrx_word' id='word_1_191' title='bbox 2345 2307 2550 2376; x_wconf 81' lang='lat' dir='ltr'>inaugu-</span> 
     </span>
     <span class='ocr_line' id='line_1_22' title="bbox 480 2394 2658 2496; baseline -0.001 -33"><span class='ocrx_word' id='word_1_192' title='bbox 480 2412 612 2464; x_wconf 88' lang='lat' dir='ltr'>rata</span> <span class='ocrx_word' id='word_1_193' title='bbox 658 2407 896 2466; x_wconf 87' lang='lat' dir='ltr'>suerunt</span> <span class='ocrx_word' id='word_1_194' title='bbox 953 2405 1323 2464; x_wconf 89' lang='lat' dir='ltr'>vocabantur</span> <span class='ocrx_word' id='word_1_195' title='bbox 1381 2413 1623 2475; x_wconf 87' lang='lat' dir='ltr'>sancta,</span> <span class='ocrx_word' id='word_1_196' title='bbox 1689 2413 1870 2482; x_wconf 89' lang='lat' dir='ltr'>prout</span> <span class='ocrx_word' id='word_1_197' title='bbox 1918 2407 2131 2467; x_wconf 87' lang='lat' dir='ltr'>Altare</span> <span class='ocrx_word' id='word_1_198' title='bbox 2193 2413 2254 2465; x_wconf 91' lang='lat' dir='ltr'>et</span> <span class='ocrx_word' id='word_1_199' title='bbox 2310 2394 2427 2481; x_wconf 82' lang='lat' dir='ltr'>ejus</span> <span class='ocrx_word' id='word_1_200' title='bbox 2467 2415 2550 2456; x_wconf 78' lang='lat' dir='ltr'>va·</span> <span class='ocrx_word' id='word_1_201' title='bbox 2645 2421 2658 2496; x_wconf 46' lang='grc' dir='ltr'>Ι</span> 
     </span>
     <span class='ocr_line' id='line_1_23' title="bbox 478 2496 2552 2583; baseline -0.001 -22"><span class='ocrx_word' id='word_1_202' title='bbox 478 2521 575 2578; x_wconf 87' lang='lat' dir='ltr'>sa,</span> <span class='ocrx_word' id='word_1_203' title='bbox 635 2506 980 2564; x_wconf 87' lang='lat' dir='ltr'>Tentorium</span> <span class='ocrx_word' id='word_1_204' title='bbox 1030 2511 1361 2563; x_wconf 87' lang='lat' dir='ltr'>conventus</span> <span class='ocrx_word' id='word_1_205' title='bbox 1412 2512 1472 2563; x_wconf 89' lang='lat' dir='ltr'>et</span> <span class='ocrx_word' id='word_1_206' title='bbox 1517 2509 1713 2564; x_wconf 90' lang='lat' dir='ltr'>omnia</span> <span class='ocrx_word' id='word_1_207' title='bbox 1760 2524 1914 2583; x_wconf 89' lang='lat' dir='ltr'>quae</span> <span class='ocrx_word' id='word_1_208' title='bbox 1966 2508 2144 2580; x_wconf 85' lang='lat' dir='ltr'>inibi,</span> <span class='ocrx_word' id='word_1_209' title='bbox 2205 2515 2329 2567; x_wconf 89' lang='lat' dir='ltr'>tum</span> <span class='ocrx_word' id='word_1_210' title='bbox 2361 2503 2435 2561; x_wconf 90' lang='lat' dir='ltr'>illi</span> <span class='ocrx_word' id='word_1_211' title='bbox 2476 2496 2552 2573; x_wconf 84' lang='lat' dir='ltr'>qui</span> 
     </span>
     <span class='ocr_line' id='line_1_24' title="bbox 479 2519 2658 2682; baseline -0 -22"><span class='ocrx_word' id='word_1_212' title='bbox 479 2605 814 2663; x_wconf 82' lang='lat' dir='ltr'>sacerdotio</span> <span class='ocrx_word' id='word_1_213' title='bbox 866 2605 1251 2679; x_wconf 87' lang='lat' dir='ltr'>fungerentur</span> <span class='ocrx_word' id='word_1_214' title='bbox 1314 2622 1385 2665; x_wconf 91' lang='lat' dir='ltr'>ac</span> <span class='ocrx_word' id='word_1_215' title='bbox 1448 2622 1652 2663; x_wconf 87' lang='lat' dir='ltr'>eorum</span> <span class='ocrx_word' id='word_1_216' title='bbox 1711 2613 1943 2681; x_wconf 84' lang='lat' dir='ltr'>vestes,</span> <span class='ocrx_word' id='word_1_217' title='bbox 2030 2615 2089 2665; x_wconf 90' lang='lat' dir='ltr'>et</span> <span class='ocrx_word' id='word_1_218' title='bbox 2147 2610 2387 2682; x_wconf 87' lang='lat' dir='ltr'>insuper</span> <span class='ocrx_word' id='word_1_219' title='bbox 2432 2601 2551 2659; x_wconf 87' lang='lat' dir='ltr'>Pro-</span> <span class='ocrx_word' id='word_1_220' title='bbox 2642 2519 2658 2678; x_wconf 41' lang='lat' dir='ltr'>l</span> 
     </span>
     <span class='ocr_line' id='line_1_25' title="bbox 479 2703 2551 2783; baseline 0.001 -24"><span class='ocrx_word' id='word_1_221' title='bbox 479 2704 729 2777; x_wconf 84' lang='lat' dir='ltr'>phetae,</span> <span class='ocrx_word' id='word_1_222' title='bbox 770 2710 830 2762; x_wconf 90' lang='lat' dir='ltr'>et</span> <span class='ocrx_word' id='word_1_223' title='bbox 866 2705 1103 2763; x_wconf 87' lang='lat' dir='ltr'>tandem</span> <span class='ocrx_word' id='word_1_224' title='bbox 1130 2703 1366 2780; x_wconf 84' lang='lat' dir='ltr'>Reges:</span> <span class='ocrx_word' id='word_1_225' title='bbox 1409 2707 1660 2781; x_wconf 88' lang='lat' dir='ltr'>quisque</span> <span class='ocrx_word' id='word_1_226' title='bbox 1696 2711 1899 2781; x_wconf 89' lang='lat' dir='ltr'>potest</span> <span class='ocrx_word' id='word_1_227' title='bbox 1932 2706 2170 2776; x_wconf 86' lang='lat' dir='ltr'>videre,</span> <span class='ocrx_word' id='word_1_228' title='bbox 2210 2704 2366 2783; x_wconf 89' lang='lat' dir='ltr'>quod</span> <span class='ocrx_word' id='word_1_229' title='bbox 2393 2706 2551 2778; x_wconf 80' lang='lat' dir='ltr'>ipsum</span> 
     </span>
     <span class='ocr_line' id='line_1_26' title="bbox 480 2802 2552 2884; baseline -0.001 -23"><span class='ocrx_word' id='word_1_230' title='bbox 480 2802 859 2861; x_wconf 76' lang='lat' dir='ltr'>Oleum&#39;non</span> <span class='ocrx_word' id='word_1_231' title='bbox 912 2804 1270 2878; x_wconf 85' lang='lat' dir='ltr'>sanctificet,</span> <span class='ocrx_word' id='word_1_232' title='bbox 1339 2805 1447 2862; x_wconf 90' lang='lat' dir='ltr'>sed</span> <span class='ocrx_word' id='word_1_233' title='bbox 1511 2805 1672 2880; x_wconf 88' lang='lat' dir='ltr'>quod</span> <span class='ocrx_word' id='word_1_234' title='bbox 1727 2804 1790 2862; x_wconf 86' lang='lat' dir='ltr'>id</span> <span class='ocrx_word' id='word_1_235' title='bbox 1850 2806 2007 2881; x_wconf 87' lang='lat' dir='ltr'>quod</span> <span class='ocrx_word' id='word_1_236' title='bbox 2062 2806 2425 2884; x_wconf 83' lang='lat' dir='ltr'>significatur</span> <span class='ocrx_word' id='word_1_237' title='bbox 2468 2810 2552 2874; x_wconf 76' lang='lat' dir='ltr'>per</span> 
     </span>
     <span class='ocr_line' id='line_1_27' title="bbox 480 2898 2552 2976; baseline 0 -15"><span class='ocrx_word' id='word_1_238' title='bbox 480 2900 726 2969; x_wconf 89' lang='lat' dir='ltr'>Oleum,</span> <span class='ocrx_word' id='word_1_239' title='bbox 778 2902 935 2976; x_wconf 89' lang='lat' dir='ltr'>quod</span> <span class='ocrx_word' id='word_1_240' title='bbox 972 2909 1065 2961; x_wconf 90' lang='lat' dir='ltr'>est</span> <span class='ocrx_word' id='word_1_241' title='bbox 1099 2904 1319 2964; x_wconf 91' lang='lat' dir='ltr'>bonum</span> <span class='ocrx_word' id='word_1_242' title='bbox 1357 2906 1575 2963; x_wconf 86' lang='lat' dir='ltr'>amoris</span> <span class='ocrx_word' id='word_1_243' title='bbox 1610 2907 1670 2962; x_wconf 93' lang='lat' dir='ltr'>in</span> <span class='ocrx_word' id='word_1_244' title='bbox 1707 2904 2027 2963; x_wconf 89' lang='lat' dir='ltr'>Dominum</span> <span class='ocrx_word' id='word_1_245' title='bbox 2066 2923 2100 2962; x_wconf 85' lang='lat' dir='ltr'>a</span> <span class='ocrx_word' id='word_1_246' title='bbox 2137 2907 2417 2976; x_wconf 84' lang='lat' dir='ltr'>Domin03</span> <span class='ocrx_word' id='word_1_247' title='bbox 2464 2898 2552 2955; x_wconf 78' lang='lat' dir='ltr'>h⁰⁰</span> 
     </span>
     <span class='ocr_line' id='line_1_28' title="bbox 477 2997 2549 3081; baseline -0.001 -24"><span class='ocrx_word' id='word_1_248' title='bbox 477 2999 843 3075; x_wconf 83' lang='lat' dir='ltr'>significatur</span> <span class='ocrx_word' id='word_1_249' title='bbox 876 3018 987 3077; x_wconf 88' lang='lat' dir='ltr'>per</span> <span class='ocrx_word' id='word_1_250' title='bbox 1015 2999 1269 3078; x_wconf 85' lang='lat' dir='ltr'>Oleum3</span> <span class='ocrx_word' id='word_1_251' title='bbox 1326 3011 1694 3081; x_wconf 88' lang='lat' dir='ltr'>quapropter</span> <span class='ocrx_word' id='word_1_252' title='bbox 1728 3020 1863 3062; x_wconf 86' lang='lat' dir='ltr'>eum</span> <span class='ocrx_word' id='word_1_253' title='bbox 1899 3013 2080 3063; x_wconf 89' lang='lat' dir='ltr'>uncta</span> <span class='ocrx_word' id='word_1_254' title='bbox 2115 2997 2225 3064; x_wconf 81' lang='lat' dir='ltr'>aut</span> <span class='ocrx_word' id='word_1_255' title='bbox 2261 3004 2414 3064; x_wconf 85' lang='lat' dir='ltr'>uncti</span> <span class='ocrx_word' id='word_1_256' title='bbox 2444 2999 2549 3057; x_wconf 76' lang='lat' dir='ltr'>fue-</span> 
     </span>
     <span class='ocr_line' id='line_1_29' title="bbox 477 3096 2551 3179; baseline -0.002 -23"><span class='ocrx_word' id='word_1_257' title='bbox 477 3107 641 3170; x_wconf 88' lang='lat' dir='ltr'>runt,</span> <span class='ocrx_word' id='word_1_258' title='bbox 699 3099 775 3157; x_wconf 92' lang='lat' dir='ltr'>ab</span> <span class='ocrx_word' id='word_1_259' title='bbox 812 3115 883 3157; x_wconf 92' lang='lat' dir='ltr'>eo</span> <span class='ocrx_word' id='word_1_260' title='bbox 919 3109 1216 3161; x_wconf 89' lang='lat' dir='ltr'>momento</span> <span class='ocrx_word' id='word_1_261' title='bbox 1250 3104 1821 3179; x_wconf 78' lang='lat' dir='ltr'>repraesentabant,</span> <span class='ocrx_word' id='word_1_262' title='bbox 1876 3121 2015 3162; x_wconf 90' lang='lat' dir='ltr'>nam</span> <span class='ocrx_word' id='word_1_263' title='bbox 2043 3105 2246 3164; x_wconf 89' lang='lat' dir='ltr'>oleum</span> <span class='ocrx_word' id='word_1_264' title='bbox 2275 3096 2551 3162; x_wconf 82' lang='lat' dir='ltr'>inducebat</span> 
     </span>
     <span class='ocr_line' id='line_1_30' title="bbox 479 3202 2549 3280; baseline 0 -24"><span class='ocrx_word' id='word_1_265' title='bbox 479 3202 1091 3275; x_wconf 81' lang='lat' dir='ltr'>repraesentationem</span> <span class='ocrx_word' id='word_1_266' title='bbox 1138 3202 1378 3262; x_wconf 88' lang='lat' dir='ltr'>Domini</span> <span class='ocrx_word' id='word_1_267' title='bbox 1429 3221 1497 3262; x_wconf 90' lang='lat' dir='ltr'>ac</span> <span class='ocrx_word' id='word_1_268' title='bbox 1544 3203 1684 3262; x_wconf 89' lang='lat' dir='ltr'>boni</span> <span class='ocrx_word' id='word_1_269' title='bbox 1732 3205 1951 3262; x_wconf 77' lang='lat' dir='ltr'>&#39;amoris</span> <span class='ocrx_word' id='word_1_270' title='bbox 2006 3205 2081 3261; x_wconf 87' lang='lat' dir='ltr'>ab</span> <span class='ocrx_word' id='word_1_271' title='bbox 2134 3204 2316 3280; x_wconf 84' lang='lat' dir='ltr'>Ipse,</span> <span class='ocrx_word' id='word_1_272' title='bbox 2369 3202 2549 3259; x_wconf 86' lang='lat' dir='ltr'>bonum</span> 
     </span>
     <span class='ocr_line' id='line_1_31' title="bbox 479 3292 2546 3379; baseline 0 -22"><span class='ocrx_word' id='word_1_273' title='bbox 479 3303 633 3358; x_wconf 87' lang='lat' dir='ltr'>enim</span> <span class='ocrx_word' id='word_1_274' title='bbox 672 3302 889 3358; x_wconf 80' lang='lat' dir='ltr'>amoris</span> <span class='ocrx_word' id='word_1_275' title='bbox 924 3303 985 3358; x_wconf 92' lang='lat' dir='ltr'>in</span> <span class='ocrx_word' id='word_1_276' title='bbox 1020 3301 1336 3360; x_wconf 85' lang='lat' dir='ltr'>Dominum</span> <span class='ocrx_word' id='word_1_277' title='bbox 1385 3322 1422 3360; x_wconf 88' lang='lat' dir='ltr'>a</span> <span class='ocrx_word' id='word_1_278' title='bbox 1456 3303 1713 3362; x_wconf 88' lang='lat' dir='ltr'>Domino</span> <span class='ocrx_word' id='word_1_279' title='bbox 1753 3310 1843 3360; x_wconf 88' lang='lat' dir='ltr'>est</span> <span class='ocrx_word' id='word_1_280' title='bbox 1877 3306 2071 3379; x_wconf 90' lang='lat' dir='ltr'>ipsum</span> <span class='ocrx_word' id='word_1_281' title='bbox 2110 3312 2381 3363; x_wconf 89' lang='lat' dir='ltr'>sanctum</span> <span class='ocrx_word' id='word_1_282' title='bbox 2414 3292 2546 3358; x_wconf 71' lang='lat' dir='ltr'>Coeli</span> 
     </span>
     <span class='ocr_line' id='line_1_32' title="bbox 480 3392 2548 3480; baseline -0.002 -22"><span class='ocrx_word' id='word_1_283' title='bbox 480 3408 539 3459; x_wconf 89' lang='lat' dir='ltr'>et</span> <span class='ocrx_word' id='word_1_284' title='bbox 574 3401 901 3474; x_wconf 81' lang='lat' dir='ltr'>Ecclesiae,</span> <span class='ocrx_word' id='word_1_285' title='bbox 942 3418 1113 3461; x_wconf 89' lang='lat' dir='ltr'>omne</span> <span class='ocrx_word' id='word_1_286' title='bbox 1149 3420 1407 3477; x_wconf 85' lang='lat' dir='ltr'>namque</span> <span class='ocrx_word' id='word_1_287' title='bbox 1433 3402 1718 3461; x_wconf 89' lang='lat' dir='ltr'>Divinum</span> <span class='ocrx_word' id='word_1_288' title='bbox 1754 3420 1865 3479; x_wconf 88' lang='lat' dir='ltr'>per</span> <span class='ocrx_word' id='word_1_289' title='bbox 1898 3403 1959 3460; x_wconf 85' lang='lat' dir='ltr'>id</span> <span class='ocrx_word' id='word_1_290' title='bbox 1997 3403 2209 3479; x_wconf 83' lang='lat' dir='ltr'>influit3</span> <span class='ocrx_word' id='word_1_291' title='bbox 2265 3416 2438 3480; x_wconf 87' lang='lat' dir='ltr'>quare</span> <span class='ocrx_word' id='word_1_292' title='bbox 2467 3392 2548 3454; x_wconf 75' lang='lat' dir='ltr'>illa</span> 
     </span>
     <span class='ocr_line' id='line_1_33' title="bbox 477 3501 2542 3580; baseline -0.002 -21"><span class='ocrx_word' id='word_1_293' title='bbox 477 3520 632 3578; x_wconf 87' lang='lat' dir='ltr'>quae</span> <span class='ocrx_word' id='word_1_294' title='bbox 672 3501 840 3561; x_wconf 88' lang='lat' dir='ltr'>Coeli</span> <span class='ocrx_word' id='word_1_295' title='bbox 876 3506 937 3560; x_wconf 87' lang='lat' dir='ltr'>et</span> <span class='ocrx_word' id='word_1_296' title='bbox 970 3501 1280 3560; x_wconf 88' lang='lat' dir='ltr'>Ecclesiae</span> <span class='ocrx_word' id='word_1_297' title='bbox 1320 3508 1486 3576; x_wconf 88' lang='lat' dir='ltr'>sunt,</span> <span class='ocrx_word' id='word_1_298' title='bbox 1528 3519 1682 3579; x_wconf 86' lang='lat' dir='ltr'>quae</span> <span class='ocrx_word' id='word_1_299' title='bbox 1717 3510 2009 3562; x_wconf 84' lang='lat' dir='ltr'>vocantur</span> <span class='ocrx_word' id='word_1_300' title='bbox 2044 3504 2398 3580; x_wconf 86' lang='lat' dir='ltr'>spiritualia,</span> <span class='ocrx_word' id='word_1_301' title='bbox 2433 3502 2542 3555; x_wconf 83' lang='lat' dir='ltr'>tan·</span> 
     </span>
     <span class='ocr_line' id='line_1_34' title="bbox 475 3600 2543 3680; baseline -0.003 -21"><span class='ocrx_word' id='word_1_302' title='bbox 475 3608 599 3662; x_wconf 88' lang='lat' dir='ltr'>tum</span> <span class='ocrx_word' id='word_1_303' title='bbox 637 3607 846 3662; x_wconf 87' lang='lat' dir='ltr'>sancta</span> <span class='ocrx_word' id='word_1_304' title='bbox 881 3606 1019 3659; x_wconf 88' lang='lat' dir='ltr'>sunt</span> <span class='ocrx_word' id='word_1_305' title='bbox 1047 3607 1331 3678; x_wconf 87' lang='lat' dir='ltr'>quantum</span> <span class='ocrx_word' id='word_1_306' title='bbox 1372 3619 1445 3660; x_wconf 88' lang='lat' dir='ltr'>ex</span> <span class='ocrx_word' id='word_1_307' title='bbox 1482 3602 1583 3660; x_wconf 89' lang='lat' dir='ltr'>illo</span> <span class='ocrx_word' id='word_1_308' title='bbox 1625 3607 1847 3661; x_wconf 85' lang='lat' dir='ltr'>tenent.</span> <span class='ocrx_word' id='word_1_309' title='bbox 1928 3601 2127 3661; x_wconf 86' lang='lat' dir='ltr'>Causa</span> <span class='ocrx_word' id='word_1_310' title='bbox 2160 3600 2543 3680; x_wconf 74' lang='lat' dir='ltr'>repraesenta-</span> 
     </span>
     <span class='ocr_line' id='line_1_35' title="bbox 474 3692 2541 3778; baseline -0.001 -19"><span class='ocrx_word' id='word_1_311' title='bbox 474 3704 651 3760; x_wconf 90' lang='lat' dir='ltr'>tionis</span> <span class='ocrx_word' id='word_1_312' title='bbox 688 3703 879 3759; x_wconf 87' lang='lat' dir='ltr'>sancti</span> <span class='ocrx_word' id='word_1_313' title='bbox 911 3716 1023 3775; x_wconf 87' lang='lat' dir='ltr'>per</span> <span class='ocrx_word' id='word_1_314' title='bbox 1059 3699 1271 3761; x_wconf 90' lang='lat' dir='ltr'>Oleum</span> <span class='ocrx_word' id='word_1_315' title='bbox 1310 3702 1459 3760; x_wconf 87' lang='lat' dir='ltr'>haee</span> <span class='ocrx_word' id='word_1_316' title='bbox 1505 3708 1599 3760; x_wconf 89' lang='lat' dir='ltr'>est</span> <span class='ocrx_word' id='word_1_317' title='bbox 1620 3723 1636 3777; x_wconf 83' lang='lat'><em>3</em></span> <span class='ocrx_word' id='word_1_318' title='bbox 1696 3701 1872 3761; x_wconf 84' lang='lat' dir='ltr'>Solus</span> <span class='ocrx_word' id='word_1_319' title='bbox 1908 3703 2202 3761; x_wconf 88' lang='lat' dir='ltr'>Dominus</span> <span class='ocrx_word' id='word_1_320' title='bbox 2240 3699 2426 3778; x_wconf 90' lang='lat' dir='ltr'>quoad</span> <span class='ocrx_word' id='word_1_321' title='bbox 2454 3692 2541 3752; x_wconf 79' lang='lat' dir='ltr'>Di·</span> 
     </span>
     <span class='ocr_line' id='line_1_36' title="bbox 473 3800 2542 3879; baseline 0 -25"><span class='ocrx_word' id='word_1_322' title='bbox 473 3800 676 3856; x_wconf 78' lang='lat' dir='ltr'>vinum</span> <span class='ocrx_word' id='word_1_323' title='bbox 710 3800 1050 3860; x_wconf 88' lang='lat' dir='ltr'>Humanum</span> <span class='ocrx_word' id='word_1_324' title='bbox 1091 3809 1182 3860; x_wconf 89' lang='lat' dir='ltr'>est</span> <span class='ocrx_word' id='word_1_325' title='bbox 1221 3800 1472 3861; x_wconf 73' lang='lat' dir='ltr'>UNc&#39;rus</span> <span class='ocrx_word' id='word_1_326' title='bbox 1510 3801 1824 3876; x_wconf 63' lang='lat' dir='ltr'>haeum,</span> <span class='ocrx_word' id='word_1_327' title='bbox 1881 3819 2015 3859; x_wconf 90' lang='lat' dir='ltr'>nam</span> <span class='ocrx_word' id='word_1_328' title='bbox 2055 3804 2111 3859; x_wconf 90' lang='lat' dir='ltr'>in</span> <span class='ocrx_word' id='word_1_329' title='bbox 2144 3801 2290 3879; x_wconf 89' lang='lat' dir='ltr'>Ipso</span> <span class='ocrx_word' id='word_1_330' title='bbox 2327 3818 2397 3860; x_wconf 79' lang='lat' dir='ltr'>ex</span> <span class='ocrx_word' id='word_1_331' title='bbox 2429 3807 2542 3854; x_wconf 84' lang='lat' dir='ltr'>con·</span> 
     </span>
     <span class='ocr_line' id='line_1_37' title="bbox 477 3898 2541 3977; baseline 0 -22"><span class='ocrx_word' id='word_1_332' title='bbox 477 3898 751 3971; x_wconf 86' lang='lat' dir='ltr'>ceptione</span> <span class='ocrx_word' id='word_1_333' title='bbox 802 3905 931 3957; x_wconf 89' lang='lat' dir='ltr'>erat</span> <span class='ocrx_word' id='word_1_334' title='bbox 979 3903 1175 3977; x_wconf 87' lang='lat' dir='ltr'>ipsum</span> <span class='ocrx_word' id='word_1_335' title='bbox 1227 3901 1508 3959; x_wconf 89' lang='lat' dir='ltr'>Divinum</span> <span class='ocrx_word' id='word_1_336' title='bbox 1560 3901 1792 3961; x_wconf 87' lang='lat' dir='ltr'>Bonum</span> <span class='ocrx_word' id='word_1_337' title='bbox 1840 3900 2045 3960; x_wconf 78' lang='lat' dir='ltr'>Divini</span> <span class='ocrx_word' id='word_1_338' title='bbox 2092 3902 2355 3970; x_wconf 77' lang='lat' dir='ltr'>AmoriS‚</span> <span class='ocrx_word' id='word_1_339' title='bbox 2404 3900 2457 3955; x_wconf 84' lang='lat' dir='ltr'>et</span> <span class='ocrx_word' id='word_1_340' title='bbox 2486 3904 2541 3947; x_wconf 72' lang='lat' dir='ltr'>ex</span> 
     </span>
     <span class='ocr_line' id='line_1_38' title="bbox 473 3990 2541 4078; baseline 0 -27"><span class='ocrx_word' id='word_1_341' title='bbox 473 3993 577 4054; x_wconf 89' lang='lat' dir='ltr'>illo</span> <span class='ocrx_word' id='word_1_342' title='bbox 617 4001 748 4053; x_wconf 87' lang='lat' dir='ltr'>erat</span> <span class='ocrx_word' id='word_1_343' title='bbox 780 3996 1122 4076; x_wconf 84' lang='lat' dir='ltr'>Humanum</span> <span class='ocrx_word' id='word_1_344' title='bbox 1157 4000 1357 4077; x_wconf 86' lang='lat' dir='ltr'>Ipsius</span> <span class='ocrx_word' id='word_1_345' title='bbox 1393 4002 1589 4078; x_wconf 89' lang='lat' dir='ltr'>ipsum</span> <span class='ocrx_word' id='word_1_346' title='bbox 1625 4002 1910 4059; x_wconf 89' lang='lat' dir='ltr'>Divinum</span> <span class='ocrx_word' id='word_1_347' title='bbox 1946 4001 2174 4061; x_wconf 88' lang='lat' dir='ltr'>Verum</span> <span class='ocrx_word' id='word_1_348' title='bbox 2209 4019 2339 4060; x_wconf 90' lang='lat' dir='ltr'>cum</span> <span class='ocrx_word' id='word_1_349' title='bbox 2369 3997 2469 4055; x_wconf 81' lang='lat' dir='ltr'>fuit</span> <span class='ocrx_word' id='word_1_350' title='bbox 2496 3990 2541 4046; x_wconf 80' lang='lat' dir='ltr'>iu</span> 
     </span>
     <span class='ocr_line' id='line_1_39' title="bbox 473 4088 2539 4176; baseline -0.002 -24"><span class='ocrx_word' id='word_1_351' title='bbox 473 4094 720 4167; x_wconf 84' lang='lat' dir='ltr'>mundo,</span> <span class='ocrx_word' id='word_1_352' title='bbox 787 4111 857 4151; x_wconf 89' lang='lat' dir='ltr'>ac</span> <span class='ocrx_word' id='word_1_353' title='bbox 909 4095 1043 4154; x_wconf 86' lang='lat' dir='ltr'>dein</span> <span class='ocrx_word' id='word_1_354' title='bbox 1088 4117 1198 4173; x_wconf 88' lang='lat' dir='ltr'>per</span> <span class='ocrx_word' id='word_1_355' title='bbox 1243 4102 1520 4159; x_wconf 88' lang='lat' dir='ltr'>unionem</span> <span class='ocrx_word' id='word_1_356' title='bbox 1571 4119 1705 4159; x_wconf 90' lang='lat' dir='ltr'>cum</span> <span class='ocrx_word' id='word_1_357' title='bbox 1753 4100 1899 4176; x_wconf 87' lang='lat' dir='ltr'>Ipso</span> <span class='ocrx_word' id='word_1_358' title='bbox 1949 4101 2170 4161; x_wconf 85' lang='lat' dir='ltr'>Divino</span> <span class='ocrx_word' id='word_1_359' title='bbox 2206 4103 2264 4158; x_wconf 92' lang='lat' dir='ltr'>in</span> <span class='ocrx_word' id='word_1_360' title='bbox 2305 4099 2381 4159; x_wconf 84' lang='lat' dir='ltr'>Se</span> <span class='ocrx_word' id='word_1_361' title='bbox 2425 4088 2539 4151; x_wconf 82' lang='lat' dir='ltr'>fecit</span> 
     </span>
     <span class='ocr_line' id='line_1_40' title="bbox 470 4189 2537 4277; baseline -0.002 -26"><span class='ocrx_word' id='word_1_362' title='bbox 470 4194 620 4253; x_wconf 88' lang='lat' dir='ltr'>illud</span> <span class='ocrx_word' id='word_1_363' title='bbox 662 4211 897 4270; x_wconf 85' lang='lat' dir='ltr'>quoque</span> <span class='ocrx_word' id='word_1_364' title='bbox 944 4196 1228 4257; x_wconf 89' lang='lat' dir='ltr'>Divinum</span> <span class='ocrx_word' id='word_1_365' title='bbox 1266 4199 1498 4256; x_wconf 86' lang='lat' dir='ltr'>Bonum</span> <span class='ocrx_word' id='word_1_366' title='bbox 1536 4200 1737 4257; x_wconf 79' lang='lat' dir='ltr'>Divini</span> <span class='ocrx_word' id='word_1_367' title='bbox 1774 4201 2012 4259; x_wconf 86' lang='lat' dir='ltr'>Amoris</span> <span class='ocrx_word' id='word_1_368' title='bbox 2024 4221 2040 4276; x_wconf 80' lang='lat'><em>3</em></span> <span class='ocrx_word' id='word_1_369' title='bbox 2101 4207 2159 4260; x_wconf 88' lang='lat' dir='ltr'>et</span> <span class='ocrx_word' id='word_1_370' title='bbox 2210 4203 2343 4277; x_wconf 88' lang='lat' dir='ltr'>quia</span> <span class='ocrx_word' id='word_1_371' title='bbox 2375 4189 2537 4252; x_wconf 77' lang='lat' dir='ltr'>omnia</span> 
     </span>
    </p>
   </div>
  </div>
 </body>
</html>
