2791 4778
549 408 617 458 52
956 393 1447 452 APOCALYPSIS
1493 392 1923 450 EXPLICATA.
2009 395 2055 464 ς.
2101 402 2229 457 315.

542 559 823 625 ficantur,
864 554 1051 631 judex
1089 562 1179 613 est
1213 554 1433 612 bonum
1470 561 1531 612 et
1564 554 1845 630 princeps
1883 559 1977 613 est
2011 570 2236 613 verum.
2319 554 2502 631 Apud
2537 553 2655 615 Sa-

544 657 809 716 chariam
883 697 920 729 „
957 652 1096 714 Vooe
1149 650 1427 736 ejulatus
1479 658 1854 733 pastorum,
1933 652 2101 731 quod
2164 652 2532 714 devastata·
2568 654 2660 716 sit

544 753 1018 836 magnificentia
1052 772 1302 826 eorum;
1344 751 1455 814 Sic
1489 752 1669 815 dixit
1696 750 1978 814 Jehovah
2011 753 2203 814 Deus
2230 773 2434 824 meas,
2463 773 2660 833 pasce

544 874 686 916 oves
711 852 1058 929 occisionis,
1108 873 1270 933 quas
1295 871 1696 933 possessores
1722 872 1940 914 earum
1967 852 2295 914 occidunt:
2326 854 2492 933 pavi
2514 873 2660 915 oves

542 954 877 1016 occisionis
905 959 1170 1034 propter
1207 973 1317 1014 vos
1352 953 1576 1014 miseri
1619 952 1887 1034 yreyis“
1942 954 2066 1014 XI:
2111 956 2171 1013 3.
2214 958 2276 1013 4.
2325 956 2380 1013 5.
2430 961 2489 1032 73
2541 973 2655 1032 per

541 1073 687 1116 oves
724 1057 1036 1131 occisionis
1065 1072 1214 1132 quas
1244 1070 1630 1131 possessores
1668 1071 1872 1112 earum
1900 1053 2204 1130 occidunt,
2242 1055 2656 1131 significantur

540 1159 644 1240 qui
675 1158 739 1214 in
771 1155 928 1214 bono
965 1162 1104 1214 sunt
1153 1162 1212 1213 et
1248 1172 1359 1231 per
1393 1153 1547 1212 falsa
1584 1154 1888 1213 doctrinae
1924 1154 2319 1229 seducuntur3
2378 1172 2525 1215 oves
2562 1155 2658 1215 di-

541 1262 755 1316 cuntur
791 1258 896 1332 qui
942 1257 1001 1314 in
1048 1255 1202 1313 bono
1240 1255 1546 1312 charitatis
1585 1260 1724 1312 sunt
1738 1274 1753 1330 3
1809 1262 2087 1329 pastores
2123 1262 2262 1313 sunt
2300 1257 2402 1331 qui
2438 1256 2656 1315 docent

539 1374 687 1416 vera
749 1363 809 1414 et
852 1373 963 1433 per
1006 1355 1111 1413 illa
1150 1356 1375 1414 ‘ducunt
1412 1354 1487 1412 ad
1523 1354 1762 1413 bonum.
1839 1355 2018 1430 Apud
2051 1355 2350 1416 Davidem
2388 1354 2654 1429 „Occisi

540 1473 765 1516 sumus
800 1453 972 1516 omni
1021 1453 1147 1528 die,
1219 1453 1501 1535 reputati
1538 1447 1763 1515 sumus
1800 1453 1967 1515 siout
2000 1474 2163 1534 yreco
2220 1455 2650 1530 mactationis,

341 1571 499 1632 [377]
540 1552 780 1635 eviyila
813 1555 1129 1626 Domine,
1182 1574 1259 1616 ne
1308 1554 1522 1615 desere
1557 1554 1629 1615 in
1655 1560 2031 1637 perpetuum
2056 1557 2095 1589 “
2153 1556 2390 1616 Psalm:
2427 1555 2651 1617 XLIV:

543 1659 654 1717 23.
711 1660 832 1733 243
890 1656 1070 1715 occisi
1116 1670 1324 1714 sumus
1372 1657 1532 1714 omni
1584 1654 1712 1731 die,
1789 1654 2087 1732 significat
2146 1656 2305 1732 quod
2355 1673 2426 1715 ex
2478 1656 2653 1716 nobis

537 1775 774 1834 semper
820 1757 1094 1815 labamur
1140 1758 1199 1814 in
1244 1755 1400 1813 falsa
1450 1761 1510 1814 et
1548 1754 1910 1816 seducamur
1958 1773 2068 1833 per
2102 1756 2237 1827 illa,
2306 1758 2650 1834 cumprimis

534 1866 803 1934 tempore
854 1873 986 1915 cum
1031 1856 1186 1914 falsa
1233 1862 1512 1932 regnant3
1580 1856 1715 1914 inde
1766 1863 1937 1933 patet
1981 1856 2125 1933 quid
2172 1856 2468 1931 significat
2502 1874 2650 1933 grex

533 1957 941 2029 mactationis;
995 1963 1059 2014 ut
1096 1955 1403 2014 elevemur
1451 1973 1525 2015 ex
1559 1955 1675 2014 illis
1726 1974 1763 2014 a
1795 1955 2079 2030 Domino,
2137 1957 2507 2032 significatur
2538 1974 2651 2034 per

536 2055 758 2132 evigila
783 2056 1184 2138 Domine‚⁸ne
1222 2055 1432 2113 desere
1470 2072 1578 2114 nos
1614 2058 1672 2114 in
1700 2062 2075 2133 perpetuum.
2133 2057 2315 2132 Apud
2350 2056 2645 2116 Ezechie-

532 2157 653 2215 lem
695 2153 1203 2234 „E'vayz'nabunt
1224 2151 1488 2235 yladz’os
1517 2173 1707 2235 super
1727 2153 2270 2235 pulchritudinem
2297 2157 2652 2236 sapientiae

532 2262 703 2330 tuae,
762 2261 827 2317 et
870 2255 1360 2335 prophanabunt
1416 2252 1807 2335 splendorem
1861 2261 2072 2326 tuum,
2133 2256 2203 2316 in
2232 2258 2492 2336 foveam
2534 2256 2647 2318 de-

530 2357 808 2431 mittent,
864 2361 923 2417 et
965 2355 1261 2418 morieris
1314 2361 1513 2418 morte
1568 2357 2001 2436 confossor-um
2022 2359 2061 2392 ‘⁸‘
2114 2357 2421 2418 XXVIII:
2467 2363 2522 2416 7.
2569 2360 2642 2434 83

528 2460 678 2519 haec
705 2461 780 2518 de
807 2460 1076 2536 principe
1109 2458 1272 2535 Tyri,
1307 2476 1421 2534 per
1449 2475 1625 2533 quem
1653 2457 2022 2534 significatur
2058 2458 2444 2535 intelligentia
2482 2474 2642 2532 quae

532 2578 605 2619 ex
641 2559 1072 2636 cognitionibus
1108 2561 1266 2628 veri,
1318 2558 1414 2618 hic
1449 2558 1554 2617 illa
1591 2560 1887 2620 exstincta
1931 2574 2043 2634 per
2078 2557 2261 2636 falsa;
2320 2559 2646 2635 evaginare

532 2659 761 2740 gladios
811 2676 995 2735 super
1041 2658 1542 2736 pulchritudinem
1591 2660 1923 2735 sapientiae
1973 2665 2143 2733 tuae,
2201 2659 2495 2736 significat
2529 2675 2644 2717 ex-

530 2761 904 2818 stinctionem
962 2760 1096 2836 ejus
1160 2777 1268 2835 per
1326 2757 1481 2817 falsa
1494 2778 1510 2835 3
1579 2757 1887 2817 demittere
1934 2760 1996 2816 in
2030 2758 2297 2832 foveam,
2351 2758 2651 2835 significat

528 2860 967 2917 immersionem
1011 2862 1073 2917 in
1114 2860 1248 2933 illa3
1305 2866 1365 2916 et
1417 2860 1565 2916 mori
1612 2866 1799 2917 morte
1852 2859 2292 2935 consossorum,
2348 2859 2649 2935 significat

528 2961 827 3017 interitum
865 2966 924 3019 et
950 2959 1422 3031 damnationem3
1463 2957 1725 3016 confossi
1764 2958 2098 3036 significant
2132 2960 2267 3019 illos
2305 2960 2466 3037 apud
2493 2975 2652 3036 quos

462 3087 465 3090 1
531 3077 702 3119 omne
771 3076 979 3118 verum
1043 3066 1135 3119 est
1180 3061 1567 3132 exstinctum,
1623 3056 1894 3117 videatur
1929 3077 2002 3117 n:
2046 3061 2259 3120 4503.
2306 3061 2528 3134 9262,
2586 3065 2654 3119 et

528 3177 685 3219 mors
715 3160 1007 3236 significat
1037 3160 1495 3218 damnationem.
1535 3156 1715 3234 Apud
1743 3158 1983 3236 Esajam
2022 3158 2249 3234 „Num
2264 3159 2473 3242 juoeta
2491 3156 2654 3238 pla-

526 3280 679 3341 gam
693 3258 1111 3339 percutientis
1152 3255 1369 3331 illum,
1400 3257 1722 3336 percussit
1747 3276 1926 3330 eum,·
1977 3278 2130 3319 num
2152 3258 2360 3343 juxta
2394 3258 2656 3321 eaedem

526 3360 872 3422 occisorum
914 3359 1051 3441 ejus
1089 3358 1332 3418 occisus
1367 3361 1506 3416 est“
1556 3357 1840 3417 XXVII:
1887 3365 1953 3435 '⁷3
2007 3359 2158 3419 haec
2199 3360 2274 3420 de
2313 3359 2547 3421 Jacobo
2588 3368 2656 3420 et

523 3462 785 3533 Israele,
837 3478 949 3538 per
986 3476 1136 3535 quos
1175 3458 1541 3534 significatur
1566 3457 1869 3534 Ecclesia,
1908 3477 2018 3535 per
2045 3460 2341 3519 Jacobum
2369 3460 2658 3520 Ecclesia

524 3570 798 3633 externa,
850 3567 911 3618 et
960 3576 1070 3634 per
1102 3557 1389 3617 Israelem
1426 3561 1657 3618 interna
1671 3579 1687 3634 3
1743 3562 2102 3627 tentationes
2137 3560 2374 3619 illorum
2426 3562 2530 3639 qui
2567 3560 2652 3619 ab

521 3660 799 3719 Ecclesia
848 3661 933 3717 ita
984 3659 1433 3732 describuntur,
1490 3677 1643 3736 quae
1681 3658 2090 3735 significantur
2135 3677 2246 3736 per
2294 3679 2433 3719 num
2463 3661 2655 3737 juxta

519 3760 764 3837 plagam
798 3761 1182 3834 percutientis
1217 3759 1378 3817 illum
1415 3761 1715 3836 percussit
1751 3776 1918 3836 eum3
1975 3765 2034 3819 et
2070 3759 2229 3836 quod
2263 3762 2323 3819 in
2357 3763 2655 3820 tentatio-

521 3858 697 3917 nibus
734 3876 851 3917 non
888 3860 1311 3918 succubuerint
1347 3867 1407 3920 et
1442 3862 1528 3918 sic
1565 3860 1882 3936 perierint,
1939 3859 2309 3935 significatur
2352 3878 2465 3939 per
2499 3878 2654 3920 num

513 3960 692 4036 juxta
719 3958 961 4018 caedem
983 3962 1313 4019 occisorum
1339 3962 1573 4020 occisus
1596 3966 1706 4028 est,
1734 3959 1951 4019 caedes
1982 3962 2313 4020 occisorum
2342 3960 2654 4038 significat

521 4059 890 4136 perditonem
918 4078 1027 4136 per
1051 4061 1222 4119 salsa.
1267 4060 1499 4120 Caedes
1536 4056 1829 4135 significat
1854 4060 2251 4137 perditionem
2294 4067 2355 4121 et
2383 4061 2650 4121 damna-

519 4162 739 4218 tionem
766 4162 944 4219 etiam
973 4161 1114 4220 alibi
1153 4161 1316 4238 apud
1341 4160 1612 4219 Eundem
1669 4158 1801 4233 „In
1826 4158 1933 4220 die
1962 4157 2196 4221 Caedis
2222 4179 2495 4241 magnae
2531 4177 2652 4221 oo}-

520 4258 666 4321 dent
685 4265 937 4323 turi-eff
966 4261 1175 4323 XXX:
1207 4265 1241 4320 2
1261 4262 1317 4335 53
1361 4260 1488 4318 dies
1511 4259 1728 4319 Caedis
1757 4278 2008 4337 magnae
2038 4261 2334 4338 significat
2362 4262 2653 4321 ultimum
