2791 4778
408 398 645 454 CAPUT
687 397 999 466 SEXTUM,
1747 398 1927 474 VERS
1946 421 1958 454 :
2002 410 2096 478 16.
2256 410 2362 464 501

257 575 504 637 prorsus
555 575 671 617 non
719 556 993 632 Interna,
1052 561 1112 614 et
1147 556 1410 615 Externa
1458 561 1733 632 spectare
1786 564 1844 617 et
1891 576 2009 618 non
2049 562 2225 620 simul
2257 559 2362 639 Iu-

256 666 452 732 terna,
516 676 624 717 seu
677 659 942 716 Externa
993 658 1222 733 absque
1272 657 1559 732 InterniS,
1628 665 1722 717 est
1757 661 1908 717 sicut
1955 668 2230 737 spectare
2277 665 2363 722 si-

255 760 624 822 mulachrum
676 758 929 816 hominis
979 755 1139 840 q'uod
1193 758 1422 833 absque
1460 759 1611 831 vita,
1684 765 1743 816 at
1789 760 2052 820 Externa
2089 769 2364 839 spectare

256 869 314 921 et
352 860 537 920 simul
570 860 813 918 Interna
849 875 955 917 seu
1005 859 1269 916 Externa
1306 859 1382 916 ab
1419 858 1704 931 Internis,
1770 868 1864 919 est
1898 862 2052 920 sicut
2088 870 2365 938 spectare

252 961 552 1022 hominem
590 963 825 1039 vivum3
880 959 991 1017 hoc
1028 962 1231 1033 itaque
1278 965 1372 1017 est
1416 961 1475 1017 in
1516 961 1759 1034 proprio
1807 978 1994 1021 sensu
2023 961 2230 1021 videre
2267 964 2361 1021 sa-

253 1063 403 1122 ciem
453 1060 756 1133 Jehovae,
828 1078 937 1118 seu
998 1060 1310 1135 deprecari
1353 1060 1538 1119 facies
1590 1059 1821 1138 Ipsius,
1882 1064 1942 1120 in
1982 1063 2131 1140 loeis
2179 1080 2366 1140 supra

253 1163 542 1221 adductis
596 1161 920 1236 ⁸Quoniam
974 1161 1219 1219 Interna
1263 1160 1480 1232 Verbi,
1535 1160 1847 1219 Ecclesiae
1888 1170 1946 1221 et
1984 1162 2194 1222 Cultus
2249 1181 2362 1241 ap-

250 1270 468 1341 parent
503 1264 561 1319 in
597 1241 905 1333 Externis,
962 1278 1072 1319 seu
1122 1262 1338 1318 sistunt
1386 1277 1451 1319 se
1502 1260 1692 1319 videri
1741 1264 1799 1319 in
1834 1254 2139 1338 Externis,
2198 1281 2361 1336 com-

248 1366 523 1441 parative
562 1365 717 1421 sieut
750 1362 993 1419 Interna
1038 1361 1292 1419 hominis
1340 1361 1397 1417 in
1438 1362 1619 1434 facie,
1679 1369 1843 1437 patet
1879 1363 2022 1439 quid
2057 1364 2362 1439 signifiea-

250 1473 346 1524 tur
383 1467 441 1522 in
485 1481 664 1521 sensu
712 1464 943 1521 interno
979 1479 1092 1537 per
1125 1461 1324 1518 videre
1368 1461 1667 1521 ‚Jehovam
1708 1478 1814 1519 seu
1855 1463 2175 1523 Dominum
2211 1465 2364 1523 facie

252 1567 330 1625 ad
387 1566 597 1623 faeiem
650 1566 709 1621 in
776 1562 1166 1637 sequentibus
1231 1561 1324 1619 his
1376 1561 1555 1637 locis3
1647 1562 1809 1638 apud
1859 1564 2071 1623 Mosen
2134 1608 2171 1638 „
2208 1562 2365 1627 Vidi

248 1665 473 1727 Deum
503 1665 684 1744 faeie
730 1661 819 1723 ad
858 1663 1133 1742 faciem,
1183 1667 1242 1722 et
1291 1659 1476 1722 salva
1516 1667 1725 1722 tamen
1774 1669 1869 1723 est
1921 1664 2142 1724 anima
2178 1666 2364 1724 mea“

255 1767 488 1827 Genes:
530 1764 815 1823 XXXII:
861 1768 984 1839 313
1040 1764 1192 1822 haec
1240 1762 1385 1822 dixit
1419 1764 1687 1823 ‚Jacobus
1737 1771 2055 1843 postquam
2099 1765 2364 1825 luctatus

255 1874 349 1926 est
388 1884 522 1925 cum
564 1866 714 1939 Deo,
758 1867 858 1940 qui
893 1865 979 1922 illi
1013 1866 1293 1944 apparuit
1333 1871 1400 1923 ut
1435 1865 1725 1941 Angelus.
1779 1865 1851 1924 In
1878 1866 2054 1925 Libro
2083 1865 2367 1926 Judicum

255 1965 600 2042 „Guz‘deon
649 1963 856 2035 dixit,
918 1963 1058 2024 vidi
1098 1962 1419 2043 Anyelum
1459 1965 1733 2025 Jehovae
1758 1966 1939 2043 facie
1979 1966 2070 2027 ad
2102 1966 2363 2046 faciem,

255 2075 314 2129 et
362 2068 540 2128 discit
575 2064 687 2148 illvj
722 2064 1035 2139 Jehovah,
1087 2084 1231 2145 pax
1283 2064 1428 2134 tibi,
1491 2062 1625 2124 noli
1671 2065 1917 2136 timere,
1971 2084 2094 2125 non
2134 2067 2364 2126 morie-

256 2168 396 2229 ris“
454 2169 575 2227 VI:
621 2171 732 2226 22.
779 2170 901 2227 23:
954 2168 1179 2242 pariter
1213 2165 1582 2223 Manoachus
1634 2171 1694 2223 et
1738 2182 1885 2223 uxor
1933 2166 2061 2241 ejus
2077 2209 2093 2239 ,
2147 2166 2365 2225 Judic:

259 2269 430 2326 XIII:
461 2258 623 2355 [21.]
651 2271 761 2326 22.
791 2270 903 2326 23.
938 2268 1014 2325 Et
1045 2266 1116 2325 de
1145 2266 1368 2342 populo
1399 2265 1731 2324 Israelitico
1756 2263 1997 2339 „Facie
2021 2264 2369 2345 adfaciem

267 2365 557 2446 loquutus
609 2376 702 2430 est
755 2366 1039 2428 Jehovah
1099 2365 1416 2428 vobiscum
1467 2386 1499 2426 e
1551 2370 1755 2427 monte
1801 2384 1834 2425 e
1877 2365 2084 2428 medio
2135 2366 2359 2446 iynis“

263 2468 466 2529 Deutr:
503 2469 576 2529 V:
610 2476 679 2528 4:
720 2471 791 2527 de
819 2487 937 2546 qua
965 2488 1031 2526 re
1059 2470 1315 2545 amplius
1344 2470 1429 2527 ita
1454 2469 1667 2526 dicitur
1691 2512 1728 2542 „
1753 2464 1979 2529 Videre
2004 2467 2168 2548 fecit
2198 2458 2361 2557 [nos]

262 2568 535 2630 Jehovah
571 2569 851 2650 ylorz'am
886 2588 1073 2629 suam
1082 2616 1098 2645 ,
1150 2577 1209 2631 et
1249 2567 1758 2649 maynitudz'nem
1793 2560 2006 2644 suam,
2060 2573 2121 2628 et
2159 2588 2365 2629 vocem

258 2669 479 2750 Ipsius
525 2670 898 2731 audivimus
946 2690 977 2728 e
1013 2669 1218 2730 medio
1262 2669 1474 2749 iynis:
1538 2668 1649 2730 7200
1701 2667 1806 2728 die
1856 2666 2141 2729 vidimus
2198 2669 2365 2748 quod

254 2769 551 2851 loquatur
588 2772 779 2831 Deus
817 2770 906 2830 ad
949 2770 1292 2842 hominem,
1332 2779 1391 2831 et
1426 2771 1609 2830 vivus
1654 2772 1948 2831 maneat“
2001 2770 2224 2827 Deutr:
2271 2771 2360 2828 V:

259 2877 368 2931 21.
459 2874 538 2931 Et
579 2873 651 2931 de
699 2873 867 2930 Mose
924 2870 1303 2950 „Loquutus
1344 2878 1439 2930 est
1488 2868 1770 2930 Jehovah
1808 2868 1897 2929 ad
1943 2868 2164 2929 Alsosen
2185 2870 2366 2951 faeie

252 2974 341 3034 ad
373 2973 648 3053 faeiem,
711 2973 880 3032 sicut
935 2970 1217 3051 loquitur
1266 2973 1368 3034 vir
1413 2969 1505 3032 ad
1558 2970 1800 3031 socium
1852 2990 2041 3031 suum
2065 2973 2101 3004 “
2162 2973 2362 3032 Exod:

249 3070 564 3135 XXXIII:
618 3077 725 3155 11.
780 3074 1002 3132 Deutr:
1042 3073 1352 3132 XXXIV:
1407 3075 1512 3131 10.
1576 3073 1658 3130 At
1691 3073 1998 3132 sciendum
2044 3078 2169 3144 est,
2209 3074 2367 3149 quod

249 3194 370 3236 non
420 3175 577 3232 ullus
612 3174 817 3248 homo,
875 3192 948 3231 ne
995 3174 1232 3249 quidem
1270 3175 1429 3233 ullus
1469 3174 1739 3252 Angelus
1788 3175 1981 3250 possit
2023 3173 2244 3233 videre
2278 3175 2366 3232 sa-

250 3281 405 3336 ciem
446 3276 715 3349 Domini,
773 3277 1051 3350 quoniam
1096 3282 1187 3333 est
1224 3276 1478 3333 Divinus
1521 3277 1737 3342 Amor,
1798 3292 1868 3333 ae
1904 3291 2077 3332 nemo
2114 3278 2370 3334 sustinet

247 3377 535 3436 Divinum
571 3376 885 3444 Amorem,
939 3374 1133 3450 qualis
1172 3384 1265 3433 est
1301 3377 1362 3433 in
1404 3391 1501 3447 se,
1554 3375 1709 3432 foret
1738 3377 1892 3432 enim
1921 3373 2124 3432 videre
2154 3377 2368 3435 faciem

247 3478 494 3536 Domini
547 3479 702 3534 sicut
753 3478 1070 3535 immittere
1127 3475 1362 3533 oculum
1416 3475 1476 3530 in
1522 3475 1721 3548 ipsum
1760 3476 1958 3548 ignem
1993 3472 2172 3544 soliS,
2231 3473 2367 3534 inde

250 3581 408 3638 enim
447 3583 744 3636 momento
780 3578 1039 3652 periret,
1090 3573 1229 3634 talis
1280 3590 1520 3649 quoque
1570 3578 1661 3630 est
1698 3572 1960 3641 ¹Divinus
2013 3572 2201 3632 Amor
2233 3575 2365 3632 Do-

248 3681 395 3737 mini
457 3679 518 3734 in
567 3662 646 3736 se
708 3684 1045 3752 spectatuS,
1115 3681 1481 3751 quapropter
1530 3673 1822 3732 Dominus
1874 3671 1991 3729 illis
2053 3675 2114 3731 in
2169 3672 2367 3733 Coelis

247 3769 631 3838 interioribus
675 3784 930 3853 apparet
964 3782 1028 3834 ut
1079 3774 1214 3846 Sol,
1279 3785 1338 3835 et
1388 3773 1493 3834 Sol
1543 3774 1642 3833 ille
1681 3771 2078 3832 circumdatus
2118 3779 2211 3834 est
2246 3777 2364 3833 cir-

252 3879 406 3938 culis
441 3878 696 3937 radiosis
737 3879 973 3951 multis,
1054 3877 1151 3951 qui
1210 3875 1412 3935 circuli
1464 3881 1602 3934 sunt
1650 3874 1957 3933 involucra
1999 3892 2181 3933 unum
2230 3880 2369 3952 post

251 3981 537 4051 alterum,
594 3985 661 4036 ut
696 3979 949 4037 Divinus
992 3979 1176 4035 Amor
1209 3983 1576 4052 temperatus
1610 3982 1668 4034 et
1702 3975 2043 4034 moderatus
2079 3975 2370 4051 procedat

251 4080 331 4137 ad
380 4079 648 4155 Angelos
700 4080 769 4136 in*
810 4078 1024 4148 Coe10,
1081 4085 1140 4136 et
1187 4080 1273 4136 sic
1320 4076 1538 4154 Angeli
1589 4078 1923 4135 sustineant
1964 4076 2159 4152 illum3
2215 4092 2369 4152 qua-

249 4185 499 4256 propter
544 4180 840 4247 Dominus
892 4188 958 4236 ut
1008 4177 1111 4238 Sol
1155 4183 1409 4254 apparet
1458 4177 1654 4236 solum
1700 4174 1947 4252 Angelis
1995 4179 2368 4254 superiorum

256 4277 606 4350 Coelorum,
659 4288 723 4338 at
761 4280 1009 4356 Angelis
1057 4279 1399 4339 inferiorum
1444 4276 1761 4338 Coelorum
1797 4276 1972 4336 modo
2017 4286 2268 4358 apparet
2307 4281 2373 4335 ut
