2791 4778
375 381 609 437 CAPUT
650 381 963 439 SEXTUM.
1713 381 1895 437 VERS
1914 403 1926 436 ε
1974 392 2064 444 12.
2221 395 2331 446 385

233 549 368 603 sunt
395 544 500 617 qui
537 545 600 600 in
634 541 794 600 bono
832 542 1050 600 amoris
1085 542 1148 599 in
1182 540 1534 614 Dominum,
1574 558 1711 600 nam
1746 558 1915 602 mons
1956 542 2113 604 altus
2142 547 2331 621 signi-

232 644 361 703 ficat
395 643 458 701 id
498 642 749 718 bonnm3
806 643 908 717 qui
941 658 1128 716 super
1171 641 1326 700 colle
1361 641 1548 715 elato,
1588 648 1729 700 sunt
1767 645 1957 718 quiin
1990 642 2146 705 bono
2183 646 2331 705 cha·

231 745 414 803 ritatis
459 760 606 819 erga
638 744 1003 819 proximum,
1059 741 1231 800 collis
1271 743 1429 800 enim
1470 742 1763 818 significat
1806 744 1867 802 id
1914 743 2168 822 bonum3
2221 750 2337 806 rivi

233 852 282 904 et
320 845 539 902 ductus
579 860 868 919 aquarum
921 842 1257 918 significant
1304 841 1758 918 intelligentiam
1809 861 1882 902 ex
1929 847 2120 921 veris3
2177 847 2339 923 quod

229 952 360 1004 tunc
399 947 515 1003 erit
556 961 760 1001 verum
797 945 859 1000 in
908 942 1117 1019 Regno
1154 941 1453 1019 spirituali
1486 943 1726 1001 Domini
1777 947 1935 1004 sicut
1981 945 2094 1004 fuit
2127 964 2338 1006 verum

227 1048 386 1122 prius
428 1048 493 1103 in
538 1044 749 1119 Regno
805 1043 1084 1112 coelesti,
1137 1050 1198 1101 et
1244 1042 1403 1118 quod
1451 1049 1591 1102 ωηο
1642 1047 1753 1102 erit
1786 1063 1998 1105 verum
2029 1047 2091 1103 in
2125 1046 2335 1123 Regno

223 1146 473 1206 coelesti
509 1145 729 1203 bonum
766 1146 1018 1216 amoris,
1079 1143 1434 1219 intelligitur
1480 1161 1590 1219 per
1625 1145 1785 1220 quod
1838 1148 1948 1204 erit
1981 1146 2086 1204 lux
2121 1146 2329 1207 Lunae

224 1249 371 1306 sicut
413 1247 517 1304 lux
556 1244 713 1304 Solis
728 1288 745 1318 ‚
804 1250 865 1302 et
907 1242 1010 1303 lux
1061 1243 1219 1303 Solis
1263 1246 1375 1301 erit
1421 1245 1707 1320 septupla
1746 1248 1901 1304 sicut
1943 1246 2049 1304 lux
2099 1255 2336 1324 septem

223 1347 481 1421 dierum,
537 1364 648 1421 per
692 1345 886 1403 lucem
931 1346 1085 1403 enlm
1121 1343 1472 1419 intelligitur
1506 1345 1791 1404 Divinum
1832 1346 2059 1406 Verum
2109 1364 2331 1425 proce·-

221 1448 362 1507 (lons
403 1464 441 1505 a
480 1447 765 1519 Domino,
816 1462 927 1520 per
956 1445 1155 1518 ,lucem
1187 1443 1395 1502 Lunae
1432 1443 1717 1506 Divinum
1753 1445 1980 1505 Verum
2021 1449 2083 1505 in
2124 1448 2333 1525 Regno

221 1547 536 1624 spirituali,
566 1553 625 1604 et
649 1563 759 1621 per
783 1545 980 1604 lucem
1009 1544 1168 1605 Solis
1189 1546 1473 1604 Divinum
1493 1544 1720 1605 Verum
1746 1547 1807 1603 in
1823 1547 2032 1624 Regno
2063 1548 2335 1621 coelesti,

222 1667 323 1726 per
347 1646 697 1724 septuplum
725 1645 1092 1721 significatur
1117 1646 1361 1722 plenum
1387 1650 1450 1704 et
1483 1646 1834 1721 perfectum,
1869 1653 1931 1708 et
1956 1653 2097 1710 tunc
2123 1665 2336 1708 verum

222 1759 309 1809 est
334 1749 583 1824 plenum
616 1754 676 1804 et
702 1747 1051 1822 perfectum,
1081 1763 1214 1804 cum
1241 1751 1334 1805 est
1368 1745 1590 1805 bonum
1627 1764 1738 1806 seu
1772 1747 1994 1807 bonum
2027 1752 2092 1807 in
2124 1749 2332 1808 forma:

225 1849 382 1927 quod
412 1866 531 1907 non
558 1847 963 1922 intelligantur
990 1845 1096 1906 Sol
1121 1853 1179 1905 et
1206 1845 1378 1904 Luna
1399 1848 1461 1904 in
1487 1851 1686 1926 terris,
1723 1848 1832 1907 sed
1856 1848 2046 1909 Solet
2076 1851 2251 1911 Luna
2273 1851 2337 1909 in

219 1953 401 2010 coelis
413 1994 429 2023 ‚
472 1954 748 2007 constare
775 1954 996 2024 potest:
1035 1947 1342 2006 sciendum
1376 1954 1484 2018 est,
1512 1949 1672 2023 quod
1703 1966 1836 2009 cum
1865 1950 2331 2011 ultimumJudi-
2372 1955 2531 2019 [599]

218 2053 373 2112 cium
401 2051 728 2127 peragitur,
755 2055 1048 2123 appareat
1065 2047 1355 2105 Dominus
1382 2049 1442 2104 in
1470 2047 1668 2107 Coelis
1695 2051 1758 2106 in
1786 2050 1970 2108 multo
1998 2053 2210 2127 majori
2227 2053 2334 2128 ju-

220 2152 362 2211 bare
393 2157 453 2210 et
487 2149 825 2226 splendore,
867 2165 1045 2224 quam
1078 2149 1249 2217 alias,
1290 2154 1350 2205 et
1381 2148 1497 2205 hoc
1527 2165 1601 2206 ex
1630 2164 1831 2222 causa,
1865 2150 2003 2223 quia
2031 2158 2172 2209 tunc
2200 2152 2332 2211 An-

217 2252 339 2328 geli
363 2251 443 2309 ibi
473 2251 679 2310 fortius
707 2248 935 2307 tutandi
962 2255 1117 2322 sunt,
1143 2248 1423 2307 inferiora
1452 2250 1607 2306 enim
1638 2254 1776 2307 tunc
1807 2266 1942 2308 cum
1970 2249 2187 2327 quibus
2220 2267 2331 2311 cx-

221 2356 440 2412 teriora
472 2350 838 2427 Angelorum
878 2350 1470 2409 communicationem
1506 2348 1745 2420 habent,
1784 2351 1844 2408 in
1884 2349 2334 2427 perturbatione

227 2458 397 2526 sunt,
449 2452 581 2511 inde
632 2468 870 2528 quoque
926 2458 1049 2523 est,
1115 2454 1256 2526 quia
1304 2449 1376 2508 de
1419 2450 1624 2508 ultimo
1672 2449 1909 2510 Judicio
1962 2452 2057 2509 hic
2113 2454 2329 2527 agitur,

226 2552 388 2628 quod
428 2552 673 2623 dicatur,
730 2552 889 2627 quod
938 2551 1040 2609 lux
1087 2552 1294 2610 Lunae
1334 2553 1446 2608 erit
1480 2553 1636 2609 sicut
1671 2551 1772 2609 lux
1830 2550 2017 2626 Solis,
2076 2559 2135 2610 et
2172 2552 2333 2627 quod

217 2641 324 2712 luit
360 2651 516 2713 Solis
556 2656 668 2711 erit
701 2652 982 2728 septupla
1016 2654 1173 2711 sicut
1199 2652 1303 2710 lux
1329 2658 1564 2727 septem
1598 2651 1854 2728 dierum,
1893 2670 1965 2712 ac
1999 2652 2134 2713 ideo
2173 2652 2326 2712 dici-

217 2762 316 2813 tur
349 2754 510 2831 quod
545 2760 685 2811 tunc
734 2759 905 2809 erunt
944 2754 1052 2810 rivi
1101 2751 1314 2811 ductus
1355 2769 1645 2828 aquarum
1697 2768 1881 2830 super
1936 2756 2093 2812 omni
2129 2759 2334 2812 monte

214 2853 339 2913 alto
375 2859 664 2930 etsuper
700 2855 856 2911 omni
899 2853 1050 2911 colle
1089 2852 1248 2911 elato
1267 2894 1286 2927 ,
1350 2870 1462 2930 per
1504 2870 1659 2928 quae
1706 2853 2100 2930 intelligentia
2134 2854 2331 2913 abun-

213 2953 364 3013 dans
402 2954 564 3032 apud
597 2953 733 3012 illos
772 2955 873 3029 qui
910 2955 968 3010 in
1011 2954 1420 3030 superioribus
1473 2953 1771 3014 montibus
1821 2960 1881 3014 et
1924 2955 2335 3033 superioribus

212 3054 474 3114 collibus
522 3061 692 3128 sunt,
770 3071 908 3111 nam
973 3055 1286 3112 inferiores
1342 3061 1573 3113 montes
1627 3061 1688 3112 et
1735 3055 1921 3115 colles
1973 3063 2114 3115 sunt
2149 3072 2335 3132 super

209 3172 368 3231 quos
405 3161 546 3213 tunc
575 3155 895 3230 judicium:
954 3154 1110 3229 quod
1147 3154 1443 3214 Dominus
1492 3163 1787 3230 appareat
1820 3156 1937 3216 illis
1975 3160 2079 3233 qui
2110 3159 2171 3215 in
2204 3156 2331 3216 Re-

206 3272 328 3332 gno
369 3255 619 3315 coelesti
665 3256 865 3331 Ipsius
915 3262 1054 3312 sunt
1100 3262 1166 3313 ut
1207 3255 1342 3329 Sol,
1420 3262 1479 3314 et
1513 3255 1631 3313 illis
1669 3259 1773 3332 qui
1808 3258 1867 3313 in
1904 3257 2112 3333 Regno
2149 3257 2339 3333 spiri--

205 3352 365 3415 tuali
397 3354 598 3431 Ipsius
636 3362 778 3413 sunt
813 3361 877 3411 ut
927 3356 1130 3429 Luna,
1186 3356 1462 3415 videatur
1507 3358 1569 3413 in
1612 3353 1813 3432 Opere
1868 3356 1942 3415 de
1990 3356 2198 3415 Conco
2239 3373 2319 3413 m·

195 3453 487 3516 'lunam
536 3473 602 3514 n:
650 3458 677 3513 1
701 3458 785 3514 16
832 3455 907 3512 ad
957 3457 1134 3532 1253
1191 3463 1252 3514 et
1288 3455 1446 3532 quod
1499 3454 1630 3515 Lux
1674 3472 1747 3515 ex
1783 3455 1900 3513 illis
1937 3458 2015 3513 sit
2046 3455 2336 3515 Divinum

204 3553 471 3627 Verum,
523 3575 596 3615 n:
643 3560 775 3615 127
825 3556 903 3614 ad
938 3559 1076 3614 140
1113 3542 1214 3615 ib'i.
1319 3556 1504 3632 Apud
1537 3555 1805 3613 Eundem
1855 3552 2052 3627 „Non
2094 3551 2334 3612 occidet

201 3652 495 3734 amplius
543 3653 659 3716 Sol
703 3663 885 3731 tuus,
939 3662 999 3717 et
1036 3654 1232 3718 Luna
1287 3663 1403 3717 tua
1435 3673 1559 3715 non
1609 3651 1970 3733 colliyetur‚
2022 3651 2178 3733 quia
2215 3650 2332 3712 Je-

198 3753 416 3817 kovah
456 3756 579 3817 wit
614 3756 730 3817 tibi
781 3756 850 3816 in
896 3755 1095 3818 lucem
1140 3755 1569 3830 aeternitatis,
1619 3760 1681 3816 et
1732 3750 2159 3832 implebuntur
2193 3751 2335 3812 dies

203 3850 425 3917 tuctus
462 3856 611 3918 tui“
651 3858 794 3916 LX:
840 3860 962 3932 203
1002 3859 1199 3933 agitur
1233 3857 1423 3915 ibide
1451 3856 1729 3927 Domino,
1766 3863 1826 3915 et
1860 3854 1934 3913 de
1970 3866 2129 3912 novo
2162 3853 2333 3913 coelo

200 3961 270 4017 et
307 3973 464 4015 nova
499 3967 695 4031 terra,
736 3957 847 4016 hoc
889 3964 997 4032 est,
1039 3958 1111 4016 de
1135 3957 1410 4017 Ecclesia
1443 3955 1517 4014 ab
1542 3956 1686 4034 Ipso
1722 3954 2136 4029 instauranda3
2175 3953 2337 4029 quod

197 4062 338 4114 non
371 4062 701 4132 periturum
738 4058 959 4116 bonum
1009 4061 1226 4118 amoris
1263 4060 1322 4116 in
1358 4058 1684 4116 Dominum
1723 4063 1783 4117 et
1815 4056 2035 4115 bonum
2070 4054 2332 4113 charita-

205 4152 294 4221 tis
352 4173 490 4234 erga
536 4161 872 4236 proximum
925 4159 1043 4216 illis
1095 4161 1197 4235 qui
1246 4161 1305 4216 in
1351 4176 1426 4218 ea
1472 4158 1781 4227 Ecclesia,
1829 4156 2181 4232 intelligitur
2226 4172 2337 4232 pcr

200 4255 373 4330 quod
410 4277 526 4317 non
565 4259 797 4319 occidet
833 4259 1091 4334 amplius
1135 4258 1241 4318 Sol
1279 4264 1450 4331 tuus,
1496 4265 1556 4316 et
1584 4257 1756 4315 Luna
1793 4264 1896 4315 tua
1931 4274 2049 4315 non
2085 4256 2334 4333 collige-

322 4371 742 4427 Swedcnborg‚
777 4375 967 4427 Apoeal.
1000 4375 1112 4427 expl.
1146 4375 1204 4412 11.
1916 4360 1999 4413 25
