2791 4778
363 380 584 437 CAPUT
623 379 934 435 SEXTUM.
1584 378 1791 436 VERS:
1838 390 2040 441 9--11-
2198 390 2308 443 333

223 542 336 600 fera
370 557 515 617 quae
553 541 852 599 consumit
890 544 1249 613 sementem,
1305 541 1390 597 ita
1442 539 1572 598 fera
1620 544 1816 598 terrae
1866 536 2163 615 significat
2202 539 2310 599 illa

226 659 360 719 quae
397 641 706 700 destruunt
739 639 898 697 bona
923 639 1263 714 Ecclesiae3
1297 645 1357 698 et
1379 640 1509 698 fera
1544 642 1673 717 agri
1706 638 1997 715 significat
2021 639 2128 698 illa
2155 657 2311 717 quae

222 742 508 801 destruunt
540 758 688 799 vera
721 739 1048 814 Ecclesiae,
1089 758 1223 799 nam
1272 758 1382 816 per
1426 746 1643 799 terram
1685 739 2055 817 significatur
2089 741 2307 801 Eccle-

221 845 325 914 sia,
377 849 432 901 et
469 841 741 900 similiter
775 857 885 916 per
921 858 1160 916 agrum,
1215 840 1324 899 sed
1359 858 1470 917 per
1504 847 1722 900 terram
1771 839 2139 917 significatur
2186 842 2307 901 Ec·-

222 943 383 1001 clesia
417 960 491 1001 ex
528 949 705 1018 gente
748 949 807 1000 et
842 940 1066 1016 populo
1109 941 1220 1014 ibi,
1276 948 1334 999 et
1371 958 1485 1017 per
1534 960 1738 1018 agrum
1776 941 2051 1001 Ecclesia
2095 959 2172 1000 ex
2206 958 2309 1003 se-

219 1051 390 1103 mente
429 1050 489 1102 et
526 1060 598 1101 ex
635 1043 976 1117 receptione
1014 1044 1323 1101 seminum.

353 1145 512 1203 389.
581 1142 770 1201 Vers:
816 1146 876 1201 9.
928 1145 1036 1202 10.
1086 1146 1190 1200 11.
1279 1140 1375 1202 Et
1422 1160 1562 1202 eam
1613 1141 1969 1221 aperuisset
2016 1142 2310 1222 quintum

212 1240 522 1323 eiyillu‘m,
586 1242 728 1303 vidi
785 1243 997 1303 subter
1053 1240 1280 1303 Altarz'
1333 1241 1591 1302 animas
1650 1242 1997 1304 occisorum
2046 1250 2310 1322 propter

228 1341 472 1405 Verbum
498 1343 634 1405 Dei
648 1388 667 1418 ‚
717 1348 776 1402 et
791 1349 1056 1423 propter
1095 1341 1558 1403 Testimonium
1608 1342 1776 1422 quod
1813 1342 2129 1404 habebant.
2210 1342 2309 1405 Et

216 1440 552 1505 clamabant
591 1461 732 1504 voce
764 1462 1034 1524 magna,
1085 1442 1362 1504 dieentes
1377 1488 1394 1518 ‚
1450 1462 1645 1521 usque
1675 1462 1795 1522 quo
1836 1444 2141 1520 Domine,
2196 1443 2308 1524 qui

216 1551 456 1606 sanctus
492 1553 552 1606 et
593 1563 807 1618 veru-5²,
860 1563 984 1604 non
1000 1544 1301 1626 judicas,
1352 1550 1413 1604 et
1452 1543 1757 1616 vindica-2
1786 1545 2162 1624 sanquinem
2192 1563 2308 1607 no-

215 1652 400 1707 strum
434 1645 511 1706 de
548 1644 980 1706 habitantibus
1014 1664 1204 1725 super
1229 1649 1417 1705 terra.
1496 1643 1593 1705 Et
1629 1643 1819 1707 datae
1853 1644 2134 1726 sinyulz‘s
2169 1650 2304 1705 sto-

216 1743 300 1806 lae
333 1745 549 1820 albae;
612 1751 673 1805 et
714 1743 958 1808 dietum
1006 1746 1131 1815 eis,
1190 1752 1264 1806 ut
1298 1745 1747 1824 requiescerent
1795 1746 2005 1807 adhuc
2061 1754 2306 1826 tempus

205 1858 488 1927 parvum,
566 1864 761 1925 usque
809 1847 964 1907 dum
1026 1842 1440 1925 complentur,
1518 1853 1577 1907 et
1637 1848 1918 1909 conservi
1974 1866 2189 1907 eorum
2246 1850 2308 1907 et

202 1949 429 2028 fratre-9
463 1967 708 2018 eorum,
767 1946 881 2027 qui
914 1946 1137 2026 futuri
1185 1946 1462 2027 interfici
1513 1948 1679 2008 sieut
1729 1954 1788 2008 et
1842 1945 1965 2009 illi.
2050 1949 2126 2006 Et
2171 1966 2307 2008 cum

215 2052 530 2125 aperuisset
584 2040 849 2125 quintum
892 2048 1186 2124 sigillum,
1244 2048 1542 2124 significat
1589 2049 2059 2124 praedictionem
2112 2048 2307 2107 adhuc

211 2149 564 2209 ulteriorem:
621 2157 683 2209 et
716 2149 840 2208 vidi
873 2149 986 2207 snb
1024 2148 1229 2222 altari,
1285 2148 1580 2224 significat
1618 2151 1717 2222 qui
1752 2148 1864 2207 sub
1895 2149 2063 2207 coelo
2099 2165 2302 2207 reser-

213 2252 321 2308 vati
371 2256 533 2308 sunt:
592 2253 817 2308 ammas
857 2251 1186 2308 occisorum
1222 2257 1473 2325 propter
1506 2247 1775 2306 Verbum
1812 2248 1927 2307 Dei
1965 2254 2025 2306 et
2058 2253 2306 2323 propter

218 2350 621 2413 Testimonium
658 2351 817 2428 quod
843 2350 1173 2424 habebant,
1215 2349 1509 2426 significat
1541 2350 1641 2426 qui
1676 2350 1886 2426 rejecti
1921 2355 2059 2407 sunt
2095 2353 2155 2408 et
2189 2347 2301 2406 ab·

218 2451 322 2509 diti
351 2462 577 2528 propter
611 2453 892 2511 Divinum
926 2451 1169 2524 Verum,
1198 2457 1257 2511 et
1291 2458 1542 2528 propter
1569 2450 2002 2509 confessionem
2030 2450 2301 2508 Domini:

216 2557 275 2611 et
306 2551 620 2611 clamabant
670 2570 819 2612 voce
870 2569 1112 2628 magna,
1178 2551 1474 2629 significat
1527 2551 1789 2611 dolorem
1838 2552 2017 2609 animi
2062 2567 2300 2608 eorum:

215 2652 490 2727 dicentes,
563 2659 929 2730 usquequo
978 2653 1265 2726 Domine,
1342 2655 1445 2730 qui
1505 2659 1749 2711 sanctus
1801 2657 1862 2712 et
1912 2667 2120 2721 veruS,
2185 2666 2304 2710 non

202 2752 416 2828 judicas
453 2760 512 2812 et
557 2755 825 2814 vindicas
868 2756 1218 2829 sanguinem
1258 2761 1527 2813 nostrum
1563 2753 1636 2812 de
1670 2752 2078 2812 habitantibus
2117 2768 2301 2828 super
2341 2763 2501 2827 [505]

210 2859 383 2925 terra,
437 2855 733 2932 significat
768 2855 1031 2931 suspiria
1067 2854 1144 2913 ad
1183 2855 1505 2914 Dominum
1542 2855 1643 2930 qui
1677 2854 1927 2914 Justitia
1963 2853 2036 2912 de
2071 2853 2299 2931 judicio

214 2961 265 3012 et
295 2959 610 3015 remotione
648 2955 914 3030 illorum,
972 2958 1074 3030 qui
1121 2962 1561 3031 persequuntur
1598 2960 1657 3013 et
1695 2956 1978 3015 infestant
2012 2954 2146 3014 illos
2198 2956 2302 3030 qui

209 3056 537 3130 profitentur
595 3056 950 3129 Dominum,
1021 3062 1080 3114 et
1123 3057 1184 3114 in
1235 3049 1542 3113 charitatis
1595 3057 1722 3114 vita
1774 3064 1942 3116 sunt:
2016 3063 2075 3114 et
2121 3055 2299 3114 datae

211 3157 434 3232 singulis
483 3156 678 3217 stolae
728 3157 935 3231 albae,
1000 3156 1295 3233 significat
1341 3155 1624 3214 Divinum
1670 3156 1898 3216 Verum
1952 3175 1988 3216 a
2039 3155 2298 3216 Domino

210 3257 350 3332 apud
395 3257 564 3332 illos,
623 3262 683 3315 et
744 3259 1130 3316 tutationem:
1201 3263 1261 3316 et
1317 3256 1540 3315 dictum
1586 3259 1673 3315 eis
1718 3265 1785 3316 ut
1846 3243 2297 3333 requiescerent

209 3356 377 3417 adhuc
411 3366 650 3434 tempus
701 3376 989 3435 parvum,
1049 3358 1344 3434 significat
1381 3355 1642 3432 aliquam
1690 3357 1884 3416 adhuc
1922 3357 2293 3415 durationem

208 3455 380 3517 inillo
415 3466 612 3517 statu:
668 3475 857 3533 usque
906 3458 1045 3516 dum
1096 3458 1495 3534 complentur,
1561 3465 1620 3533 et
1668 3457 1944 3516 conservi
1992 3472 2195 3512 eorum
2233 3458 2295 3511 et

206 3554 393 3618 fratres
431 3576 634 3618 eorum
655 3602 670 3633 ‚
724 3561 823 3634 qui
857 3559 1041 3618 futuri
1076 3558 1326 3618 interfici
1362 3560 1518 3617 sicut
1557 3563 1617 3615 et
1651 3554 1766 3628 illi,
1820 3553 2115 3630 signifieat
2151 3551 2293 3611 dum

208 3662 379 3718 omnia
419 3666 832 3719 consummata
874 3665 1029 3717 sunt.

340 3761 495 3832 390.
580 3761 658 3818 Et
695 3777 831 3819 cum
866 3760 1203 3836 aperuisset
1249 3760 1518 3835 quintum
1553 3755 1830 3833 sigillum,
1888 3754 2048 3838 quod
2100 3755 2290 3831 signi-

204 3853 319 3917 ficet
351 3861 818 3936 praedictionem
846 3861 1040 3919 adhuc
1078 3859 1450 3933 ulteriorem,
1493 3864 1727 3917 constat
1761 3873 1835 3914 ex
1864 3854 2294 3932 significatione

207 3963 414 4032 aperire
449 3961 651 4037 sigilla
684 3961 850 4036 libri,
908 3960 1067 4036 quod
1100 3963 1179 4020 sit
1222 3959 1496 4019 revelare
1548 3957 1901 4017 abscondita
1950 3963 2010 4015 et
2046 3957 2292 4033 praedi·

207 4070 324 4118 cere
355 4062 587 4135 futura,
627 4061 702 4121 de
742 4078 862 4138 qua
895 4078 1082 4137 supra
1121 4079 1187 4119 n:
1232 4061 1393 4119 352.
1436 4061 1596 4119 361.
1643 4059 1804 4118 369.
1850 4059 2009 4117 378.

339 4163 497 4222 391.
579 4163 657 4221 Et
703 4162 827 4220 vidi
872 4161 984 4220 sub
1026 4161 1231 4237 altari,
1290 4158 1449 4235 quod
1493 4159 1784 4236 significet
1821 4160 1924 4235 qui
1961 4159 2076 4218 sub
2126 4157 2296 4219 coelo

204 4264 468 4322 reservati
503 4269 672 4338 sunt,
713 4269 951 4323 constat
986 4279 1062 4321 ex
1096 4261 1526 4337 significatione
1561 4259 1795 4334 videre,
1853 4260 2013 4336 quod
2047 4262 2125 4318 sit
2160 4277 2291 4318 ma-
