2791 4778
386 345 495 398 182
799 328 1289 387 APOCALYPSIS
1331 326 1768 387 EXPLICATA.
1850 329 1899 398 §-
1942 336 2071 391 855.

382 492 590 566 batur,
643 495 842 568 patet,
906 506 1045 548 nam
1098 487 1331 562 dicitur,
1366 503 1483 546 vae
1535 486 1709 546 nobis
1756 488 1899 563 quia
1941 485 2243 546 devastati
2274 501 2497 560 sumus,

388 590 672 670 quamdiu
722 588 1244 648 commorabuntur
1276 589 1338 646 in
1372 585 1570 646 medio
1604 588 1696 647 tui
1730 587 2121 663 cognationes
2153 587 2502 662 iniquitatis,

384 691 637 751 vastitas
685 689 799 747 erit
841 693 973 748 tota
1022 693 1211 762 terra,
1274 692 1405 746 tota
1450 685 1595 745 urbs
1657 686 1918 746 deserta.
1992 683 2176 761 Apud
2234 685 2506 754 Eundem

386 786 604 866 „Ecce
625 784 908 868 populus
950 786 1199 847 veniens
1222 805 1255 845 e
1282 794 1454 848 tem-a
1491 784 1957 866 septentrionis,
1993 789 2053 844 et
2083 803 2243 865 qens
2268 802 2507 865 maqna

383 886 772 951 eoeoitabitar
793 905 837 947 a
871 884 1175 948 lateribus
1208 889 1430 959 tem-ae,
1487 903 1613 947 vom
1660 902 1875 946 eorum
1908 883 2078 945 sicut
2115 900 2296 946 mare
2334 902 2504 944 reeo-

381 993 515 1064 nat,
555 994 616 1049 et
655 1005 846 1066 super
870 985 1048 1066 equis
1082 984 1413 1065 equitant“
1454 981 1561 1044 VI:
1604 988 1715 1045 22.
1759 987 1872 1045 23.
1903 985 2060 1062 Capt
2097 983 2182 1043 L:
2222 986 2342 1043 41.
2379 986 2505 1058 423

387 1087 660 1148 similiter
703 1087 800 1147 hic
836 1084 1193 1146 describitur
1239 1086 1574 1145 devastatio
1608 1084 1921 1144 Ecclesiae
1967 1101 2079 1162 per
2128 1083 2289 1142 salsa
2337 1082 2506 1159 mali;

383 1195 547 1248 terra
580 1188 1036 1264 septentrionis,
1092 1191 1151 1243 et
1186 1184 1380 1245 latera
1415 1192 1614 1244 terrae
1648 1190 1791 1243 sunt
1823 1184 1981 1243 unde
2015 1184 2148 1257 illa,
2206 1189 2374 1241 terra
2406 1198 2503 1242 se·

382 1288 743 1367 ptentrionis
778 1286 933 1345 unde
963 1284 1137 1358 falsa,
1168 1292 1230 1344 et
1253 1283 1448 1345 latera
1473 1291 1670 1344 terrae
1697 1284 1856 1343 unde
1888 1282 2078 1352 mala,
2115 1299 2227 1359 per
2251 1290 2502 1359 septen-

386 1387 638 1446 trionem
667 1387 824 1444 enim
849 1383 1218 1462 significatur
1243 1383 1405 1461 quod
1428 1389 1723 1443 remotum
1751 1401 1789 1442 a
1811 1386 1973 1447 veris
2009 1388 2129 1456 est,
2184 1389 2248 1440 et
2276 1399 2389 1459 per
2413 1381 2502 1440 la-

386 1493 520 1545 tera
542 1493 740 1545 terrae
767 1485 931 1562 quod
958 1491 1251 1544 remotum
1286 1500 1324 1541 a
1348 1483 1552 1553 bonis,
1587 1500 1775 1559 quare
1802 1483 2019 1543 dicitur
2045 1498 2195 1560 gens
2222 1482 2301 1540 de
2326 1481 2421 1543 his
2449 1487 2503 1539 et

383 1584 644 1663 populus
674 1584 749 1645 de
780 1585 919 1658 illis,
957 1601 1094 1644 nam
1128 1601 1239 1661 per
1271 1590 1512 1660 gentem
1544 1582 1963 1659 intelliguntur
1990 1583 2180 1660 quiin
2205 1581 2404 1658 malis,
2448 1589 2503 1640 et

383 1702 496 1763 per
518 1683 806 1763 populum
836 1685 1024 1760 quiin
1050 1684 1237 1758 falsis,
1274 1682 1553 1742 videatur
1578 1698 1772 1759 supra
1790 1701 1864 1743 n:
1900 1684 2075 1757 3313
2128 1682 2499 1741 ratiocinatio

384 1801 594 1843 eorum
628 1782 993 1859 significatur
1026 1801 1138 1861 per
1163 1782 1326 1859 quod
1349 1799 1471 1841 vox
1509 1799 1714 1842 eorum
1749 1785 1906 1843 sicut
1943 1799 2109 1842 mare
2144 1789 2408 1854 resonet,
2445 1787 2501 1840 et

382 1881 545 1960 quod
581 1899 766 1959 super
799 1883 969 1957 equis
1005 1884 1294 1959 equitent.
1348 1880 1529 1959 Apud
1565 1881 1946 1942 Ezechielem
1985 1925 2024 1956 „
2046 1880 2273 1943 Venice
2311 1898 2345 1939 e
2373 1878 2499 1941 loco

382 1987 495 2043 tuo
559 1999 593 2040 e
643 1977 949 2043 lateribus
1000 1981 1475 2061 septem-imis,
1543 1986 1615 2040 tu
1661 1986 1721 2040 et
1765 1978 1996 2060 populi
2045 1979 2241 2041 inulti
2262 1986 2496 2054 wcum,

383 2078 735 2160 equitantes
770 2080 947 2160 equis
983 2098 1223 2156 omme,
1268 2087 1329 2142 et
1362 2076 1663 2141 ascendes
1698 2088 1914 2142 contra
1940 2078 2254 2160 populu-m
2297 2098 2500 2140 meum

382 2175 722 2255 Israelem,
776 2180 946 2241 sicut
980 2181 1174 2241 nubes
1209 2178 1300 2240 ad
1341 2177 1750 2260 obteqemdum
1788 2182 2071 2241 tmam“
2124 2178 2499 2239 XXXVIII:

393 2283 504 2341 15.
546 2284 575 2341 1
598 2284 670 2357 65
722 2280 876 2340 haec
912 2280 986 2339 de
1026 2278 1227 2357 Gogn,
1280 2297 1392 2357 per
1428 2297 1604 2355 quem
1661 2279 2030 2356 significatur
2064 2278 2262 2339 cultus
2303 2286 2497 2338 exter-

378 2398 495 2442 nus
531 2380 760 2466 absque
795 2381 920 2441 ullo
947 2382 1218 2456 intern03
1254 2379 1449 2440 latera
1483 2381 1906 2457 septentrionis
1943 2380 2280 2456 significant
2313 2378 2411 2438 hic
2435 2384 2500 2436 ut

378 2496 568 2559 supra
612 2490 912 2541 remotum
961 2498 1000 2539 a
1032 2479 1208 2539 bonis
1261 2486 1323 2539 et
1357 2482 1550 2555 veris,
1615 2486 1677 2538 et
1710 2482 1796 2539 sic
1833 2478 1990 2538 unde
2024 2478 2179 2538 salsa
2213 2478 2389 2555 mali;
2444 2484 2502 2537 et

380 2583 524 2658 quia
567 2581 706 2642 inde
741 2582 1170 2640 ratiocinantur
1222 2588 1283 2640 et
1328 2581 1681 2656 impugnant
1713 2596 1860 2638 vera
1891 2578 2239 2650 Ecclesiae,
2293 2586 2355 2638 et
2393 2596 2500 2638 ex·-

384 2682 694 2757 stinguunt
751 2681 885 2754 illa,
942 2680 1157 2741 dicitur
1192 2682 1529 2756 equitantes
1581 2681 1770 2755 equis,
1801 2694 2041 2753 omnes,
2100 2686 2158 2737 et
2208 2678 2501 2737 ascendes

378 2782 587 2838 contra
619 2779 906 2856 populum
943 2796 1140 2839 meum
1175 2777 1496 2852 Israelem,
1546 2782 1702 2839 sicut
1743 2777 1938 2837 nubes
1987 2779 2061 2836 ad
2101 2777 2500 2855 obtegendum

378 2883 620 2951 terram,
658 2880 996 2954 equitantes
1026 2883 1197 2955 equis
1223 2885 1363 2939 sunt
1388 2880 1896 2953 ratiocinationes,
1934 2877 2263 2937 ascendere
2292 2884 2498 2937 contra

376 2975 669 3054 populum
701 2976 1022 3051 Israelem,
1081 2986 1143 3038 et
1177 2979 1462 3056 obtegere
1497 2985 1748 3049 terram,
1804 2977 2099 3054 significat
2142 2980 2499 3054 impugnare

375 3093 526 3135 vera
556 3075 901 3150 Ecclesiae,
967 3083 1029 3136 et
1077 3081 1458 3155 exstinguere
1506 3077 1640 3152 illa,
1693 3077 1886 3136 nubes
1950 3084 2091 3135 sunt
2148 3076 2306 3137 salsa
2341 3076 2500 3135 mali.

376 3175 557 3254 Apud
593 3174 907 3235 Danielem
946 3175 1077 3250 „In
1112 3181 1384 3255 tempore
1409 3177 1576 3257 finis
1611 3174 1868 3237 collidet
1898 3195 2017 3238 rem
2042 3175 2337 3236 meridiei
2359 3194 2504 3237 eum

373 3291 522 3353 πρε
555 3275 1017 3354 septentrionis,
1071 3276 1213 3337 ideo
1252 3277 1444 3356 quasi
1471 3273 1758 3356 procella
1797 3275 1998 3337 irruet
2047 3274 2119 3336 in
2152 3273 2346 3336 illum
2386 3294 2504 3337 reat

374 3374 818 3456 septembr-ionis
829 3421 847 3452 ,
917 3396 1058 3438 cum
1114 3395 1308 3437 curm
1357 3385 1418 3439 et
1478 3395 1619 3437 cum
1678 3360 2014 3455 equitibus,
2079 3381 2141 3436 et
2187 3394 2332 3436 cum
2378 3394 2502 3436 na-

373 3474 555 3537 vibus
587 3471 844 3553 multis,
899 3483 960 3539 et
1009 3476 1210 3538 veniet
1249 3475 1322 3536 in
1375 3481 1612 3549 terras,
1691 3483 1752 3537 et
1805 3474 2144 3538 inundabit
2200 3480 2262 3535 et
2307 3493 2499 3555 pene-

371 3575 617 3638 brabiffl
664 3575 791 3635 XIx
848 3579 974 3654 403
1036 3579 1236 3654 agitur
1282 3577 1343 3634 in
1390 3576 1494 3635 illo
1547 3574 1760 3654 Capite
1837 3575 1910 3636 de
1954 3593 2162 3655 pugna
2195 3578 2358 3652 regis
2396 3592 2497 3635 se·-

375 3676 733 3753 ptentrionis
783 3692 918 3735 cum
965 3693 1109 3754 rege
1160 3675 1465 3747 meridici,
1530 3683 1590 3735 et
1649 3693 1761 3754 per
1807 3693 2011 3753 regem
2070 3677 2498 3752 septentrionis

370 3774 735 3859 intelligitur
762 3774 980 3833 salsum
1021 3794 1096 3834 ex
1136 3774 1311 3848 male,
1354 3792 1426 3833 ac
1464 3792 1576 3849 per
1612 3792 1813 3851 regem
1858 3774 2129 3835 meridiei
2179 3792 2394 3834 verum
2429 3792 2502 3834 ex

369 3870 560 3948 bono;
616 3888 802 3948 quare
854 3879 1052 3950 patet,
1105 3872 1268 3950 quod
1293 3872 1424 3947 illa,
1489 3890 1642 3949 quae
1689 3876 1751 3934 in
1801 3892 1874 3934 eo
1927 3874 2139 3953 Capite
2199 3873 2498 3948 dicuntur,

374 3987 495 4029 non
530 3970 691 4031 dict-a
724 3971 845 4030 sint
879 3972 953 4032 de
990 3972 1192 4050 aliquo
1228 3974 1431 4033 futuro
1465 3973 1627 4033 bello
1662 3975 1818 4035 inter
1854 3974 2006 4033 duos
2029 3990 2240 4051 reges,
2279 3974 2393 4034 sed
2429 3973 2499 4032 de

370 4072 590 4148 pugnis
628 4069 767 4130 salsi
801 4088 875 4132 ex
903 4072 1062 4133 malo
1099 4079 1305 4133 contra
1332 4092 1539 4134 verum
1577 4091 1652 4133 ex
1686 4073 1872 4150 bono;
1911 4091 2124 4134 currus
2163 4080 2224 4133 et
2259 4075 2496 4150 equites

375 4186 507 4230 cum
545 4169 763 4251 quibus
818 4174 1007 4234 irruet
1040 4189 1145 4234 rex
1196 4174 1619 4251 septentrionis
1658 4180 1796 4233 sunt
1857 4174 2338 4252 impugnationes
2376 4173 2502 4233 veri
