2791 4778
387 362 618 418 CAPUT
661 362 971 419 sExTUM.
1063 317 1072 330 ⁸
1733 345 1941 417 vene:
1987 367 2074 421 13.
2231 369 2341 421 413

239 528 393 584 initio
433 525 511 584 ad
544 523 723 583 finem
759 538 876 581 non
913 522 1093 580 fuerit
1120 521 1341 582 bonum
1369 521 1645 582 naturale
1682 522 1845 600 apud
1878 523 2042 583 illam
2073 523 2342 600 gentem3

236 631 496 703 per‘tres
547 639 734 682 annos
782 624 938 682 enim
985 622 1350 698 significatur
1398 628 1524 681 tota
1574 623 1886 698 periodus,
1943 640 2053 683 seu
2103 630 2344 697 tempus
2385 622 2542 684 [61⁷]

237 726 533 788 ali-initio
563 715 657 782 ‘ad
704 722 912 797 finem3
977 728 1039 781 et
1074 739 1185 798 per
1231 724 1490 783 fructum
1526 723 1675 782 ficus
1723 723 2090 801 significatur
2126 724 2348 783 bonum

233 825 555 906 naturale,
603 841 713 901 per
766 823 988 880 bonum
1033 822 1306 883 naturale
1356 823 1708 900 intelligitur
1762 824 1982 883 bonum
2028 822 2347 902 spirituale

231 925 536 1000 naturale,
601 941 710 982 seu
753 923 973 981 bonum
1006 925 1067 980 in
1110 923 1372 983 naturali
1424 941 1498 983 ex
1545 924 1876 1000 spirituali;
1933 931 1993 983 et
2041 926 2180 1001 quia
2223 922 2347 980 Ec·-

232 1026 421 1090 clesia
447 1044 492 1085 a
527 1024 781 1097 talibus,
822 1026 924 1099 qui
959 1041 1077 1082 non
1115 1025 1175 1081 in
1217 1024 1371 1084 bono
1409 1023 1695 1096 naturali,
1757 1032 1822 1081 ut
1863 1032 1991 1083 erat
2030 1042 2176 1101 gens
2223 1021 2343 1081 Ju-

229 1127 440 1202 daica,
467 1143 589 1185 non
625 1131 718 1183 est
756 1123 1058 1193 Ecclesia,
1111 1123 1246 1183 ideo
1285 1126 1463 1184 etiam
1503 1124 1744 1199 dicitur,
1809 1124 1952 1201 quid
2000 1127 2178 1185 etiam
2215 1128 2341 1180 ter-

225 1246 355 1288 ram
412 1226 822 1304 infrugiferam
883 1225 1090 1294 faciat,
1160 1229 1319 1283 terra
1372 1232 1465 1285 est
1523 1224 1835 1301 Ecclesia3
1905 1225 2064 1301 quod
2108 1224 2344 1283 vinitor

225 1329 466 1402 dixerit,
532 1335 599 1385 ut
647 1325 842 1384 adhuc
893 1325 1358 1399 relinqueretur,
1417 1334 1476 1385 et
1529 1324 1834 1384 foderetur
1887 1328 2109 1385 circum
2159 1323 2343 1397 illam,

218 1421 521 1507 significat
587 1426 747 1503 quod
799 1425 1171 1501 relinquetur
1230 1432 1289 1483 et
1346 1425 1505 1501 quod
1565 1425 1937 1484 instruentur
1996 1426 2249 1502 posthac
2309 1440 2347 1480 a

224 1530 621 1597 ChristianiS,
670 1510 732 1584 in
769 1543 1018 1600 quorum
1058 1524 1252 1583 medio
1294 1531 1497 1601 erunt3
1549 1525 1659 1584 sed
1715 1528 1855 1602 quia
1908 1527 2056 1585 nihil
2103 1526 2179 1586 ad
2231 1523 2347 1584 hoc

222 1628 737 1707 respondebatur,
801 1626 1151 1702 iutelligitur
1188 1626 1350 1700 quod
1385 1626 1536 1685 ficus
1588 1643 1778 1701 usque
1816 1627 2041 1686 nullum
2086 1628 2346 1687 fructum

223 1731 597 1809 productura
629 1729 740 1801 sit,
797 1726 908 1783 hoc
948 1732 1067 1798 est,
1110 1725 1268 1800 quod
1309 1726 1472 1786 Gens
1504 1726 1611 1787 illa
1646 1726 1873 1786 nullum
1909 1729 2150 1798 bonum,
2187 1724 2346 1803 quod

223 1850 296 1892 ex
333 1831 538 1908 aliquo
575 1827 872 1905 spirituali
906 1825 1210 1903 procedit,
1246 1825 1478 1885 factura
1512 1830 1607 1886 sit.
1662 1828 1794 1887 Hoc
1830 1829 2199 1906 significatur
2233 1841 2345 1903 per

224 1927 432 1992 Ficum
471 1929 828 2000 arefactam,
887 1933 1209 2002 propterea
1260 1928 1418 2003 quod
1463 1927 1756 1987 Dominus
1809 1929 2036 1989 nullum
2086 1930 2346 1988 fructum

222 2035 396 2091 inea
428 2032 753 2102 invenerit,
805 2027 966 2103 apud
1003 2026 1372 2087 Matthaeum
1428 2026 1669 2100 „Mane
1700 2034 2013 2088 revertens
2041 2028 2235 2089 Jesus
2273 2026 2345 2086 in

223 2130 454 2194 *Urbem
500 2127 800 2212 esuri-vit,
864 2131 923 2186 et
975 2125 1198 2186 videns
1226 2127 1429 2206 ficum
1472 2145 1668 2186 unam
1718 2125 1790 2187 in
1837 2127 1989 2201 via,
2038 2129 2209 2188 venit
2254 2125 2346 2186 ad

221 2251 398 2302 eam,
451 2229 562 2290 sed
594 2226 762 2289 nihil
802 2227 1040 2289 invenit
1085 2228 1156 2289 in
1187 2223 1310 2287 illa
1360 2226 1496 2287 nisi
1529 2224 1739 2307 solia,
1802 2226 1943 2287 ideo
1995 2227 2174 2290 dixit
2214 2223 2340 2302 illi,

222 2351 301 2394 ne
326 2329 593 2412 posthac
624 2348 703 2392 θα)
740 2335 799 2389 te
835 2335 1148 2388 nascatur
1181 2326 1253 2388 in
1297 2333 1646 2404 aeternum,
1701 2326 1868 2388 unde
1919 2329 2210 2409 arefacta
2246 2332 2343 2388 est

235 2450 319 2493 ex
364 2438 632 2510 tempore
664 2432 882 2512 ficu-s·“
933 2429 1120 2489 XX1=
1168 2431 1277 2488 18.
1321 2433 1431 2489 19.
1485 2429 1680 2488 Marc:
1718 2429 1844 2489 XI:
1892 2433 1999 2490 12.
2057 2432 2179 2505 133
2234 2445 2347 2506 per

228 2532 414 2593 ficum
457 2533 630 2590 etiam
665 2532 761 2590 hic
798 2531 1151 2606 intelligitur
1182 2529 1459 2590 Ecclesia
1496 2531 1658 2606 apud
1699 2529 1952 2590 Gentem
1989 2518 2341 2609 Judaicam3

205 2621 392 2711 'quod
446 2632 607 2709 apud
642 2632 806 2691 illam
842 2638 1080 2707 gentem
1126 2645 1244 2688 non
1288 2630 1529 2708 aliquod
1575 2630 1795 2690 bonum
1839 2630 2115 2690 naturale
2162 2635 2345 2701 esset,

223 2733 334 2793 sed
368 2731 546 2791 modo
582 2751 793 2792 verum
830 2731 1241 2804 falsificatum,
1301 2732 1459 2807 quod
1494 2733 1556 2788 in
1590 2747 1656 2789 se
1695 2737 1789 2789 est
1822 2732 2060 2805 falsum,
2107 2728 2339 2808 signifi-

222 2841 392 2894 catur
423 2850 539 2910 per
575 2832 733 2908 quod
767 2832 1063 2891 Dominus
1092 2834 1323 2890 venerit
1358 2831 1435 2888 ad
1473 2831 1677 2904 ficum,
1733 2832 1844 2890 sed
1877 2833 2022 2892 nihil
2055 2832 2346 2892 invenerit

218 2935 423 2994 infilla
459 2936 575 2992 nisi
611 2929 792 3002 folia,
845 2934 1071 2992 fructus
1124 2949 1299 3008 quem
1353 2949 1468 2989 non
1514 2933 1739 2992 invenit
1781 2934 2072 3010 significat
2121 2933 2344 2994 bonum

220 3034 531 3106 naturale,
586 3034 762 3109 quale
816 3050 1004 3110 supra
1054 3032 1422 3110 descriptum
1472 3039 1594 3107 est,
1678 3040 1740 3093 et
1791 3035 1997 3094 folium
2044 3034 2344 3112 significat

218 3146 432 3199 verum
483 3133 889 3216 falsificatum,
955 3133 1116 3209 quod
1163 3136 1224 3191 in
1278 3150 1344 3192 se
1399 3140 1494 3192 est
1540 3134 1794 3207 falsum,
1851 3154 1990 3194 nam
2038 3135 2247 3196 folium
2279 3135 2343 3193 in

216 3235 427 3297 Verbo
476 3235 770 3310 significat
808 3252 1044 3307 verum,
1101 3233 1207 3292 sed
1255 3231 1464 3292 folium
1515 3235 1743 3294 arboris
1783 3252 1936 3310 quae
1987 3241 2078 3296 est
2113 3235 2341 3311 absque

215 3336 417 3396 fructu
456 3336 751 3410 significat
796 3334 1046 3408 falsum,
1104 3341 1165 3392 at
1200 3333 1362 3409 apud
1411 3334 1577 3393 illam
1609 3340 1847 3410 gentem
1884 3352 2091 3393 verum
2126 3333 2339 3393 falsifi-

215 3443 464 3505 catum,
519 3438 658 3512 quia
691 3435 995 3493 habebant
1029 3433 1328 3502 Verbum,
1378 3437 1440 3493 in
1479 3451 1594 3509 quo
1629 3451 1775 3492 vera
1809 3439 1975 3507 sunt3
2029 3433 2140 3492 sed
2185 3448 2340 3507 quae

214 3535 693 3597 falsificaverunt
749 3553 862 3612 per
913 3534 1385 3610 applicationem
1453 3533 1528 3592 ad
1588 3549 1693 3607 se,
1773 3531 1931 3591 unde
1985 3531 2339 3590 traditiones

215 3654 462 3713 eorum3
518 3635 677 3712 quod
722 3634 885 3695 Gens
921 3635 1026 3693 illa
1059 3652 1360 3712 nusquam
1387 3631 1641 3710 ⁴aliquod
1686 3632 1906 3690 bonum
1950 3630 2223 3690 naturale
2264 3648 2342 3689 ex

214 3739 451 3816 origine
498 3735 826 3811 spirituali,
885 3735 1043 3812 quod
1084 3743 1336 3794 vocatur
1384 3733 1697 3810 spirituale
1742 3726 2049 3806 naturale,
2103 3732 2343 3791 factura

211 3838 320 3913 sit,
382 3836 754 3913 significatur
788 3853 897 3912 per
944 3835 1132 3894 verba
1183 3851 1337 3911 quae
1375 3834 1670 3893 Dominus
1719 3833 1793 3893 de
1844 3833 1949 3892 illa
1997 3831 2176 3904 dixit,
2227 3847 2342 3891 nec

212 3936 477 4014 posthac
532 3954 601 3996 ex
653 3942 711 3995 te
762 3944 1042 3996 nascetur
1092 3938 1150 3993 in
1203 3941 1543 4003 aeternum,
1606 3933 1764 3994 unde
1814 3932 2080 3993 arefacta
2125 3936 2222 3992 est
2269 3945 2345 3992 ex

215 4043 521 4116 tempore,
594 4054 705 4112 per
743 4037 976 4095 arefieri
1015 4034 1386 4113 significatur
1440 4051 1559 4093 non
1602 4034 1823 4093 bonum
1865 4040 1926 4094 et
1960 4050 2168 4092 verum
2213 4049 2344 4092 am-

214 4137 409 4213 plius;
467 4137 625 4214 quod
661 4137 954 4197 Dominus
993 4137 1109 4197 hoc
1146 4135 1365 4195 viderit
1404 4141 1465 4194 et
1515 4134 1729 4194 dixerit
1766 4151 1899 4194 cum
1932 4150 2215 4195 reversus
2253 4139 2348 4196 est

215 4238 273 4297 in
311 4239 530 4306 arbem
587 4244 647 4296 et
697 4239 978 4310 esurivit,
1055 4243 1148 4298 est
1218 4238 1360 4312 quia
1419 4253 1528 4312 per
1577 4233 1802 4296 Urbem
1863 4235 2348 4315 Hierosolymam
