2791 4778
500 313 736 368 CAPUT
781 271 1125 380 QUINTUM,
1850 316 2061 369 VERS:
2110 327 2199 378 11.
2362 329 2465 380 135

335 472 567 546 decim,
606 478 673 531 ut
707 474 767 530 in
804 474 931 531 suis
959 471 1110 530 locis
1149 476 1457 529 ostensum
1494 477 1615 546 est,
1654 472 1862 531 similis
1899 490 1997 533 res
2035 482 2130 533 est
2167 491 2300 534 cum
2327 475 2463 552 My-

331 572 507 631 riade
572 578 634 631 et
670 569 971 647 chiliade,
1028 588 1182 649 quae
1242 571 1340 631 hic
1402 573 1807 632 nominantur:
1874 576 1953 632 sit
2013 592 2125 651 pro
2189 577 2464 654 exemplo

331 688 623 733 numerus
653 670 927 749 Septem,
966 675 1018 731 is
1056 690 1172 731 non
1210 671 1508 748 significat
1532 678 1782 749 septem,
1823 673 1930 742 sed
1969 677 2183 745 omnia,
2218 675 2463 751 plenum

333 780 400 832 et
434 779 659 848 totum,
715 772 991 832 videatur
1054 789 1239 849 supra
1290 791 1359 830 n:
1406 773 1583 831 257:
1640 773 1780 849 quid
1836 781 2036 833 autem
2069 775 2367 851 myriades
2404 783 2465 836 et

328 872 625 933 chiliades
662 872 1029 948 significant,
1065 889 1222 932 nunc
1260 873 1523 947 dicetur;
1577 872 1876 951 myriades
1914 874 2249 950 significant
2281 877 2460 935 innu-

329 972 675 1042 merabilia,
712 973 983 1033 similiter
1021 972 1340 1045 chiliadeS,
1380 973 1491 1032 sed
1526 975 1824 1049 myriades
1862 973 2144 1033 dicuntur
2178 974 2251 1035 de
2282 979 2462 1046 veris,

329 1091 406 1132 ac
445 1072 731 1132 chiliades
770 1073 843 1133 de
878 1074 1083 1143 boniS,
1131 1073 1268 1131 inde
1307 1081 1403 1133 est
1440 1074 1599 1149 quod
1644 1092 1755 1150 per
1793 1075 2087 1151 myriades
2127 1077 2458 1153 myriadum

328 1182 395 1234 et
434 1173 722 1233 chiliades
758 1173 1076 1233 chiliadum
1114 1174 1520 1249 significentur
1568 1174 2030 1234 innumerabiles
2069 1178 2169 1252 qui
2202 1180 2264 1235 in
2298 1181 2458 1237 veris

328 1284 396 1334 et
431 1274 897 1333 innumerabiles
950 1277 1051 1350 qui
1093 1278 1154 1333 in
1187 1274 1398 1350 bonis;
1452 1275 1540 1333 illi
1594 1278 1697 1350 qui
1742 1278 1801 1334 in
1838 1276 2217 1336 inferioribus
2259 1277 2456 1337 Coelis

329 1381 506 1446 sunt,
544 1374 618 1433 de
655 1375 870 1450 quibus
906 1376 1056 1434 haec
1084 1376 1374 1449 dicuntur,
1414 1374 1687 1435 similiter
1721 1393 1790 1434 ac
1825 1376 1914 1434 illi
1948 1378 2049 1453 qui
2081 1380 2143 1435 in
2176 1380 2455 1454 superio·-

326 1475 530 1548 ribuS,
582 1474 657 1534 de
707 1476 921 1549 quibus
970 1492 1157 1552 supra
1204 1479 1424 1534 actum
1452 1484 1573 1550 est,
1631 1495 1705 1536 ex
1752 1475 1984 1535 duobus
2022 1477 2246 1553 Regnis
2297 1485 2453 1553 sunt,

325 1593 548 1652 nempe
588 1592 662 1634 ex
691 1575 900 1652 Regno
939 1576 1237 1652 spirituali
1275 1583 1334 1634 et
1364 1593 1439 1635 ex
1466 1576 1678 1653 Regno
1709 1577 1975 1651 coelesti,
2017 1581 2116 1654 qui
2146 1595 2218 1637 ex
2246 1578 2455 1653 Regno

327 1676 633 1756 spirituali
683 1685 854 1752 sunt,
907 1677 997 1736 illi
1043 1677 1458 1752 intelliguntur
1511 1696 1622 1753 per
1669 1678 1804 1736 illos
1858 1680 1960 1754 qui
2009 1680 2069 1735 in
2104 1681 2299 1748 veriS,
2355 1682 2459 1755 qui

325 1784 533 1839 autem
569 1795 642 1837 ex
677 1776 887 1854 Regno
937 1776 1188 1837 coelesti
1221 1785 1383 1850 sunt,
1440 1777 1528 1836 illi
1579 1777 1988 1856 intelliguntur
2037 1797 2146 1856 per
2180 1779 2315 1839 illos
2352 1781 2455 1858 qui

322 1882 389 1939 in
452 1877 656 1953 bonis5
728 1878 1239 1962 innumerabilitas
1300 1877 1509 1936 horum
1573 1878 1948 1955 significatur
1993 1898 2106 1955 per
2166 1879 2453 1940 chiliades

326 1978 687 2049 chiliadum,
724 1986 785 2038 et
817 1977 1328 2057 innumerabilitas
1363 1978 1601 2037 illorum
1627 1980 1991 2056 significatur
2016 1997 2127 2057 per
2154 1980 2453 2057 myriades
2560 2027 2563 2030 Α

321 2078 693 2157 myriadum;
747 2081 807 2137 in
857 2095 1041 2138 sensu
1093 2085 1294 2137 autem
1340 2078 1669 2152 abstracto,
1711 2082 1812 2155 qui
1866 2086 1959 2138 est
2000 2097 2183 2140 verus
2234 2096 2451 2140 sensus

322 2179 696 2258 spiritualis,
734 2180 1142 2256 significantur
1188 2178 1649 2238 innumerabilia
1694 2198 1839 2238 vera
1888 2187 1949 2238 et
1993 2179 2451 2239 innumerabilia

320 2282 504 2339 bona.
573 2279 752 2356 Quod
786 2280 1088 2357 Myriades
1139 2287 1201 2339 et
1238 2277 1542 2338 Chiliades
1590 2279 1921 2355 significent
1967 2279 2441 2355 innumerabilia,
2483 2299 2645 2362 [433]

324 2386 426 2441 est
461 2381 599 2457 quia
625 2380 831 2448 decem
861 2379 1192 2458 significant
1224 2378 1432 2448 multa,
1468 2384 1527 2439 et
1552 2379 1689 2438 inde
1718 2398 1955 2456 quoque
1985 2386 2242 2454 centum,
2279 2379 2440 2438 mille

331 2488 396 2538 et
435 2481 648 2539 decem·
670 2483 882 2554 millia,
945 2499 1082 2539 nam
1118 2481 1364 2540 Numeri
1425 2498 1535 2557 per
1570 2479 1823 2539 similem
1871 2489 2184 2540 numerum
2232 2480 2436 2539 multi-

329 2579 543 2656 plicati
579 2583 904 2658 significant.
963 2583 1153 2641 simile
1220 2600 1353 2640 cum
1391 2583 1655 2640 numeris
1702 2580 2072 2658 simplicibus
2124 2600 2234 2658 per
2287 2566 2436 2657 quos

326 2680 706 2756 multiplicati
747 2692 920 2755 sunt,
972 2683 1251 2743 videatur
1303 2700 1370 2740 n:
1420 2684 1631 2740 5291.
1679 2683 1900 2743 5335.
1948 2683 2159 2743 5708.
2206 2684 2434 2757 79733

323 2789 393 2839 at
429 2798 560 2840 cum
609 2782 1083 2854 innumerabilia,
1133 2800 1285 2858 quae
1322 2782 1548 2841 infinite
1597 2780 1783 2840 multa
1818 2788 1985 2852 sunt,
2048 2784 2437 2858 exprimenda

314 2888 484 2956 sunt,
542 2882 818 2942 dicuntur
888 2883 1187 2960 myriades
1239 2883 1570 2960 myriadum
1638 2889 1697 2941 et
1742 2883 2032 2943 chiliades
2086 2884 2431 2944 chiliadum:

313 2988 638 3059 praeterea
684 3001 815 3042 cum
862 2984 978 3043 duo
1014 2983 1262 3043 Numeri
1310 2982 1716 3059 multiplicati,
1773 3000 1925 3043 unus
1960 2986 2151 3062 major
2186 2991 2246 3044 et
2281 3002 2432 3044 unus

312 3084 528 3157 minor,
586 3086 688 3160 qui
721 3084 911 3143 simile
947 3083 1313 3159 significant,
1352 3101 1471 3141 una
1506 3079 1814 3160 dicuntur,
1862 3087 2019 3144 sicut
2055 3102 2190 3144 cum
2226 3084 2434 3145 decem

314 3189 378 3243 et
414 3190 685 3258 centum,
725 3191 831 3243 aut
866 3190 1102 3243 centum
1142 3189 1204 3242 et
1236 3183 1430 3257 mille,
1488 3188 1625 3242 tunc
1651 3186 1842 3243 minor
1877 3185 2091 3245 dicitur
2128 3184 2200 3244 de
2237 3184 2429 3258 boniS,

314 3290 377 3343 et
413 3285 605 3359 maJor
641 3284 715 3343 de
752 3262 942 3360 veris;
1001 3300 1186 3375 σφεα
1223 3290 1334 3353 est,
1373 3285 1514 3360 quia
1549 3285 1990 3360 unumquodvis
2025 3285 2245 3344 bonum
2284 3301 2447 3344 con-·

312 3385 477 3444 sistit
524 3400 596 3443 ex
642 3384 915 3461 pluribus
964 3387 1158 3453 veris,
1214 3385 1505 3442 formatur
1556 3387 1711 3444 enim
1754 3384 1976 3444 bonum
2014 3403 2089 3444 ex
2121 3385 2319 3454 veris,
2373 3389 2434 3441 et

308 3483 453 3543 inde
488 3485 839 3561 producitur
871 3485 1093 3544 bonum
1128 3502 1240 3561 per
1267 3502 1432 3555 vera,
1473 3500 1548 3543 ex
1576 3501 1646 3543 eo
1686 3492 1778 3544 est
1815 3484 1973 3559 quod
2001 3484 2190 3560 major
2216 3500 2431 3541 nume-

276 3565 283 3569 ·
312 3599 422 3643 rus
458 3585 694 3644 dicatur
729 3585 802 3644 de
839 3587 998 3644 veris
1036 3590 1096 3643 et
1129 3586 1321 3643 minor
1348 3583 1422 3643 de
1458 3583 1630 3645 bonis
1642 3605 1658 3660 3
1697 3585 1967 3644 similiter
2000 3583 2095 3642 hic
2132 3582 2430 3660 myriades

310 3684 649 3760 myriadum
685 3702 756 3744 ac
794 3684 1080 3744 chiliades
1111 3684 1430 3743 chiliadum
1442 3704 1459 3759 3
1500 3685 1659 3760 quod
1693 3687 1777 3743 ita
1812 3686 1915 3758 sit,
1952 3684 2287 3747 illustretur
2321 3701 2431 3761 per

305 3784 460 3859 hoc,
516 3804 699 3844 unum
727 3785 1067 3862 jucundum
1104 3784 1433 3843 affectionis
1471 3786 1604 3843 sisti
1637 3791 1839 3860 potest
1872 3803 1983 3861 per
2016 3785 2223 3862 plures
2258 3785 2429 3847 ideas

307 3885 723 3961 cogitationis,
762 3892 823 3944 et
860 3886 1110 3962 exprimi
1145 3902 1256 3960 per
1282 3887 1452 3944 varia
1485 3887 1547 3944 in
1579 3884 1851 3962 loquela,
1880 3886 2215 3963 jucundum
2250 3886 2432 3946 affec-

301 3985 487 4044 tionis
525 3993 618 4046 est
653 3985 815 4063 quod
852 3991 1103 4045 vocatur
1135 3984 1387 4062 bonum,
1431 4002 1502 4044 ac
1537 3984 1712 4045 ideae
1750 3988 2126 4063 cogitationis
2168 3993 2227 4046 et
2262 3988 2431 4045 varia

302 4087 367 4142 in
403 4084 681 4161 loquela,
739 4104 892 4162 quae
934 4104 1008 4145 ex
1035 4085 1305 4163 jucundo
1360 4102 1469 4145 seu
1521 4084 1676 4145 bono
1725 4086 1828 4145 illo
1864 4087 2235 4163 procedunt,
2291 4095 2430 4145 sunt

302 4202 464 4261 quae
500 4193 789 4246 vocantur
826 4203 1000 4261 vera;
1040 4186 1308 4245 similiter
1345 4202 1412 4246 se
1448 4185 1801 4271 habetlcum
1838 4204 1953 4247 uno
1992 4187 2315 4253 voluntatis
2354 4184 2431 4243 ad
