2791 4778
491 391 524 442 6
616 372 619 379 “
895 377 1384 434 APOCALYPSIS
1426 377 1859 435 EXPLICATA.
1940 379 1989 446 §.
2031 387 2163 440 298.

487 546 549 599 et
583 539 876 616 sapientia
911 542 1006 597 est
1037 536 1255 595 Divino
1289 536 1458 595 Bono
1492 553 1605 613 per
1628 536 1910 596 Divinum
1935 537 2191 611 Verum,
2231 554 2302 596 ae
2335 537 2414 596 ad
2449 539 2609 598 dex-

486 645 645 698 trum
708 640 768 696 in
808 634 991 696 Coelo
1057 641 1151 696 est
1183 635 1466 696 Divinum
1502 636 1729 695 Verum
1782 640 1844 695 in
1878 637 2044 712 luce,
2100 643 2166 695 ut
2211 637 2433 697 dictum
2487 646 2604 712 est,

484 738 621 798 ideo
657 755 768 813 per
803 736 1103 810 dextram,
1143 752 1279 795 cum
1315 736 1388 795 de
1425 736 1710 812 Domin0,
1770 739 1948 797 etiam
1983 737 2350 814 significatur
2386 737 2604 798 Omni-

486 839 771 898 scientia:
827 835 987 912 quod
1021 836 1096 894 ad
1134 836 1405 895 dextrum
1443 838 1504 895 in
1542 835 1726 896 Coelo
1761 839 1838 896 sit
1862 837 2175 909 Meridies,
2224 844 2284 897 et
2321 838 2481 914 quod
2518 838 2605 898 ibi

482 1037 811 1114 sapientia,
850 1043 909 1094 et
937 1035 1094 1111 quod
1130 1035 1207 1093 ad
1242 1037 1548 1095 sinistrum
1584 1036 1666 1094 ibi
1702 1039 1780 1094 sit
1809 1035 2167 1113 Septentrio,
2225 1043 2286 1096 et
2322 1038 2480 1113 quod
2517 1038 2602 1096 ibi

483 1139 564 1196 sit
597 1136 877 1194 Divinum
903 1135 1131 1195 Verum
1166 1137 1228 1192 in
1264 1136 1491 1210 umbra,
1531 1136 1805 1194 videatur
1840 1138 1900 1194 in
1927 1136 2124 1214 Opere
2161 1137 2235 1196 de
2275 1135 2478 1196 Col-:no
2519 1156 2602 1196 nr

481 1236 792 1310 Inmane,
839 1235 943 1295 ubi
977 1237 1173 1312 agitur
1209 1235 1283 1293 de
1320 1243 1577 1311 quatuor
1610 1236 1815 1312 Plagis
1852 1239 1912 1295 in
1950 1236 2164 1307 Coe10,
2219 1255 2288 1295 n:
2337 1240 2468 1295 141
2519 1237 2598 1295 ad

488 1340 517 1394 1
541 1337 667 1396 53:
725 1335 885 1412 quod
935 1338 1126 1395 omnis
1162 1338 1432 1412 potentia
1483 1338 1560 1394 sit
1597 1353 1670 1394 ex
1706 1336 1923 1395 Divino
1961 1337 2128 1395 Bono
2166 1355 2277 1413 per
2311 1337 2599 1396 Divinum

478 1434 735 1512 Verum,
785 1438 847 1494 in
896 1435 1106 1496 eodem
1141 1434 1343 1512 Opere
1391 1435 1495 1494 ubi
1543 1438 1740 1512 agitur
1785 1435 1858 1495 de
1903 1436 2180 1496 Potentia
2226 1437 2595 1512 Angelorum

481 1534 675 1611 Coeli,
714 1555 784 1595 n:
828 1539 965 1594 228
1010 1535 1087 1595 ad
1127 1536 1299 1595 233:
1355 1542 1480 1593 tum
1518 1536 1679 1611 quod
1713 1538 1901 1594 omnis
1937 1536 2340 1613 Intelligentia
2376 1543 2436 1594 et
2474 1536 2594 1596 Sa-

477 1636 705 1713 pientia
764 1638 941 1695 etiam
982 1639 1080 1695 ‘sit
1133 1652 1208 1693 ex
1256 1635 1475 1692 Divino
1511 1635 1679 1693 Bono
1741 1653 1853 1711 per
1898 1635 2180 1694 Divinum
2216 1636 2475 1710 Verum,
2533 1640 2595 1694 in

478 1735 690 1796 eodem
751 1734 951 1812 Opere
1021 1734 1123 1792 ubi
1186 1736 1383 1810 agitur
1454 1733 1527 1792 de
1603 1732 1911 1810 Sapientia
1970 1734 2341 1811 Angelorum
2403 1736 2591 1809 Coeli,

223 1850 227 1853 ’
278 1841 437 1905 [346]
476 1836 729 1894 ῐιε«265
773 1834 849 1892 ad
888 1836 1023 1893 275
1046 1854 1061 1908 ς
1117 1850 1187 1891 ae
1237 1832 1308 1890 de
1348 1830 1729 1909 Sapientibus
1778 1841 1837 1892 et
1873 1833 2253 1911 Simplicibus
2290 1838 2349 1893 in
2386 1835 2594 1909 Coelo,

475 1950 549 1993 n:
594 1935 731 1992 346
774 1933 850 1991 ad
891 1934 1051 1992 356.
1109 1932 1283 2008 Quod
1320 1932 1559 2006 dextra,
1598 1949 1733 1992 eum
1770 1933 1846 1992 de
1870 1934 2155 2009 Domino,
2195 1935 2487 2011 significet
2533 1945 2593 1996 et

478 2033 980 2109 omnipotentiam
1018 2039 1078 2091 et
1113 2031 1634 2102 Omniscientiam,
1690 2040 1749 2092 et
1785 2051 1917 2092 cum
1956 2035 2029 2094 de
2064 2036 2433 2108 hominibuS,
2472 2056 2588 2114 po-

473 2134 722 2192 tentiam
758 2138 821 2191 et
851 2132 1231 2208 sapientiam,
1270 2138 1504 2191 constat
1539 2150 1611 2191 ex
1647 2134 2033 2210 sequentibus
2070 2136 2163 2195 his
2191 2136 2366 2211 locis3
2425 2138 2587 2215 apud

473 2231 769 2292 Davidem
831 2229 1371 2312 „Septentrionem
1409 2237 1468 2292 et
1505 2231 1836 2295 Deoetram
1867 2233 1972 2295 Tu
2008 2237 2242 2296 creasti
2255 2256 2284 2306 ,·
2336 2235 2592 2297 Thabor

471 2336 534 2393 et
579 2328 880 2393 &hermon
925 2351 1044 2413 per
1083 2331 1326 2393 Nomen
1364 2337 1547 2394 tuum
1584 2331 1960 2394 exultabunt
1971 2352 2001 2404 ;
2077 2333 2226 2393 Tibi
2261 2334 2588 2395 brachium

391 2466 399 2475 ·
473 2452 616 2494 eum
661 2432 937 2505 Μηλιέα
989 2433 1197 2514 fortis
1250 2439 1344 2493 est
1392 2452 1627 2494 manue
1678 2437 1822 2507 tua,
1888 2430 2283 2492 exaltabitur
2318 2432 2587 2493 Deoetra

469 2538 585 2594 tua
596 2554 624 2606 ;
678 2532 962 2595 Justitia
1003 2538 1063 2592 et
1111 2531 1450 2595 Judioz‘um
1484 2530 1777 2612 fulcrum
1824 2531 2068 2592 Throm'
2118 2532 2219 2592 tui
2233 2552 2260 2604 ;
2312 2530 2586 2592 Miseri-

469 2632 691 2694 cordia
749 2640 807 2693 et
873 2632 1128 2697 Veritas
1197 2633 1540 2693 consistent
1607 2636 1753 2693 ante
1794 2632 2008 2713 facies
2060 2637 2210 2693 tuas
2232 2636 2270 2666 “
2345 2633 2584 2692 Psalm:

468 2731 833 2792 LXXXIX:
886 2736 994 2791 13.
1055 2736 1162 2790 14.
1212 2735 1328 2807 15;
1385 2733 1545 2810 quod
1596 2750 1707 2808 per
1740 2734 2026 2794 Dextram
2073 2734 2168 2792 hie
2218 2733 2586 2809 intelligatur

469 2831 782 2906 Meridies,
838 2838 1034 2908 patet,
1086 2850 1221 2889 nam
1265 2832 1495 2901 dieitur,
1547 2832 2026 2907 Septentrionem
2065 2842 2122 2890 et
2156 2834 2448 2898 Dextram
2487 2832 2580 2891 Tu

471 2933 727 3005 creasti,
783 2949 853 2991 ae
888 2932 1171 2991 Meridies
1209 2932 1505 3008 signifieat
1538 2931 1821 2989 Divinum
1858 2933 2086 2992 Verum
2121 2936 2180 2990 in
2217 2933 2370 3003 luce,
2404 2936 2489 2990 ita
2522 2934 2582 2989 in

471 3047 754 3107 supremo
790 3048 1004 3107 sensu,
1043 3033 1104 3090 in
1142 3049 1259 3106 quo
1299 3032 1372 3090 de
1402 3031 1694 3105 Domino,
1736 3030 2241 3108 Omnipotentiam
2279 3040 2339 3092 et
2375 3032 2580 3093 Omni-

471 3132 809 3205 scientia'm,
865 3149 1020 3209 quae
1068 3139 1208 3191 sunt
1252 3132 1471 3190 Divino
1504 3131 1673 3190 Bono
1719 3149 1829 3208 per
1878 3132 2160 3191 Divinum
2198 3134 2459 3205 Verum,
2515 3139 2580 3189 ut

473 3245 659 3307 supra
686 3230 904 3291 dictum
933 3238 1055 3308 est3
1095 3235 1235 3309 quia
1261 3238 1516 3309 utraque
1544 3240 1663 3290 tam
1695 3231 2135 3309 Omnipotentia
2164 3250 2343 3309 quam
2372 3231 2576 3292 Omni-

469 3332 723 3390 seientia
762 3331 1166 3408 significatur,
1203 3333 1338 3392 ideo
1369 3334 1585 3392 dicit-ur
1615 3333 1860 3392 Thabor
1896 3341 1954 3392 et
1984 3333 2298 3401 Chermon,
2334 3332 2580 3390 Justitia

471 3437 532 3491 et
565 3431 902 3502 Judicium‚
938 3432 1349 3492 Misericordia
1377 3441 1439 3492 et
1464 3434 1736 3506 Veritas3
1774 3451 1884 3507 per
1913 3431 2251 3491 Thaborem
2291 3437 2353 3489 et
2389 3432 2575 3491 Cher-

466 3548 713 3591 monem
737 3531 1148 3609 significantur
1209 3538 1310 3608 qui
1364 3536 1424 3590 in
1467 3533 1683 3589 Divino
1721 3531 1889 3587 Bono
1955 3547 2025 3588 ae
2068 3533 2131 3588 in
2164 3531 2382 3589 Divino
2418 3531 2577 3590 Vero

468 3638 638 3703 sunt,
689 3650 799 3708 per
835 3633 877 3691 J
883 3634 1148 3690 ustitiam
1186 3640 1245 3689 et
1285 3632 1592 3690 Judicium
1630 3629 1997 3704 significatur
2031 3630 2314 3688 Divinum
2351 3630 2578 3689 Bonum

468 3745 540 3787 ac
574 3730 858 3789 Divinum
889 3730 1146 3805 Verum,
1189 3731 1458 3788 similiter
1491 3746 1603 3804 per
1637 3728 2104 3788 Misericordiam
2138 3736 2199 3806 et
2234 3730 2576 3801 Veritatem,

467 3844 579 3905 per
604 3835 923 3906 utrumque
952 3829 1127 3888 simul
1152 3832 1211 3886 in
1241 3845 1424 3887 sensu
1453 3826 1748 3903 spirituali
1769 3828 2133 3903 significatur
2159 3830 2570 3889 DivinumBo-

467 3943 606 3984 num
635 3945 745 4003 per
770 3928 1054 3988 Divinum
1079 3928 1307 3987 Verum
1318 3948 1334 4001 3
1373 3926 1819 4004 Omnipotentia
1847 3934 1906 3987 et
1934 3928 2380 4006 Omniseientia,
2424 3948 2570 4008 quae

424 4030 427 4033 ’
467 4033 608 4086 sunt
641 4027 864 4087 Divino
900 4029 1068 4087 Bono
1116 4045 1229 4104 per
1263 4027 1550 4087 Divinum
1585 4026 1842 4103 Verum,
1899 4030 2263 4107 significatur
2295 4050 2407 4108 per
2444 4031 2573 4091 Tibi

466 4126 777 4186 brachium
820 4145 955 4187 cum
990 4127 1247 4199 Virtute,
1288 4135 1345 4186 et
1378 4145 1492 4206 per
1527 4129 1695 4189 sortis
1735 4136 1826 4189 est
1860 4147 2071 4190 manus
2108 4137 2242 4207 tua,
2283 4131 2569 4191 exaltabi-

468 4233 567 4287 tur
604 4228 813 4290 dextra
849 4236 968 4289 tua.
1026 4228 1209 4310 Apud
1243 4228 1514 4290 Eundem
1551 4228 1678 4306 „Si
1712 4227 1945 4293 oblitus
1969 4231 2162 4314 suero
2202 4233 2301 4295 tui
2338 4231 2570 4293 fflero-
