2791 4778
490 366 597 418 352
933 352 1421 409 APOCALYPSIS
1466 352 1896 438 Expuca'rA.
1948 352 1990 420 §-
2034 361 2156 417 395·

484 516 763 576 ficatione
810 511 1003 571 stolae
1057 513 1269 586 albae,
1328 513 1489 590 quod
1527 514 1606 572 sit
1661 513 1947 572 Divinum
1983 512 2200 571 Verum
2236 530 2268 570 a
2303 512 2533 586 Domino,

489 615 644 675 stola
681 613 835 673 enim
881 612 1175 690 significat
1212 631 1417 671 verum
1468 616 1531 672 in
1580 616 1908 686 communi,
1972 615 2112 691 quia
2153 618 2241 672 est
2277 629 2535 672 commune

485 716 912 787 indumentum,
953 721 1015 772 et
1041 713 1239 773 album
1278 714 1496 773 dicitur
1532 714 1605 774 de
1638 716 1798 774 veris
1828 732 1982 791 quae
2020 733 2055 773 a
2081 714 2338 784 Domino,
2372 713 2536 771 album

490 824 643 877 enim
675 822 775 873 est
808 814 991 884 luciS‚
1053 823 1112 871 et
1145 814 1278 873 Lux
1325 815 1658 892 procedens
1698 834 1733 874 a
1768 815 2022 874 Domino
2066 822 2129 873 ut
2166 813 2326 887 Sole,
2373 817 2424 871 in
2450 831 2536 872 sua

490 919 753 978 essentia
781 922 890 982 fest
922 915 1206 973 Divinum
1242 915 1501 974 Verum:
1559 916 1715 991 quod
1763 935 1873 992 per
1910 908 2081 974 datas
2129 915 2361 990 singulis
2391 912 2537 972 stolas

489 1018 661 1078 albas
699 1018 878 1075 etiam
912 1014 1280 1091 significetur
1307 1018 1552 1088 tutati0,
1606 1016 1838 1075 dicetur
1872 1017 2053 1089 infra3
2093 995 2335 1092 primum
2367 1024 2536 1085 tamen,

490 1119 647 1179 unde
685 1123 777 1176 est
802 1115 960 1192 quod
985 1116 1146 1175 stola
1180 1115 1319 1174 alba
1347 1115 1645 1192 significet
1667 1116 1952 1176 Divinum
1990 1116 2216 1175 Verum
2246 1135 2279 1173 a
2303 1115 2536 1185 Domin03

490 1236 696 1279 omnes
746 1218 993 1293 spiritus
1044 1222 1104 1274 et
1151 1217 1349 1293 angeli
1403 1218 1744 1276 vestiuntur
1788 1217 2120 1276 secundum
2154 1215 2541 1291 intelligentiam

488 1337 689 1389 suam,
745 1334 856 1375 seu
893 1316 1219 1375 secundum
1269 1319 1676 1392 receptionem
1724 1320 1854 1376 veri
1886 1319 1948 1375 In
1983 1319 2138 1390 vita,
2190 1334 2319 1375 nam
2351 1315 2445 1374 hoc
2473 1317 2543 1371 est

486 1419 913 1493 intelligentia,
954 1418 1241 1475 formatur
1273 1420 1426 1476 enini
1456 1417 1561 1476 lux
1599 1418 2029 1493 intelligentiae
2059 1436 2263 1477 eornm
2288 1419 2341 1473 in
2363 1422 2542 1485 vesteS,

491 1537 644 1595 quae
681 1535 817 1576 cum
851 1516 987 1574 iude
1024 1517 1314 1576 formatae
1351 1529 1520 1589 sunt,
1576 1536 1695 1577 non
1730 1518 1906 1577 modo
1945 1526 2238 1593 apparent
2282 1527 2341 1574 ut
2367 1520 2544 1584 vesteS,

490 1620 600 1679 sed
637 1621 812 1677 etiam
850 1623 991 1674 sunt
1033 1624 1263 1692 vestes,
1320 1623 1520 1678 omnia
1557 1624 1709 1680 enim
1757 1636 1911 1695 quae
1947 1621 2008 1676 in
2045 1618 2267 1677 Mundo
2303 1611 2549 1693 spirituali

492 1723 785 1791 existunt,
843 1723 902 1774 et
931 1727 1222 1792 apparent
1261 1735 1461 1778 coram
1504 1720 1692 1779 oculis
1731 1736 1964 1787 eorum,
2001 1736 2081 1777 ex
2114 1718 2250 1778 luce
2286 1724 2341 1775 et
2372 1714 2547 1786 calore,

492 1838 646 1897 quae
682 1817 1019 1895 procedunt
1055 1835 1092 1875 a
1126 1817 1383 1878 Domino
1432 1827 1497 1878 ut
1541 1819 1715 1894 Sole,
1777 1822 2071 1894 existunt3
2130 1838 2201 1878 ex
2236 1818 2337 1877 illa
2368 1816 2549 1892 origine

487 1938 606 1978 non
641 1919 816 1977 modo
854 1919 1050 1976 onmia
1097 1921 1155 1976 in
1191 1918 1412 1977 Mundo
1452 1921 1748 1996 spirituali
1799 1927 2003 1978 creata
2050 1927 2112 1978 et
2155 1920 2398 1978 formata
2427 1919 2549 1986 sunt,

485 2020 594 2080 sed
634 2023 812 2103 etiam
851 2020 1050 2077 omnia
1097 2020 1154 2076 in
1204 2019 1426 2078 Mundo
1475 2022 1766 2091 naturali,
1818 2038 1956 2079 nam
2004 2020 2265 2080 Mundus
2310 2014 2552 2076 naturalis

486 2122 688 2181 existit
724 2127 783 2177 et
836 2119 1111 2177 subsistit
1163 2137 1275 2196 per
1308 2120 1597 2179 Mundum
1636 2120 2006 2198 spiritualem
2047 2139 2083 2178 a
2120 2122 2402 2181 Domino:
2448 2114 2555 2176 inde

484 2230 760 2282 constare
814 2226 1048 2297 potest,
1104 2220 1263 2296 quod
1312 2221 1754 2296 Apparentiae,
1823 2238 1977 2298 quae
2038 2223 2100 2279 in
2163 2220 2338 2280 Coelo
2397 2232 2555 2276 coram

484 2321 732 2401 Angelis
772 2323 1068 2391 existunt,
1123 2323 1243 2379 sint
1278 2339 1527 2397 prorsus
1568 2321 1762 2381 reales
1776 2343 1795 2399 3
1850 2321 2125 2381 similiter
2162 2324 2334 2381 etiam
2371 2324 2553 2378 vestes

484 2424 780 2499 Quoniam
830 2424 1077 2500 spiritus
1127 2429 1188 2480 et
1245 2422 1444 2498 angeli
1496 2426 1834 2482 vestiuntur
1881 2422 2212 2482 secundum
2260 2422 2554 2496 intelligen-

481 2526 655 2598 tiam,
697 2532 755 2582 et
784 2524 974 2582 omnis
1010 2521 1404 2599 intelligentia
1440 2530 1532 2582 est
1566 2526 1727 2593 veri,
1782 2530 1841 2583 et
1877 2523 2171 2600 Angelica
2211 2519 2559 2598 intelligentia

485 2630 578 2683 est
609 2624 814 2683 Divini
849 2623 1023 2695 Veri,
1081 2624 1214 2681 ideo
1262 2625 1599 2683 vestiuntur
1635 2625 1963 2683 secundum
1998 2641 2149 2682 vera
2161 2646 2178 2702 3
2235 2623 2557 2701 quapropter

484 2731 685 2783 vestes
733 2723 1065 2799 significant
1119 2742 1292 2796 vera,
1350 2731 1554 2783 vestes
1605 2743 1756 2800 quae
1808 2727 2118 2801 proximae
2168 2726 2399 2801 corpori
2428 2725 2556 2790 sunt,

483 2830 544 2882 et
595 2824 733 2881 inde
782 2825 1126 2895 interiores,
1196 2824 1531 2900 significant
1574 2827 1854 2883 interiora
1897 2843 2068 2899 vera,
2141 2832 2341 2885 vestes
2393 2828 2559 2881 autem

483 2940 637 2998 quae
676 2925 898 2981 circum
938 2931 1076 2982 sunt
1115 2934 1174 2982 et
1220 2928 1463 3002 cingunt
1505 2925 1673 2999 illas,
1723 2925 2060 3001 significant
2101 2927 2399 2986 exteriora
2428 2936 2556 2991 vera,

280 3026 439 3087 [584]
479 3023 616 3082 inde
678 3021 881 3103 Stola‚
952 3023 1122 3099 Toga
1178 3032 1237 3082 et
1291 3025 1580 3101 Pallium,
1647 3043 1802 3102 quae
1866 3028 2203 3086 communia
2260 3025 2559 3084 indumenta

480 3129 649 3193 sunt,
689 3104 1024 3199 significant
1058 3141 1206 3184 vera
1237 3126 1299 3183 in
1338 3128 1661 3200 communi,
1709 3134 1769 3185 et
1804 3132 1945 3203 toga
1982 3127 2121 3185 alba
2155 3127 2434 3186 Divinum
2457 3121 2555 3181 Ve-

477 3242 607 3284 rum
644 3226 704 3281 in
741 3226 1037 3283 communi
1129 3224 1244 3283 uod
1290 3227 1452 3302 apud
1499 3227 1634 3285 illos
1683 3244 1719 3283 a
1764 3226 2059 3287 Domino:
2116 3226 2229 3287 sed
2282 3226 2557 3286 videantur

477 3343 632 3402 quae
679 3325 752 3384 de
806 3243 1126 3383 vestibit&
1146 3325 1361 3401 quibus
1410 3328 1601 3386 induti
1658 3334 1794 3386 sunt
1850 3328 2099 3404 Angeli,
2156 3330 2218 3387 in
2275 3326 2464 3404 Opere
2502 3317 2557 3378 de

480 3425 686 3487 Cossho
734 3444 810 3485 m-
860 3424 1134 3484 INanNo
1186 3445 1258 3483 n:
1329 3430 1458 3485 177
1498 3428 1571 3485 ad
1609 3430 1742 3486 182
1769 3473 1785 3501 ,
1839 3434 2085 3491 ostensa
2120 3435 2293 3502 sunt3
2347 3434 2405 3488 et
2436 3433 2557 3499 quass

477 3546 662 3605 supra
698 3528 771 3586 de
808 3527 1237 3603 significatione
1268 3527 1574 3602 Vestium,
1614 3546 1688 3585 n:
1735 3531 1842 3587 64.
1878 3530 1986 3587 65.
2026 3532 2053 3586 1
2076 3531 2184 3588 95.
2224 3531 2387 3599 271,
2414 3525 2554 3583 dicta.

434 3683 441 3691 .
479 3627 656 3704 Quod
689 3628 882 3687 stolae
921 3627 1093 3686 albae
1132 3628 1308 3685 datae
1357 3627 1482 3686 illis
1522 3630 1623 3703 qui
1658 3628 1770 3686 sub
1808 3620 2031 3702 Altari,
2089 3631 2268 3687 etiam
2306 3623 2558 3703 significet

477 3731 824 3787 tutationem
866 3747 901 3785 a
936 3728 1224 3803 Domino,
1268 3734 1361 3787 est
1400 3731 1540 3803 quia
1576 3729 1768 3787 stolae
1807 3729 2008 3803 albae,
2068 3747 2220 3804 quae
2257 3728 2375 3786 illis
2412 3726 2555 3783 datae

480 3837 665 3897 crant,
704 3829 1244 3904 repraesentabant
1279 3830 1684 3904 praesentiam
1726 3829 1968 3888 Domini
2003 3846 2138 3888 eum
2177 3829 2393 3888 Divino
2426 3823 2557 3883 Vero

479 3930 698 3985 circum
734 3927 907 4001 illos»,
967 3937 1024 3986 et
1062 3929 1352 3987 Dominus
1400 3947 1511 4005 per
1558 3929 1844 3992 Divinum
1897 3928 2127 3988 Verum
2169 3935 2394 3987 tutatur
2424 3934 2555 3990 suos,

478 4025 806 4082 circumdat
843 4026 1000 4082 enim
1027 4026 1164 4084 illos
1201 4028 1464 4101 sphaera
1497 4028 1683 4103 lucis,
1737 4048 1812 4087 ex
1853 4046 1972 4106 qua
1998 4029 2122 4087 'illis
2159 4029 2347 4088 stolae
2383 4023 2556 4091 albae3

478 4135 598 4190 qua
650 4134 782 4176 cum
830 4122 1178 4180 circumdati
1221 4130 1391 4193 sunt,
1446 4144 1565 4186 non
1619 4128 1877 4204 amplius
1927 4129 2200 4189 infestari
2247 4129 2487 4204 possunt
2528 4132 2557 4173 a

477 4210 649 4271 malis
698 4217 1031 4289 spiritibus,
1072 4234 1236 4293 nam,
1295 4228 1359 4280 ut
1402 4241 1584 4300 supra
1624 4227 1845 4287 dictum
1884 4235 2004 4304 est,
2046 4229 2468 4290 infestabantur
2497 4216 2557 4277 ab
