2791 4778
419 369 530 422 406
822 354 1318 431 APOCALYPSIS
1363 352 1801 407 EXP-LICATA.
1877 353 1926 421 §.
1970 361 2096 415 403.

414 514 707 581 ascendet
754 533 945 595 super
995 521 1232 575 terram
1281 532 1487 574 meam
1504 558 1522 583 ,
1589 513 1880 589 robusta,
1945 518 2005 573 et
2056 531 2183 573 non
2219 532 2541 585 numme,

417 619 636 681 dentes
667 616 804 701 ejus
845 615 1060 676 dentes
1114 611 1316 675 leonis
1331 658 1350 690 ,
1416 618 1475 674 et
1526 611 1803 674 molare-s·
1838 611 2037 675 leonis
2073 613 2393 675 immanes.
2417 613 2535 690 illi,

414 717 662 800 redegit
687 721 694 728 “
724 717 916 779 vitem
971 734 1178 776 meam
1227 714 1298 774 in
1361 716 1756 790 vastitatem,
1836 722 1897 775 et
1944 716 2146 797 ficum
2204 733 2418 775 meam
2478 715 2539 776 in

416 837 749 903 spumam:
830 814 1112 878 dealbati
1169 821 1320 877 sunt
1361 810 1672 894 palmites
1724 813 1888 897 ejus,
1967 816 2125 877 vitis
2175 817 2442 877 exaruit
2483 821 2536 876 et

406 921 580 1004 ficus
638 916 928 1001 lanquet,
1001 913 1218 978 malus
1269 916 1513 997 punica
1564 915 1876 995 etiamque
1918 913 2145 996 palma
2195 920 2256 974 et
2303 914 2535 990 malus,

419 1039 634 1083 omnes
668 1019 923 1080 oerboree
958 1016 1110 1098 ayrz'
1153 1017 1512 1078 exsiccatae
1563 1019 1761 1077 sunt“
1818 1017 1882 1076 1:
1935 1022 1992 1077 6.
2042 1022 2099 1076 7.
2153 1020 2235 1075 12
2256 1036 2273 1091 3
2343 1019 2536 1094 agitur

417 1125 481 1182 in
526 1127 653 1181 toto
699 1120 804 1179 illo
855 1118 1068 1197 Capite
1131 1117 1204 1177 de
1253 1118 1572 1178 devastata
1623 1116 1899 1177 Ecclesia
1913 1138 1931 1195 3
2007 1124 2068 1177 et
2112 1134 2226 1194 per
2276 1124 2525 1193 gentem,

422 1239 579 1301 quae
615 1220 887 1281 ascendit
921 1236 1106 1297 super
1151 1226 1400 1293 terram,
1459 1235 1614 1295 quae
1658 1218 1911 1277 robusta
1963 1224 2022 1277 et
2066 1234 2188 1276 non
2232 1234 2528 1290 numerus,

421 1324 519 1384 cui
552 1321 764 1382 dentes
798 1320 1018 1395 leoniS,
1074 1326 1135 1379 et
1170 1319 1427 1378 molares
1467 1319 1659 1377 leonis
1704 1321 2026 1393 immanes,
2084 1335 2201 1377 non
2237 1318 2536 1394 significa-

420 1429 520 1483 tur
553 1422 759 1506 aliqua
794 1438 942 1499 gens
981 1437 1134 1497 quae
1170 1419 1336 1493 talis,
1392 1419 1503 1478 sed
1531 1420 1724 1478 dirum
1759 1419 1982 1478 malum
2019 1426 2078 1478 et
2111 1418 2248 1478 inde
2285 1418 2534 1493 falsnm3

419 1541 533 1600 per
568 1531 787 1582 terram
839 1538 1027 1597 super
1074 1537 1253 1597 quam
1288 1520 1586 1592 ascendit,
1649 1520 2019 1597 significatur
2053 1519 2372 1588 Ecclesia,
2434 1536 2541 1595 per

423 1622 633 1684 dentes
668 1622 861 1681 leonis
899 1619 1305 1697 significantur
1339 1620 1498 1679 falsa
1531 1620 1694 1679 illius
1744 1621 1913 1694 mali,
1968 1627 2027 1679 et
2063 1621 2204 1696 quia
2238 1619 2395 1678 haec
2435 1619 2540 1678 de-

424 1729 663 1783 struunt
698 1723 896 1780 omnia
927 1737 1075 1779 vera
1110 1726 1171 1778 et
1202 1720 1364 1779 bona
1398 1720 1738 1795 Ecclesiae,
1782 1721 2060 1779 dicuntur
2095 1720 2308 1778 dentes
2346 1719 2536 1778 leonis

424 1840 494 1883 ac
539 1821 798 1881 molares
843 1821 975 1899 ejus
1011 1822 1300 1880 immanes
1313 1865 1331 1897 ,
1377 1837 1489 1897 per
1522 1821 1757 1881 leonem
1794 1821 2162 1898 significatur
2187 1820 2503 1879 destruens
2516 1840 2532 1895 3

420 1921 561 1983 inde
600 1939 710 1999 per
751 1922 984 1998 redegit
1017 1923 1200 1980 vitem
1239 1939 1436 1980 meam
1475 1924 1536 1980 in
1586 1924 1958 1995 vastitatem,
2026 1928 2086 1980 et
2132 1920 2311 1981 ficum
2348 1937 2537 1978 meam

420 2027 485 2084 in
520 2039 826 2101 spumam,
889 2022 1256 2099 significatur
1291 2022 1452 2100 qnod
1486 2022 1762 2082 Ecclesia
1808 2025 2042 2082 interna
2079 2029 2139 2080 et
2176 2028 2428 2079 externa
2462 2038 2533 2078 ex

421 2123 542 2184 illis
576 2129 815 2183 vast-ata
856 2125 969 2203 sit,
1040 2124 1180 2182 vitis
1225 2124 1381 2182 enim
1436 2103 1732 2199 significat
1777 2123 2112 2182 Ecclesiam
2151 2124 2441 2180 internam
2479 2126 2536 2179 et

422 2226 573 2286 ficus
610 2230 947 2298 externam,
1002 2240 1218 2300 spuma
1270 2222 1564 2300 significat
1609 2223 1713 2282 ubi
1765 2240 1883 2283 non
1945 2230 2038 2282 est
2087 2241 2292 2283 verum
2347 2225 2535 2293 intus;

426 2332 488 2387 et
531 2342 643 2403 per
692 2323 1047 2384 denudando
1100 2323 1427 2382 denudavit
1488 2341 1650 2399 eam,
1717 2332 1777 2384 et
1821 2324 2106 2402 projecit,
2175 2322 2536 2402 significatur

427 2426 587 2504 quod
620 2444 739 2486 non
778 2425 997 2484 bonum
1044 2441 1157 2484 nec
1210 2442 1419 2483 verum
1456 2425 1714 2502 amplius
1770 2426 1929 2503 quod
1977 2443 2094 2485 non
2149 2425 2535 2497 destructum,

425 2526 762 2601 denudare,
818 2542 1033 2603 nempe
1081 2541 1117 2584 a
1164 2525 1455 2585 fructibus
1494 2532 1554 2586 et
1588 2525 1776 2599 foliis»,
1837 2533 1930 2585 est
1969 2545 2005 2584 a
2049 2526 2220 2584 bonis
2262 2532 2322 2583 et
2364 2526 2540 2591 veris,

428 2635 489 2687 et
513 2628 824 2706 projicere
872 2633 965 2687 est
997 2642 1245 2709 prorsus
1284 2625 1624 2699 destruere3
1675 2644 1788 2702 per
1825 2626 2088 2687 dealbati
2134 2633 2273 2684 sunt
2318 2624 2537 2701 palmi-

425 2735 522 2787 tes
576 2729 742 2806 ejuS,
809 2727 1176 2804 significatur
1230 2725 1386 2802 quod
1435 2744 1554 2786 non
1603 2726 1860 2803 amplius
1909 2726 2147 2804 aliquod
2197 2725 2535 2803 spirituale-3

424 2844 535 2906 per
589 2825 808 2885 malum
860 2829 1165 2904 punicam,
1233 2826 1528 2903 palmam,
1594 2826 1847 2897 malurn,
1914 2836 1973 2888 et
2035 2844 2241 2886 omnes
2295 2825 2536 2886 arbores

423 2928 555 3004 agri
591 2942 747 3003 quae
796 2929 1138 2986 exsiccatae
1185 2933 1352 3001 sunt,
1409 2927 1816 3004 significantur
1862 2930 2097 3006 species
2143 2927 2431 2986 bonorum
2481 2931 2537 2983 et

423 3042 705 3085 verorum
752 3024 1088 3101 Ecclesiae,
1160 3043 1230 3085 ac
1284 3031 1654 3105 cognitiones
1705 3029 1863 3105 ejus,
1922 3045 2076 3105 quae
2130 3046 2198 3088 ex
2254 3026 2426 3087 malis
2478 3032 2535 3083 et

424 3125 595 3186 falsis
647 3132 1056 3185 consummata
1108 3133 1280 3202 sunt,
1344 3128 1593 3187 arbores
1644 3131 1770 3204 agri
1824 3131 1883 3187 in
1933 3147 2153 3206 genere
2202 3128 2535 3206 significant

425 3227 796 3303 cognitiones
830 3226 971 3285 boni
1008 3234 1069 3286 et
1109 3229 1255 3287 veri.
1345 3229 1530 3305 Apud
1563 3229 1833 3288 Eundem
1872 3228 2267 3304 „Netimete
2309 3226 2535 3290 bestiae

424 3344 731 3407 ayrorum
788 3345 1068 3388 meorum
1086 3373 1103 3404 ,
1185 3329 1341 3407 quia
1405 3328 1667 3390 herbosa
1707 3330 1900 3410 facta
1966 3337 2118 3390 sunt
2169 3322 2531 3391 habitacula

425 3425 688 3502 deserti,
738 3427 893 3508 quia
936 3429 1124 3491 arbor
1154 3428 1331 3507 facit
1358 3430 1656 3508 fructum
1698 3449 1916 3505 suum,
1960 3432 2134 3512 ficus
2169 3436 2354 3510 atque
2389 3426 2538 3491 vitis

425 3526 666 3592 dabunt
705 3529 837 3590 vim
875 3533 1112 3591 suam“
1162 3529 1251 3589 II:
1297 3533 1382 3588 22
1400 3551 1417 3608 ;
1475 3533 1671 3609 agitur
1707 3530 1788 3589 ibi
1827 3531 1900 3591 de
1938 3534 2373 3592 instauratione
2422 3530 2534 3589 Ec-

426 3629 682 3707 clesiae,
724 3648 908 3706 quare
949 3648 1061 3707 per
1097 3631 1325 3691 bestias
1362 3633 1493 3707 agri
1527 3649 1645 3690 non
1680 3632 2090 3708 intelliguntur
2126 3633 2363 3692 bestiae
2399 3630 2538 3708 agri,

426 3730 538 3790 sed
572 3730 915 3791 affectiones
951 3731 1093 3790 boni
1125 3735 1187 3790 in
1221 3731 1480 3791 naturali
1518 3732 1790 3801 homine,
1850 3733 1988 3793 inde
2024 3733 2159 3792 illos
2197 3732 2360 3810 apud
2395 3742 2539 3810 quos

424 3829 567 3890 illae
604 3829 951 3891 affectiones
1002 3837 1140 3891 sunt
1155 3853 1172 3907 3
1229 3833 1362 3908 quis
1410 3850 1530 3892 non
1577 3833 1741 3892 videt
1790 3834 1948 3909 quod
1997 3852 2115 3893 non
2161 3833 2392 3892 bestiae
2426 3833 2540 3890 sint

428 3928 504 3988 ad
541 3947 690 4006 quas
729 3930 943 3991 dicitur
978 3949 1053 3990 ne
1090 3933 1294 3989 timete
1328 3930 1562 3991 bestiae
1600 3949 1876 4010 agrorum
1907 3951 2204 4011 meorum;
2243 3951 2354 4010 per
2388 3926 2542 4009 quod

425 4028 773 4090 habitacula
820 4029 1046 4091 deserti
1077 4029 1339 4089 herbosa
1378 4031 1539 4093 facta
1581 4036 1729 4107 sint,
1787 4035 2153 4112 significatur
2189 4035 2350 4112 quod
2383 4026 2540 4108 apud

428 4128 563 4187 illos
605 4136 777 4188 crunt
812 4132 1178 4209 cognitiones
1214 4131 1339 4189 veri
1379 4132 1484 4191 ubi
1520 4131 1637 4193 n'on
1671 4135 1842 4209 prius
1877 4134 2147 4208 suerunt,
2203 4128 2542 4194 habitacula

228 4241 388 4304 [613]
432 4224 650 4284 deserti
689 4236 825 4285 sunt
864 4229 1153 4298 interiora
1192 4232 1405 4290 mentis
1438 4232 1672 4292 illorum
1702 4237 1761 4294 in
1805 4235 2019 4313 quibus
2055 4252 2170 4295 non
2205 4237 2371 4312 prius
2406 4233 2540 4291 fue-
