2791 4778
388 358 607 416 CAPUT
661 359 973 420 SEXTUM.
1745 358 1967 416 'VERsz
2014 370 2069 421 8.
2226 372 2337 425 297

256 521 374 580 ficat
402 538 642 597 parere,
695 520 838 597 quid
872 535 1002 578 mas
1041 524 1102 578 et
1147 521 1264 593 vir,
1321 518 1467 596 quid
1515 534 1728 578 manus
1763 535 1948 596 super
1979 517 2223 595 lumbis,
2281 527 2342 580 et

256 620 377 697 quid
401 621 609 695 iacies,
647 621 797 680 haec
836 620 995 680 dicta
1024 624 1164 678 sunt
1189 619 1263 679 de
1292 620 1411 678 illis
1438 622 1540 694 qui
1568 637 1641 679 ex
1670 622 1916 697 propria
1941 619 2339 696 intelligentia

253 721 348 779 sibi
367 738 711 799 'comparare
743 721 955 780 volunt
986 736 1251 779 amorem
1282 727 1344 779 et
1369 719 1566 795 fidem,
1601 719 1709 779 illa
1734 719 1847 779 sibi
1873 737 2222 796 comparare
2250 722 2337 779 si·

250 820 526 898 gnificatur
559 838 673 897 per
709 838 947 898 parere,
983 837 1095 896 per
1129 838 1355 879 marem
1392 826 1454 878 et
1485 821 1677 879 virum
1714 820 2082 897 significatur
2113 821 2341 879 intelli-

249 923 435 997 gentia,
466 920 562 979 hic
593 923 870 998 propria;
899 938 1011 997 per
1035 937 1251 979 manus
1280 936 1465 997 super
1481 919 1700 981 lumbis
1728 919 2098 997 significatur
2128 919 2338 980 exclu-

249 1020 366 1080 dere
400 1021 533 1096 illa;
583 1030 654 1080 .et
688 1039 800 1098 per
837 1021 1022 1079 facies
1065 1020 1440 1097 significatur
1475 1037 1641 1079 amor
1678 1026 1737 1080 et
1770 1020 1954 1096 fides,
2007 1037 2144 1078 nam
2183 1038 2336 1097 qua·

248 1120 308 1179 lis
350 1127 452 1180 est·
479 1139 649 1180 amor
697 1130 758 1181 et
805 1120 982 1197 fideS,
1055 1120 1193 1180 talis
1245 1126 1336 1179 est
1378 1120 1565 1179 facies
1623 1120 1853 1198 angelis
1905 1127 1964 1180 et
2008 1119 2336 1197 spiritibus,

248 1221 451 1281 affectio
494 1224 653 1281 enim
697 1221 841 1280 boni
882 1238 1036 1297 quae
1089 1227 1184 1280 est
1233 1237 1425 1294 amor,
1483 1227 1543 1280 et
1588 1219 1822 1281 affectio
1867 1223 1995 1280 veri
2043 1238 2198 1297 quae
2247 1227 2341 1280 est

244 1320 399 1395 fides,
461 1339 526 1380 se
578 1323 968 1380 manifestant
1008 1336 1257 1398 prorsus
1297 1323 1357 1379 in
1411 1320 1680 1380 faciebus
1726 1321 1993 1397 illorum3
2048 1320 2184 1379 inde
2232 1339 2343 1397 per

244 1438 364 1479 num
402 1423 648 1498 pariens
688 1437 817 1480 mas
829 1466 844 1496 ,
907 1421 1278 1499 significatur
1325 1439 1467 1479 num
1518 1421 1732 1496 aliquis
1771 1438 1845 1480 ex
1880 1423 2124 1498 propria
2158 1420 2337 1481 intel-

245 1520 462 1596 ligentia
526 1529 843 1599 comparet
890 1521 1006 1581 sibi
1052 1522 1275 1581 bonum
1329 1523 1548 1581 amoris
1586 1528 1665 1580 -et
1722 1539 1931 1584 verum
1992 1521 2155 1597 fidei3
2228 1539 2338 1599 per

246 1622 398 1681 video
448 1640 689 1682 omnem
738 1624 962 1693 virum,
1017 1638 1227 1680 manus
1284 1622 1416 1699 ejus
1470 1639 1654 1698 super
1705 1621 1924 1681 lumbis
1968 1623 2128 1698 ejuS,
2185 1625 2340 1681 sicut

243 1724 601 1799 parturientis
623 1768 641 1798 ,
697 1722 1064 1800 significatur
1116 1721 1276 1797 quod
1315 1725 1570 1799 quisque
1606 1726 1941 1783 connitatur
1977 1740 2052 1782 ex
2098 1723 2341 1799 proprio

242 1822 531 1882 excludere
582 1823 728 1898 illa3
786 1831 845 1881 et
882 1841 994 1899 per
1033 1838 1358 1882 conversae
1404 1830 1543 1882 sunt
1580 1840 1784 1884 omnes
1820 1825 2005 1884 facies
2042 1824 2101 1880 in
2136 1822 2338 1900 pallo-

238 1937 361 1994 rem,
397 1923 764 2000 significatur
802 1922 959 1999 quod
995 1923 1133 1983 inde
1171 1940 1293 1981 non
1331 1921 1553 1982 bonum
1589 1930 1650 1983 et
1684 1942 1892 1989 verum
1903 1970 1922 1999 ,
1973 1923 2083 1982 sed
2119 1922 2341 1982 malum

238 2027 291 2080 et
319 2023 556 2099 salsum,
621 2025 706 2081 ita
739 2042 858 2083 non
897 2025 1020 2082 vita
1073 2023 1182 2083 sed
1228 2040 1388 2082 mors
1424 2024 1784 2101 spiritualis,
1823 2025 1938 2084 hoc
1973 2024 2343 2100 significatur

240 2137 337 2198 per
368 2124 662 2200 pallorem
697 2125 907 2183 faciei:
962 2124 1123 2201 quod
1161 2126 1616 2200 conceptiones,
1654 2132 1865 2201 partus
1904 2130 1966 2182 et
1997 2126 2341 2182 nativitates

240 2223 294 2279 in
321 2221 511 2283 Verbo
550 2225 889 2300 significent
925 2226 1379 2301 conceptiones»,
1431 2230 1640 2300 partus
1679 2231 1741 2283 et
1774 2225 2119 2282 nativitates
2156 2224 2339 2299 spiri-

241 2322 434 2399 tualeS,
479 2343 635 2403 quae
672 2331 810 2384 sunt
846 2327 1066 2383 amoris
1107 2332 1167 2384 et
1201 2324 1370 2399 fidei,
1426 2324 1704 2383 videatur
1755 2342 1826 2383 n:
1871 2326 2079 2384 3860.
2125 2323 2338 2381 3868.

248 2423 442 2483 3915.
483 2428 696 2486 3905.
745 2428 958 2487 3919.
1006 2427 1235 2485 93253
1294 2426 1455 2502 quod
1489 2442 1616 2484 mas
1654 2442 1767 2485 seu
1801 2424 2106 2483 masculus
2143 2424 2339 2498 signi-

245 2520 372 2581 ficet
403 2541 633 2602 verum,
675 2532 736 2586 et
773 2526 912 2587 inde
955 2526 1439 2603 intelligentiam,
1489 2544 1565 2584 n:
1640 2529 1797 2586 749.
1854 2526 2066 2584 2046.
2123 2523 2338 2582 4005.

248 2624 447 2699 7838,·
495 2626 769 2687 similiter
815 2629 937 2702 vir,
993 2645 1067 2686 n:
1122 2628 1282 2686 749.
1339 2628 1548 2687 1007.
1608 2628 1819 2686 3134.
1865 2626 2077 2685 3309.
2125 2623 2343 2682 3459.

248 2724 451 2784 9007:
507 2728 673 2804 quod
714 2728 901 2787 facies
939 2727 1232 2803 significet
1267 2729 1549 2786 interiora
1586 2743 1742 2803 quae
1780 2727 2025 2793 mentiS,
2069 2727 2153 2782 ita
2190 2740 2344 2799 quae

238 2828 435 2885 amoris
470 2835 530 2887 et
559 2828 719 2901 fidei,
763 2846 821 2885 n:
869 2830 1078 2888 1999.
1124 2829 1338 2887 2434.
1382 2829 1591 2887 3527.
1628 2829 1842 2886 4066.
1878 2827 2092 2884 4796.
2134 2825 2343 2884 5102.

241 2926 426 2986 9306.
474 2930 669 2989 9546
701 2948 714 2985 :
756 2928 917 3003 quod
943 2929 1130 2987 facies
1162 2926 1327 3005 apud
1361 2926 1631 3003 Angelos
1668 2929 1788 2986 sint
1821 2928 2047 2986 formae
2078 2925 2346 2985 affectio-

227 3041 353 3085 num
380 3045 609 3102 θοι-ατη,
640 3031 703 3086 in
729 3027 930 3105 Opere
962 3029 1035 3087 de
1067 3027 1277 3088 Coeno
1302 3046 1382 3086 Μ·
1411 3027 1689 3087 Ins-mmo
1718 3046 1783 3086 n:
1827 3030 1940 3085 47.
1980 3027 2144 3086 457.
2174 3026 2338 3085 459.

232 3128 378 3185 481.
416 3131 580 3188 552.
628 3130 788 3188 553.
819 3128 1026 3188 Simile
1053 3146 1167 3205 per
1199 3128 1540 3204 pallescere
1580 3127 1947 3203 significatur
1983 3128 2148 3205 apud
2186 3127 2341 3185 Esa-

222 3226 335 3302 jam
372 3229 568 3303 „Non
601 3218 794 3317 [jam]
822 3228 1110 3308 pudefiet
1136 3225 1451 3302 Jacobus,
1488 3232 1549 3287 et
1585 3246 1706 3288 non
1745 3217 1939 3315 [jam]
1963 3227 2179 3307 facies
2206 3226 2344 3307 ejus

220 3324 628 3403 pallescent&
657 3330 907 3388 XXIX:
961 3332 1087 3405 223
1142 3345 1254 3405 per
1303 3326 1605 3387 Jacobum
1639 3329 2053 3403 intelliguntur
2102 3327 2189 3385 illi
2244 3328 2347 3402 qui

230 3426 295 3483 ab
327 3428 624 3503 Ecclesia,
671 3438 730 3490 et
764 3447 876 3506 per
906 3430 1066 3505 quod
1101 3429 1286 3488 facies
1325 3429 1458 3505 ejus
1486 3445 1605 3486 non
1633 3428 2003 3505 pallescent,
2040 3424 2201 3500 quod
2227 3442 2346 3483 non

232 3528 285 3584 in
317 3531 489 3591 malis
529 3536 591 3589 et
626 3531 826 3605 falsis,
881 3530 993 3590 sed
1025 3533 1086 3590 in
1134 3529 1306 3587 bonis
1357 3535 1417 3587 et
1464 3530 1626 3587 veris
1665 3533 1855 3586 erunt.
1938 3524 2114 3601 Quod
2148 3522 2346 3599 pallor

231 3628 517 3703 significet
560 3631 893 3690 absentiam
944 3636 1004 3689 et
1048 3630 1523 3705 deprivationem
1558 3630 1719 3687 vitae
1766 3624 2132 3704 spiritualis,
2190 3639 2344 3698 quae

232 3735 317 3787 est
354 3731 597 3806 quando
647 3749 770 3790 non
816 3738 909 3790 est
950 3730 1170 3789 bonum
1209 3737 1265 3788 et
1305 3746 1544 3803 verum,
1607 3728 1717 3786 sed
1753 3728 1974 3788 malum
2013 3734 2073 3785 et
2106 3724 2342 3798 salsum,

230 3835 315 3885 est
350 3833 492 3905 quia
539 3848 671 3891 cum
718 3831 897 3890 homo
950 3831 1299 3907 deprivatur
1337 3828 1538 3889 calore
1586 3828 1783 3902 vitali,
1847 3836 1986 3886 tunc
2023 3826 2341 3905 pallescat,
2404 3833 2407 3836 ’

224 3943 291 3985 ac
322 3931 426 3989 fiat
462 3934 663 4008 imago
697 3935 939 4007 mortis,
997 3932 1154 3990 sicut
1200 3931 1267 3988 fit
1300 3931 1362 3988 in
1398 3930 1670 3987 maximis
1709 3929 2070 4004 terroribuS,
2121 3929 2348 4005 pariter

226 4042 350 4087 cum
396 4034 680 4107 moritur3
736 4049 872 4092 cum
922 4039 1126 4091 autem
1176 4029 1571 4107 spiritualiter
1620 4030 1896 4104 moritur,
1962 4035 2105 4089 tunc
2159 4028 2347 4088 facies

223 4127 349 4202 ejus
397 4131 500 4191 vel
533 4133 599 4192 fit
651 4133 834 4193 rubra
876 4135 1064 4192 instar
1108 4132 1263 4209 ignis
1310 4129 1675 4207 carbonarii,
1739 4129 1837 4189 vel
1878 4129 2108 4206 pallida
2159 4131 2348 4192 instar

223 4227 559 4310 cadaveris,
615 4234 767 4294 tales
807 4239 1102 4311 apparent
1138 4230 1460 4292 infernales
1490 4233 1552 4303 in
1588 4232 1722 4291 luce
1762 4230 1936 4291 coeli.
2214 4240 2219 4245 ’
