2791 4778
498 333 613 386 34⁴3
916 321 1414 379 APOCALYPSIS
1457 322 1890 377 EXPLICATA.
1960 323 2004 390 Β.
2045 332 2162 385 391.

492 489 692 562 patet,
748 483 891 560 quid
939 499 1051 559 per
1086 483 1296 543 Altare
1349 482 1724 560 significatur
1771 485 1830 542 in
1868 500 2048 545 sensu
2081 486 2359 561 opposito,
2406 485 2528 560 quod

491 602 709 662 nempe
757 583 953 643 cultus
1005 583 1412 644 idololatricus
1463 601 1573 643 seu
1627 585 1823 643 cultus
1874 585 2170 644 infernalis
2183 630 2199 659 ,
2251 587 2344 661 qui
2379 584 2529 645 solum

495 692 589 746 est
629 684 793 761 apud
825 684 995 756 illos,
1032 687 1131 760 qui
1172 684 1413 761 quidem
1449 684 1800 761 religionem
1837 685 2212 762 profitentur,
2257 685 2354 743 sed
2386 702 2531 760 usque

494 803 562 846 se
607 792 672 845 et
711 785 992 845 mundum
1032 802 1215 861 super
1250 787 1449 844 omnia
1479 792 1713 856 amant,
1749 792 1810 845 et
1842 789 1929 845 sic
1964 786 2190 856 colunt,
2225 792 2280 844 et
2310 802 2422 844 cum
2447 786 2530 844 hoc

493 889 750 958 faciunt,
805 893 1006 945 amant
1042 885 1262 945 malum
1300 892 1357 945 et
1394 885 1644 959 falsum,
1702 904 1885 963 quare
1922 905 2033 963 per
2074 886 2301 954 Altare,
2347 903 2453 942 cum
2481 885 2533 943 de

491 988 640 1061 illis,
697 986 1063 1062 significatur
1100 986 1296 1045 cultus
1336 1005 1411 1045 ex
1447 986 1635 1057 malo,
1684 994 1743 1045 et
1780 1005 1888 1064 per
1923 994 2183 1055 statuas,
2236 1004 2372 1061 quae
2401 988 2534 1043 etiam
2642 975 2648 984 ’

494 1095 665 1148 erant
711 1087 857 1158 illis,
916 1088 1111 1145 cultus
1169 1104 1239 1146 ex
1289 1086 1475 1157 salse,
1534 1088 1785 1163 proinde
1842 1090 2021 1146 etiam
2075 1088 2370 1146 infernum:
2413 1084 2536 1161 quod

490 1189 607 1247 hoc
657 1187 1023 1263 significetur
1063 1205 1173 1263 per
1217 1187 1420 1246 Altare
1458 1190 1518 1246 in
1566 1190 1840 1264 opposito
1878 1205 2099 1266 sensu,
2138 1195 2356 1246 constat
2381 1206 2443 1244 ex
2461 1186 2533 1242 his

496 1287 887 1364 sequentibus
928 1286 1106 1362 loeis3
1163 1288 1325 1363 apud
1359 1288 1602 1366 EsaJam
1646 1287 1775 1363 „In
1812 1288 1917 1348 die
1953 1286 2071 1348 illo
2107 1287 2378 1366 respiciet
2405 1286 2553 1345 homo*

493 1387 582 1448 ad
631 1386 962 1447 Factorem
1028 1407 1247 1462 suum,
1315 1392 1372 1447 et
1425 1386 1592 1449 oculi
1644 1389 1780 1470 ejus
1841 1390 1930 1449 ad
1982 1388 2285 1450 Sanctum
2327 1383 2542 1447 Israelis

494 1488 862 1568 spectabunt
880 1508 908 1559 ,·
985 1494 1045 1547 et
1107 1507 1230 1547 non
1285 1489 1582 1569 respiciet
1639 1489 1728 1549 ad
1779 1488 2048 1551 Altaria
2099 1509 2256 1571 opus
2304 1504 2540 1548 manuum

490 1608 777 1662 suarum,
816 1593 874 1647 et
901 1589 1068 1667 quod
1079 1590 1373 1668 fecerant
1402 1589 1604 1669 diyiti
1636 1588 1824 1651 illias
1863 1580 2034 1678 [non]
2075 1590 2428 1669 spectabunt,
2462 1591 2542 1645 aut
2648 1565 2653 1642 ἶ

492 1690 583 1752 ad
636 1687 810 1750 lucos
859 1696 975 1749 aut
1032 1687 1360 1749 subdiales
1422 1695 1723 1752 statua8“
1780 1692 1997 1751 XVII:
2056 1698 2116 1750 7.
2185 1694 2221 1750 8
2236 1712 2252 1767 3
2325 1691 2452 1749 haec
2492 1686 2543 1744 de

489 1792 922 1850 instauratione
972 1807 1165 1850 novae
1205 1791 1518 1851 Ecclesiae
1556 1810 1592 1851 a
1629 1794 1914 1869 Domin03
1985 1792 2147 1868 quod
2183 1799 2316 1851 tune
2350 1786 2546 1849 ducendi
2658 1845 2659 1852 χ

493 1898 667 1951 erunt
706 1893 768 1949 in
803 1890 975 1949 bonis
1017 1892 1171 1948 vitae
1212 1900 1273 1950 et
1315 1892 1668 1952 informandi
1702 1895 1764 1951 in
1799 1896 1954 1952 veris
1993 1893 2327 1966 doctrinae,
2376 1886 2545 1949 intelli·

490 1994 649 2069 gitur
690 2010 800 2068 per
837 1991 995 2067 quod
1029 1991 1207 2049 homo
1246 1994 1307 2050 in
1344 1992 1438 2050 die
1476 1994 1578 2053 illo
1616 1996 1901 2070 respiciet
1936 1994 2012 2052 ad
2053 1995 2363 2054 Factorem
2401 2006 2546 2059 suum,

492 2101 552 2153 et
599 2093 758 2152 oculi
800 2094 930 2169 ejus
973 2092 1048 2149 ad
1104 2090 1388 2151 Sanctum
1438 2094 1683 2154 Israelis
1725 2094 2121 2171 spectabunt,
2179 2095 2446 2154 Dominus
2481 2088 2548 2145 di-

487 2198 645 2255 citur
697 2194 917 2252 Factor
971 2211 1044 2250 ex
1094 2210 1165 2249 eu
1226 2194 1385 2268 quod
1443 2195 1620 2255 ducat
1681 2198 1741 2253 in
1793 2195 1951 2254 bona
2003 2199 2200 2270 vitae,
2264 2212 2392 2253 nam
2440 2192 2551 2249 haec

488 2296 714 2355 faciunt
747 2294 1073 2364 hominem,
1131 2302 1189 2352 et
1228 2292 1487 2353 Sanctus
1523 2296 1770 2355 Israelis
1801 2314 1876 2355 ex
1914 2313 1983 2354 eo
2023 2298 2189 2371 quod
2224 2296 2419 2356 doceat
2446 2305 2554 2348 vera

489 2397 821 2464 doctrinae,
874 2413 1057 2473 quare
1096 2397 1273 2454 etiam
1324 2395 1539 2455 dieitur
1577 2398 1737 2471 quod
1776 2397 1953 2456 homo
1991 2400 2309 2473 respiciet,
2364 2402 2415 2454 et
2438 2389 2552 2451 oculi

487 2498 617 2574 ejus
654 2498 1046 2574 spectabunt,
1104 2495 1280 2555 bomo
1327 2496 1542 2556 dicitur
1578 2498 1754 2556 homo
1793 2516 1868 2557 ex
1902 2498 2057 2557 bono
2097 2500 2292 2572 vitae,
2353 2504 2408 2556 et
2437 2489 2553 2554 oculi

489 2598 769 2657 dicuntur
811 2598 883 2656 de
934 2597 1241 2655 intellectu
1285 2599 1444 2669 veri,
1483 2601 1568 2656 ita
1605 2599 1678 2656 de
1709 2601 1867 2657 veris
1900 2599 2237 2675 doetrinae3
2278 2596 2552 2674 quodcum:

488 2715 606 2756 non
644 2697 839 2756 cultus
895 2717 965 2756 ex
1017 2699 1260 2774 proprio
1311 2715 1544 2766 amore,
1610 2716 1684 2756 ex
1737 2717 1853 2776 quo
1902 2700 2061 2758 mala
2117 2701 2311 2769 vitae,
2367 2713 2463 2756 nee
2502 2709 2553 2752 ex

488 2799 732 2873 propria
768 2798 1177 2873 intelligentia,
1221 2817 1293 2856 ex
1332 2816 1451 2874 qua
1500 2799 1657 2857 salsa
1684 2799 2036 2873 doctrinae,
2091 2799 2450 2876 significatur
2477 2808 2554 2870 per

488 2894 651 2972 quod
689 2914 802 2954 non
834 2900 1118 2972 respiciet
1155 2898 1233 2956 ad
1274 2899 1505 2957 Altaria
1541 2916 1692 2976 opus
1732 2918 2011 2959 manuum
2048 2917 2314 2973 suarum,
2356 2906 2409 2958 et
2437 2889 2554 2979 quod

485 2998 755 3056 fecerunt
787 2996 954 3072 digiti
981 2997 1112 3072 ejus
1145 2997 1317 3075 [non]
1348 3000 1723 3076 spectabunt,
1759 3019 1871 3076 per
1894 3002 2109 3059 altaria
2135 3017 2296 3077 opus
2323 3010 2552 3059 manuum

489 3113 731 3175 suarum
781 3097 1133 3174 intelligitur
1176 3099 1373 3158 cultus
1423 3117 1499 3158 ex
1558 3103 1799 3178 proprio
1854 3118 2088 3174 amore,
2155 3118 2234 3160 ex
2286 3118 2396 3178 quo
2439 3093 2553 3156 mala

491 3198 681 3268 vitae,
740 3206 800 3254 et
835 3215 943 3273 per
981 3198 1143 3274 quod
1175 3200 1449 3258 fecerunt
1484 3201 1650 3277 digiti
1689 3201 1851 3277 ejus»,
1907 3201 2265 3278 intelligitur
2301 3201 2475 3260 cultus
2503 3210 2552 3252 ex

489 3299 736 3374 propria
769 3298 1167 3375 intelligentia
1194 3319 1267 3358 ex
1305 3319 1423 3376 qua
1457 3300 1612 3358 falsa
1648 3302 1985 3377 doctriuae3
2021 3319 2134 3378 per
2160 3302 2334 3361 lucos
2362 3308 2416 3360 et
2445 3295 2551 3357 sub·

490 3398 678 3458 diales
715 3406 945 3458 statuas
983 3388 1350 3486 signifieat-'ur
1384 3401 1731 3477 religiosum
1782 3418 1853 3460 ex
1902 3402 2071 3461 falsis
2116 3409 2176 3461 et
2221 3403 2363 3461 inde
2410 3396 2553 3460 malis,

486 3518 599 3579 per
631 3501 800 3560 lucos
836 3501 1179 3577 religiosum
1232 3518 1300 3559 ex
1349 3501 1549 3574 falsiS,
1620 3508 1681 3560 et
1725 3521 1835 3579 per
1881 3503 2188 3562 subdiales
2241 3509 2461 3563 statuas
2500 3512 2551 3554 ex

491 3603 663 3662 malis
711 3602 864 3661 falsi.
920 3600 1101 3678 Apud
1149 3600 1475 3660 ‹Ieremiam
1529 3599 1922 3675 „Peccatum
1957 3601 2248 3664 Jehudae
2294 3602 2551 3680 emptum

490 3709 588 3763 est
635 3699 803 3782 stylo
831 3701 1023 3780 ferri,
1067 3698 1317 3782 scalpro
1353 3701 1760 3778 adamantis,
1813 3703 2121 3782 scriptum
2157 3722 2348 3782 super
2386 3691 2554 3763 tabula

490 3800 705 3862 cordis
746 3821 993 3875 eorum«,
1053 3807 1111 3860 et
1161 3801 1231 3862 in
1274 3803 1583 3863 cornubus
1619 3799 1954 3864 Altarium
1988 3807 2375 3864 vestrorum:
2432 3796 2556 3859 simet

486 3900 783 3961 recordor
830 3899 1127 3982 filiorum
1188 3921 1430 3977 eorum,
1502 3901 1849 3964 ‘Altarium'
1895 3922 2108 3964 eorum
2120 3948 2138 3979 ,
2207 3910 2267 3964 et
2320 3902 2554 3965 lucorum

489 4019 705 4062 eorum
745 4019 887 4062 oum
925 4001 1145 4060 arbore
1181 4001 1412 4077 viridi,
1477 4022 1668 4082 super
1705 4000 1970 4065 collibus
2011 4001 2218 4066 altis“
2270 4002 2467 4064 XVII:
2513 3998 2552 4052 l·

496 4103 570 4174 23
626 4118 735 4175 per
772 4101 922 4161 haec
963 4100 1351 4177 describitur,
1410 4104 1568 4178 quod
1604 4104 1802 4164 cultus
1842 4102 2252 4165 idololatricus
2286 4104 2440 4183 genti
2468 4096 2555 4157 Ju-

493 4197 700 4253 dnicae
749 4201 835 4256 ita
868 4199 1224 4257 irradicatus
1268 4200 1473 4276 fuerit,
1532 4209 1597 4261 ut
1633 4205 1854 4263 auferri
1890 4205 2200 4282 nequiret3
2260 4202 2407 4284 quod
2438 4202 2555 4257 irra-

2644 1693 2653 1768 ι
