2791 4778
538 385 646 437 448
915 374 1411 430 APOCALYPSIS
1455 374 1891 432 EXPLICATA.
1971 375 2015 442 §.
2058 382 2177 435 406.

535 535 699 596 Urim
739 535 893 592 enim
928 533 1224 611 significat
1274 537 1473 611 ignem
1525 542 1586 593 et
1630 538 1860 605 focum,
1918 550 2025 609 per
2071 549 2209 609 quos
2259 532 2565 610 significatur

530 635 752 696 bonum
801 637 1020 693 amoris
1082 636 1373 694 naturalis
1425 636 1707 710 hominis,
1791 634 2026 695 insulae
2074 636 2241 693 maris
2290 634 2565 709 significant

535 738 904 812 cognitiones
941 738 1069 794 veri
1107 743 1166 794 et
1218 735 1385 810 boni,
1446 754 1600 811 quae
1647 741 1787 795 sunt
1834 753 1981 798 vera
2027 717 2301 793 ‘naturalis
2343 734 2561 808 hominis,

534 845 595 897 et
620 838 910 895 honorare
939 836 1236 912 significat
1264 837 1461 896 colere
1492 842 1553 896 et
1580 836 1828 899 adorare
1845 856 1861 911 ;
1898 852 2011 911 per
2035 837 2074 896 J
2080 836 2317 893 ehovam
2342 841 2393 893 et
2409 835 2563 892 ⁴Deum
2639 887 2640 890 ,

531 938 777 997 Israelis
817 936 1167 1012 intelligitur
1202 938 1529 1010 Dominu5‚
1575 939 1676 1012 qui
1715 943 1964 996 vocatur
1999 935 2269 996 Jehovah
2301 934 2388 992 ubi
2415 936 2564 1010 agitur

510 1039 609 1122 ¹de
646 1039 801 1096 bono
852 1054 922 1094 ac
957 1038 1129 1095 Deus
1166 1037 1412 1096 Israelis
1461 1038 1567 1096 ubi
1611 1037 1684 1097 de
1735 1055 1911 1112 vero,
1967 1037 2102 1096 ideo
2138 1036 2334 1096 dicitur
2360 1037 2408 1091 in
2435 1023 2589 1094 Urim‘

531 1139 818 1197 honorate
854 1137 1199 1212 'Jehovam‚
1266 1138 1379 1196 hoe
1430 1146 1549 1212 est,
1607 1155 1682 1197 ex
1729 1138 1922 1209 bono,
1993 1144 2055 1197 et
2103 1139 2163 1194 in
2206 1134 2382 1195 insulis
2418 1134 2557 1191 maris
2655 1135 2656 1144 ’

531 1257 744 1297 nomen
791 1237 909 1295 Dei
957 1238 1237 1312 Israelis,
1293 1238 1407 1298 hoc
1464 1244 1583 1312 est,
1650 1257 1726 1297 ex
1779 1242 1972 1310 veriS,
2042 1238 2179 1297 inde
2233 1240 2390 1295 etiam
2418 1239 2563 1309 patet,

533 1339 689 1417 quod
744 1354 852 1414 per
902 1338 1128 1397 insulas
1168 1341 1346 1398 maris
1398 1340 1805 1415 significentur
1855 1358 2004 1398 vera
2048 1338 2323 1396 naturalis
2353 1335 2560 1393 hominis
2655 1375 2656 1378 η

529 1438 714 1515 Apud
762 1441 1032 1499 Eundem
1095 1437 1303 1512 „Non
1349 1438 1717 1519 exstinquet
1764 1458 1961 1519 neque
2015 1438 2377 1517 consrinyet,
2422 1433 2563 1493 donec

519 1541 813 1620 posuerit
840 1540 909 1599 in
948 1547 1120 1600 terra·
1133 1539 1496 1621 judicium,
1551 1546 1611 1599 et
1648 1541 1719 1602 in
1759 1536 1896 1619 Zeye
1921 1540 2059 1623 ejus
2085 1536 2334 1600 Insulae
2360 1538 2562 1615 spermi-

531 1639 797 1701 C‘antate
831 1639 1104 1700 Jehovae
1140 1637 1475 1720 Canticum
1503 1660 1761 1714 novum,
1807 1638 2069 1704 laudem
2097 1640 2228 1723 ejus
2261 1634 2563 1698 eastremz'tas

530 1748 764 1813 terrae,
819 1738 1255 1800 descendentes
1282 1759 1483 1813 mare,
1513 1738 1852 1819 plenitudo
1879 1742 2021 1823 ejus
2033 1785 2052 1818 ,
2090 1736 2328 1801 insulae
2357 1742 2406 1796 et
2427 1732 2561 1795 habi·
2655 1783 2656 1798 ,

527 1846 763 1902 catores
799 1860 1033 1901 earum.
1093 1837 1445 1902 Extollant
1492 1840 1810 1903 desertum
1860 1848 1923 1901 et
1974 1842 2155 1902 urbes
2195 1839 2354 1922 ejus,
2405 1831 2560 1907 villae,

525 1960 684 2021 quae
728 1940 1044 2002 inhabitat
1084 1939 1332 2000 Arabia
1345 1986 1361 2015 ,
1430 1947 1678 2002 cantent
1718 1942 2109 2005 habitatores
2149 1945 2383 2021 petrae,
2431 1954 2457 1994 e
2486 1951 2561 1993 oa-

516 2042 661 2123 pite
698 2042 1008 2102 montium
1061 2038 1366 2117 clament,
1408 2050 1657 2122 ponant
1694 2042 1972 2103 Jehovae
2020 2040 2317 2122 ylom'am,
2379 2042 2429 2096 et
2458 2031 2561 2095 lau·

529 2142 671 2220 dem
699 2142 834 2225 ejus
866 2142 938 2203 in
963 2139 1216 2202 [mulis
1244 2142 1662 2204 annuntienffl
1704 2143 1900 2226 XLII:
1948 2144 2076 2221 [4.]
2125 2146 2231 2201 10.
2270 2144 2343 2199 11
2381 2137 2417 2214 [.
2462 2132 2562 2209 112];
2649 2165 2653 2170 ·

529 2246 724 2320 agitur
766 2246 941 2303 etiam
992 2244 1075 2302 ibi
1117 2244 1190 2302 de
1239 2242 1527 2319 Domin0,
1604 2251 1663 2301 et
1714 2245 1787 2304 de
1839 2263 2004 2304 nova
2045 2244 2311 2310 Ecclesia
2363 2238 2427 2296 ab
2461 2235 2565 2311 Ipso

525 2345 943 2417 instauranda,
1018 2351 1078 2403 et
1131 2362 1241 2420 per
1287 2344 1523 2403 Insulas
1568 2345 1985 2422 intelliguntur
2022 2347 2123 2423 qui
2156 2344 2335 2404 solum
2368 2341 2418 2398 in
2447 2334 2564 2395 veris

528 2465 598 2505 ex
652 2446 909 2503 naturali
943 2445 1213 2517 homine,
1276 2453 1336 2503 et
1376 2445 1511 2503 inde
1559 2447 1661 2522 qui
1701 2450 1913 2506 remoti
1955 2448 2157 2506 adhuc
2202 2464 2236 2503 a
2267 2458 2396 2501 vero
2428 2435 2563 2506 cultu,

525 2546 663 2605 inde
701 2558 811 2622 per
863 2545 1053 2605 donec
1099 2548 1372 2626 posu-erit
1420 2548 1480 2604 in
1534 2553 1695 2606 terra
1727 2548 2059 2624 judicium,
2129 2554 2186 2605 et
2222 2549 2279 2605 in
2321 2543 2437 2616 lege
2469 2535 2564 2611 ejus

524 2648 758 2706 insulae
810 2652 1080 2722 sperent,
1147 2646 1515 2723 significatur
1551 2647 1688 2705 dum
1742 2649 2202 2724 intelligentiam
2247 2642 2447 2704 dederit
2479 2634 2564 2694 illis

529 2749 630 2822 qui
674 2747 756 2807 ab
795 2747 1097 2821 Ecclesia,
1164 2754 1222 2804 et
1268 2750 1634 2823 cognitiones
1686 2751 1813 2809 veri
1843 2749 1970 2811 ‚illis
2001 2749 2123 2826 ·qui
2162 2745 2471 2806 remotiores
2510 2732 2562 2791 ab

527 2847 830 2921 Ecclesia3
904 2864 1129 2923 ponere
1178 2848 1469 2924 judicium
1520 2854 1613 2906 est
1662 2848 1805 2907 dare
1840 2849 2330 2927 intelligentiam,
2376 2844 2427 2900 in
2465 2837 2563 2910 lege

528 2962 772 3022 sperare
803 2954 895 3004 est
914 2947 1060 3004 dare
1090 2950 1457 3022 cognitiones
1497 2950 1639 3021 veri,
1686 2966 1821 3013 nam
1853 2956 2031 3008 terra·
2050 2949 2333 3025 significat
2358 2940 2469 3001 illos
2490 2933 2559 3010 qui

321 3051 483 3114 [640]
528 3045 604 3104 ab
629 3045 923 3116 Ecclesia,
954 3052 1013 3102 et
1048 3045 1348 3104 abstracte
1376 3050 1571 3124 ipsam
1598 3049 1931 3108 Ecclesiam
1958 3049 2157 3126 quoad
2183 3038 2557 3119 intelligentiam

531 3164 605 3206 ex
631 3147 790 3203 veris
824 3144 1251 3220 spiritualibuS,
1284 3152 1344 3203 et
1361 3134 1596 3210 insulae
1625 3149 1760 3207 illos
1789 3151 1890 3225 qui
1916 3153 2133 3210 remoti
2159 3150 2231 3208 ab
2249 3140 2496 3210 Ecclesia,
2516 3137 2557 3190 et

519 3246 816 3307 abstracte
843 3243 1176 3303 Ecclesiam
1208 3247 1408 3321 quoad
1431 3251 1797 3325 cognitiones
1823 3253 1951 3330 veri
1979 3259 2038 3309 et
2073 3251 2229 3324 boni,
2265 3263 2364 3305 seu
2393 3233 2552 3298 Eccle-

518 3350 669 3408 siam
705 3346 902 3424 quoad
940 3364 1085 3410 vera
1119 3347 1412 3407 naturalis
1448 3348 1702 3408 hominis
1742 3352 2266 3427 correspondentia
2296 3342 2433 3403 veris
2464 3333 2553 3410 spi·

516 3449 864 3524 ritualibus;
902 3465 1013 3525 per
1050 3453 1285 3507 cantate
1313 3448 1585 3511 Jehovae
1622 3452 1917 3509 canticum
1943 3468 2183 3527 novum,
2220 3444 2433 3508 laudem
2460 3434 2550 3511 ejus

521 3553 863 3611 extremitas
893 3557 1106 3624 terrae,
1148 3548 1585 3609 descendentes
1619 3567 1802 3625 mare,
1844 3556 1903 3610 et
1929 3551 2234 3628 plenitudo
2270 3547 2404 3624 ejus
2430 3540 2549 3595 insu·
2655 3606 2656 3615 χ

516 3651 613 3711 lae
643 3660 702 3710 et
723 3651 1091 3710 habitatores
1114 3668 1338 3724 earum,
1377 3650 1748 3725 significatur
1785 3651 1983 3711 cultus
2010 3653 2246 3712 Domini
2273 3646 2340 3704 ab
2364 3639 2460 3698 illis
2481 3626 2551 3707 ‘1¹¹i
2655 3694 2656 3717 2

517 3754 729 3811 remoti
763 3751 837 3809 ab
873 3751 1175 3825 Ecclesia,
1230 3758 1288 3810 et
1324 3753 1383 3808 in
1413 3767 1596 3809 sensu
1628 3736 1931 3810 abstracto
1970 3753 2164 3811 cultus
2191 3739 2448 3809 naturalis
2466 3733 2546 3791 1¹⁰·

515 3852 688 3911 minis
731 3869 807 3910 ex
859 3853 1015 3909 veris
1054 3858 1113 3910 et
1157 3850 1354 3925 bonis,
1423 3859 1666 3910 cantare
1699 3853 2004 3911 canticum
2042 3859 2103 3912 et
2141 3848 2371 3912 laudare
2410 3830 2546 3910 signi-
2655 3832 2656 3845 ¹

513 3950 654 4009 ficat
689 3951 1023 4009 cultumffex
1062 3951 1222 4011 laeto
1260 3952 1491 4025 anime,
1547 3953 1889 4011 extremitas
1932 3959 2131 4015 tetrae
2165 3943 2428 4027 significat
2453 3930 2549 3991 illos

516 4051 617 4122 qui
656 4051 717 4105 in
758 4049 981 4105 ultimis
1017 4047 1359 4120 Ecclesiae,
1427 4057 1487 4109 et
1534 4053 1599 4138 in
1647 4064 1833 4112 sensu
1882 4053 2182 4113 abstracto
2227 4046 2410 4108 ultima
2438 4033 2547 4110 ⁶J¹¹⁵3

512 4160 676 4198 mare
716 4152 775 4199 et
807 4144 1116 4218 plenitudo
1147 4146 1276 4220 ejus
1315 4148 1649 4222 significant
1687 4154 2024 4212 naturalem
2059 4153 2338 4213 hominem
2370 4145 2420 4200 θῐ
2450 4145 2544 4192 ⁰¹¹¹·

511 4236 611 4291 nia
648 4252 802 4308 quae
837 4239 919 4296 ibi
932 4260 957 4314 3
1013 4241 1247 4301 insulae
1287 4252 1346 4303 et
1392 4245 1762 4308 habitatores
1809 4253 2147 4328 significant
2181 4265 2317 4311 vera
2352 4247 2404 4302 et
2434 4236 2553 4293 b⁰⁰⁸
