2791 4778
410 317 650 375 CAPUT
691 318 1037 386 QUINTUM.
1839 320 2051 376 VERS:
2097 331 2151 383 8.
2311 334 2380 383 77

242 481 498 542 inferret
546 476 958 538 suffimentum
1000 477 1157 535 intra
1202 474 1447 551 Velum,
1499 493 1611 554 per
1659 477 1816 554 quod
1862 477 2231 556 significatur
2281 480 2379 540 in-

242 582 480 654 fluxus,
556 578 1019 638 communicatio
1070 582 1131 635 et
1179 576 1521 654 conjunctio
1571 577 1724 637 Boni
1771 578 2055 639 coelestis
2118 583 2179 639 et
2228 579 2384 656 Boni

240 679 612 760 spiritualis3
651 677 725 737 de
756 694 876 755 qua
902 694 968 736 re
1003 678 1089 735 ita
1123 675 1287 754 apud
1314 676 1527 738 Mosen
1565 674 1776 752 „O‘um
1801 675 2070 740 Alma-on
2094 677 2383 759 empiabit

228 799 362 863 pro
402 798 471 841 se
503 785 565 841 et
591 797 719 858 pro
755 795 879 839 sua
912 774 1117 853 dome,
1171 775 1478 839 mactabit
1501 776 1845 861 juvencum
1876 778 2140 860 peccati,
2180 784 2240 840 et
2266 797 2377 842 ac-

241 878 437 962 cipiet
468 875 938 961 plenitudinem
968 874 1332 952 Thuribuli‚
1363 896 1619 956 prunae
1657 877 1837 958 ignia
1862 879 2132 960 desuper
2153 876 2381 943 Altae-i

240 998 463 1043 coram
496 977 781 1041 Jehovah
794 1022 811 1055 ,
861 984 923 1039 et
959 973 1430 1057 plenitudinem
1456 997 1828 1060 puynorum
1876 997 2140 1042 auorum
2188 980 2377 1061 suffi-

239 1089 527 1145 mentum
562 1086 928 1142 amomacum
941 1123 960 1153 ‚
1001 1084 1062 1141 et
1097 1076 1329 1159 inferet
1370 1078 1547 1140 intra
1575 1075 1779 1140 velum
1792 1124 1810 1157 ,
1851 1080 1951 1143 ita
1987 1084 2062 1143 ut
2098 1080 2205 1143 det
2227 1073 2377 1165 auf-

229 1184 575 1266 fimemtum
615 1198 807 1260 super
844 1179 1059 1260 iymm
1095 1195 1310 1240 coram
1335 1177 1623 1241 Jehovah
1635 1199 1664 1253 ,·
1703 1185 1764 1240 et
1803 1186 1977 1263 ἱεραί
2013 1180 2206 1243 nubes
2231 1181 2377 1263 sus-

225 1281 486 1365 flmenti
533 1277 1081 1361 Propitiatoriam
1141 1277 1310 1357 quod
1367 1298 1559 1359 super
1611 1278 1999 1344 Testimonio
2012 1326 2031 1358 ‚
2107 1287 2183 1345 ut
2252 1299 2379 1344 non

242 1383 609 1445 moriatur“
653 1381 863 1441 Levit=
902 1378 1085 1439 XVI:
1133 1380 1244 1437 11.
1291 1382 1402 1439 12.
1449 1382 1576 1457 133
1632 1383 1792 1458 quod
1842 1385 2146 1460 acciperet
2177 1384 2377 1461 ignem

247 1484 518 1559 desuper
530 1480 722 1541 Altari
748 1480 1105 1552 holocausti,
1130 1495 1318 1557 super
1346 1498 1520 1558 quem
1552 1480 1723 1541 daret
1749 1482 2167 1559 suffimentum,
2197 1486 2376 1545 etiam

247 1581 632 1661 significabat
659 1581 816 1659 quod
840 1580 1073 1640 Bonum
1104 1581 1442 1657 spirituale,
1484 1582 1642 1659 quod
1671 1591 1764 1642 est
1794 1584 2013 1643 bonum
2041 1583 2375 1660 charitatis,

245 1686 475 1746 existat
511 1671 585 1742 ct'
604 1681 894 1759 procedat
930 1698 1005 1740 ex
1040 1680 1211 1740 Bono
1241 1681 1533 1756 Coelesti,
1576 1682 1735 1760 quod
1770 1693 1862 1744 est
1896 1683 2116 1743 bonum
2155 1686 2374 1746 amoris

241 1788 309 1845 in
342 1776 699 1844 Dominum:
755 1782 915 1859 quod
951 1782 1103 1858 ignis
1140 1780 1368 1841 Altaris
1418 1782 1478 1841 id
1511 1783 1732 1842 bonum
1769 1785 2226 1862 significaverit,
2277 1786 2372 1844 vi·

241 1886 457 1945 deatur
490 1903 561 1943 n:
604 1885 819 1945 4489.
858 1883 1067 1942 6314.
1105 1883 1317 1943 6832.
1354 1883 1567 1959 9714,
1599 1889 1658 1943 et
1686 1884 1855 1962 alibi3
1893 1885 2030 1946 inde
2059 1892 2189 1946 erat
2216 1886 2374 1963 quod

238 1988 394 2065 ignis
428 2003 539 2063 pro
569 1983 869 2045 suffitione
907 1999 1025 2041 non
1062 1981 1303 2041 aliunde
1341 2001 1519 2059 quam
1559 2001 1635 2043 ex
1661 1986 1855 2046 Altari
1891 1986 2226 2046 holocausti
2260 1985 2370 2046 de-

242 2081 521 2163 sumptus
558 2087 666 2145 sit=
707 2083 869 2162 quod
908 2084 1176 2155 Aliaron,
1213 2100 1347 2143 cum
1386 2087 1661 2162 expiaret
1696 2104 1807 2163 pro
1844 2103 1911 2146 se
1950 2094 2009 2145 et
2044 2102 2157 2146 sua
2192 2084 2370 2148 domo

241 2187 470 2247 suffiret
502 2189 661 2246 intra
696 2185 927 2258 velum,
968 2188 1100 2243 erat
1135 2199 1320 2243 causa
1358 2188 1499 2262 quia
1533 2185 1781 2246 Aharon
1818 2194 1888 2247 ut
1925 2185 2212 2247 Summus
2254 2185 2369 2247 Sa·

243 2287 456 2347 cerdos
492 2284 994 2365 repraesentabat
1019 2282 1339 2344 Dominum
1379 2285 1581 2362 quoad
1615 2287 1834 2346 bonum
1870 2284 2125 2356 amoris,
2161 2293 2222 2345 et
2255 2303 2369 2363 per

243 2388 580 2449 functiones
640 2384 1142 2465 repraesentabat
1187 2384 1292 2444 illa
1327 2404 1485 2464 quae
1540 2405 1615 2447 ex
1648 2388 1804 2447 bono
1840 2372 1944 2447 illo
2006 2385 2361 2465 procedunt,

250 2505 408 2565 quae
444 2490 641 2546 omnia
672 2503 741 2546 se
765 2486 1031 2545 referunt
1067 2485 1146 2544 ad
1169 2486 1390 2546 bonum
1422 2488 1734 2564 spirituale
1745 2507 1763 2565 3
1802 2488 2022 2547 bonum
2048 2487 2361 2564 spirituale

246 2580 367 2646 nisi
427 2589 505 2646 sit
550 2604 625 2647 ex
665 2585 822 2646 bono
866 2585 1139 2661 coelesti,
1203 2604 1321 2648 non
1369 2595 1463 2648 est
1507 2587 1760 2660 bonum,
1822 2594 2191 2666 quapropter
2248 2604 2360 2649 nec
2400 2596 2567 2660 [394]

243 2689 473 2748 functio
513 2687 644 2765 ejus
672 2685 885 2746 fuisset
919 2703 992 2745 ex
1018 2686 1262 2761 Divina,
1321 2705 1432 2748 seu
1476 2688 1705 2768 aliquid
1735 2690 1940 2750 Divini
1990 2705 2357 2766 repraesen-

244 2791 534 2863 tavisset,
586 2788 723 2849 ideo
758 2786 1104 2846 denuntiata
1159 2795 1252 2847 est
1285 2788 1373 2849 illi
1411 2808 1569 2849 mors
1606 2793 1722 2850 nisi
1756 2792 1841 2849 ita
1877 2790 2143 2851 fecisset.
2208 2789 2361 2852 Inde

241 2906 482 2967 quoque
520 2895 640 2965 est,
681 2877 842 2965 quod'
862 2886 1077 2947 Nadab
1115 2894 1175 2947 et
1198 2889 1420 2964 Abihu,
1457 2891 1563 2949 filii
1596 2890 1912 2965 Aharonis‚
1950 2892 2086 2967 igne
2116 2908 2149 2950 e
2181 2891 2352 2952 coelo

241 2992 577 3068 consumpti
614 2990 863 3060 fuerint,
894 2989 1043 3062 quia
1069 2988 1423 3049 suffiverunt
1451 3008 1534 3049 cx
1571 2991 1688 3050 alio
1725 2993 1879 3069 igne,
1920 3009 2095 3068 quam
2126 2993 2362 3069 exigue

240 3091 465 3150 Altaris
500 3091 862 3163 holocausti,
903 3089 986 3146 ita
1012 3088 1236 3147 cultum
1262 3090 1537 3150 fecerunt
1573 3109 1647 3149 ex
1684 3092 1801 3150 alio
1837 3111 2038 3151 amore
2071 3110 2250 3169 quam
2286 3109 2363 3151 ex

243 3209 444 3251 amore
483 3194 541 3250 in
578 3191 898 3249 Dominum
919 3208 936 3264 3
994 3188 1066 3248 de
1104 3207 1226 3266 qua
1263 3207 1326 3249 rc
1374 3193 1460 3249 ita
1496 3191 1657 3267 apud
1693 3192 1902 3251 Mosen
1943 3191 2367 3268 „Sumsmnt

231 3289 368 3374 filii
407 3289 740 3359 Aharom'e
781 3286 1018 3348 Nadab
1070 3295 1131 3349 et
1168 3289 1383 3350 Abilzu
1420 3290 1684 3370 quisque
1723 3288 2115 3353 thuribulum
2153 3308 2362 3365 auum,

240 3411 314 3452 ac
363 3390 673 3453 dederunt
726 3389 800 3450 in
844 3407 919 3448 ea
972 3387 1184 3468 iynem
1222 3387 1532 3467 alienum,
1594 3408 1786 3470 super
1826 3409 2007 3471 quem
2059 3388 2368 3451 dedet-unt

241 3492 704 3571 suffimentum,
745 3487 886 3550 ideo
923 3490 1127 3551 eoeivz‘t
1161 3489 1340 3570 iynis
1366 3509 1408 3551 a
1433 3509 1649 3552 coram
1672 3489 1971 3565 Jelzovah,
2014 3495 2074 3549 et
2098 3486 2366 3549 comedit

243 3588 423 3666 illoc,
467 3598 529 3653 et
563 3589 842 3661 mortui;
894 3607 970 3650 ac
1011 3588 1156 3651 dein
1195 3586 1351 3651 elati
1402 3596 1597 3652 eontra
1637 3592 1899 3653 caetra“
1956 3590 2156 3649 Levit:
2194 3589 2275 3649 X:
2323 3593 2352 3649 1

244 3691 321 3749 ad
363 3691 397 3750 5
416 3709 433 3767 3
471 3692 631 3774 quod
667 3696 838 3750 extra
864 3697 1064 3749 castra
1098 3690 1242 3750 elati
1275 3692 1524 3767 fuerint,
1563 3690 1938 3769 significabat
1972 3690 2132 3769 quod
2166 3690 2362 3751 cultus

245 3807 450 3851 eorum
485 3807 604 3851 non
649 3808 683 3849 e
719 3791 888 3851 coelo
924 3797 1118 3864 esset,
1180 3793 1322 3868 quia
1367 3809 1487 3851 non
1535 3809 1608 3851 ex
1657 3809 1858 3852 amore
1908 3794 1968 3850 in
2022 3791 2359 3868 Dominum,

243 3907 378 3951 nam
416 3907 528 3967 per
561 3896 758 3950 castra
810 3890 1064 3950 filiorum
1099 3890 1347 3950 Israelis
1403 3892 1977 3969 repraesentabatur
2013 3890 2263 3953 Coelum
2301 3899 2363 3953 et

238 3990 553 4066 Ecclesia,
592 3989 865 4051 videatur
900 4009 972 4050 n:
1015 3992 1228 4051 4236.
1273 3994 1534 4053 10038.
1594 3992 1767 4069 Quod
1805 3991 2084 4064 Korach,
2118 3992 2364 4053 Dathan

240 4100 300 4151 et
352 4089 603 4150 Abiram
668 4108 803 4151 cum
857 4093 1139 4151 concione
1206 4092 1444 4151 illorum
1498 4093 1769 4170 absorpti
1822 4094 2042 4153 suerint
2093 4112 2130 4151 a
2179 4099 2359 4166 terra,

236 4193 475 4253 tametsi
511 4198 856 4253 sumserunt
889 4193 1085 4269 ignem
1124 4209 1195 4251 ex
1232 4192 1427 4252 Altari
1465 4200 1524 4251 et
1560 4192 1938 4264 suffiverunt,
1996 4198 2123 4252 erat
2159 4208 2361 4259 causa,
