2791 4778
529 414 637 465 dee
945 399 1434 456 APOCALYPSIS
1477 399 1911 458 EXPL1CATA.
1992 399 2036 468 §.
2078 409 2193 463 409.

528 568 665 621 sunt
702 562 774 620 de
808 561 992 621 Coelo
1031 566 1091 620 et
1119 577 1359 636 quoque
1388 560 1459 618 de
1490 559 1777 620 Domino:
1820 577 1893 619 ex
1931 560 2135 636 quibus
2170 564 2419 618 constare
2450 539 2572 634 pot-⁸

527 671 646 738 est,
706 661 863 739 quod
897 662 1267 738 impossibile
1316 664 1391 719 sit
1429 661 1664 721 duobus
1714 661 1967 719 dominis
2014 662 2256 718 servire:
2311 659 2449 734 quod
2483 659 2566 717 illa

525 765 765 823 Domini
802 762 988 821 verba
1023 761 1412 838 spiritualiter
1458 761 1845 838 intelligenda
1896 763 2041 836 sint,
2096 767 2255 836 patet
2299 760 2364 817 ab
2403 759 2563 835 Ipsius

525 864 765 924 Domini
792 863 1024 934 verbis,
1079 880 1216 920 nam
1260 847 1429 937 dicit,
1484 880 1603 921 non
1639 865 1890 939 potestis
1927 862 2059 920 Deo
2095 863 2306 920 servire
2340 867 2388 918 et
2411 877 2558 916 mam-

528 983 757 1024 monae.
847 964 1027 1040 Apud
1064 964 1431 1022 Matthaeum
1488 961 1683 1038 „Non
1727 968 1821 1022 est
1859 959 2219 1041 discipulus
2253 978 2414 1039 supra
2442 976 2556 1018 ma-

523 1065 824 1145 ye'etrum,
849 1082 1039 1142 neque
1073 1083 1294 1124 servus
1331 1083 1531 1143 supra
1568 1062 1915 1137 dominum,
1947 1063 2267 1143 sufficiens
2295 1067 2369 1119 est
2396 1058 2557 1118 disci·

513 1164 674 1246 pulo
710 1173 782 1226 ut
830 1164 920 1224 sit
975 1164 1143 1225 sicat
1189 1165 1504 1245 mayister
1550 1184 1741 1234 saue,
1801 1170 1863 1224 et
1916 1182 2092 1225 servo
2137 1163 2294 1224 sicut
2329 1158 2558 1220 dominus

526 1270 734 1328 must
771 1267 862 1326 X:
928 1270 1039 1324 24.
1083 1268 1208 1341 253
1263 1284 1375 1343 per
1408 1266 1521 1323 hoc
1557 1268 1616 1323 in
1668 1265 1995 1325 universali
2043 1281 2220 1323 sensu
2264 1260 2562 1336 intelligitur,

527 1367 687 1443 quod
722 1367 897 1427 homo
938 1384 1054 1425 non
1089 1366 1505 1442 aequiparabit
1545 1383 1610 1424 se
1658 1365 1950 1439 Domino,
2009 1374 2069 1424 et
2105 1365 2255 1441 quod
2286 1360 2501 1421 suffic-iat
2528 1360 2568 1417 ei

526 1468 683 1543 quod
720 1486 893 1527 omne
930 1487 1102 1527 suum
1142 1468 1217 1525 ab
1252 1467 1395 1544 Ipso
1433 1466 1680 1539 habeat,
1724 1473 1782 1526 et
1813 1475 1954 1527 tuno
1993 1474 2084 1525 est
2120 1464 2419 1541 discipulus
2449 1463 2566 1520 sicut

522 1571 836 1645 magister,
880 1575 939 1626 et
973 1585 1185 1626 servus
1224 1570 1375 1626 siout
1412 1568 1722 1639 Dominu8‚
1775 1586 1917 1626 nam
1955 1575 2092 1627 tune
2129 1573 2221 1625 est
2249 1565 2498 1623 Dominus
2524 1561 2569 1618 in

521 1670 655 1741 illo,
714 1686 781 1727 nc
819 1670 960 1727 facit
995 1686 1131 1727 eum
1168 1668 1324 1726 velle
1361 1668 1582 1726 bonum
1620 1676 1681 1726 et
1718 1671 1986 1745 cogitare
2025 1686 2251 1739 verum,
2301 1660 2567 1739 discipulus

524 1771 736 1828 dieitur
775 1787 843 1827 ex
881 1770 1066 1837 bon0‚
1125 1776 1185 1825 ot
1220 1784 1435 1828 servus
1475 1785 1549 1826 ex
1585 1785 1762 1828 vero:
1824 1770 2020 1828 simile
2072 1777 2162 1828 est
2196 1770 2248 1825 in
2287 1781 2445 1825 sensu
2474 1763 2567 1818 sin-

522 1868 743 1946 gulari,
793 1887 1008 1946 nempe
1051 1869 1213 1943 apud
1252 1886 1736 1946 unumquemque
1772 1871 2106 1940 hominem,
2176 1871 2271 1945 qni
2317 1867 2508 1924 ducitur
2543 1876 2570 1916 a

521 1971 810 2044 Domine,
866 1971 1167 2028 Externus
1218 1986 1326 2028 seu
1377 1970 1667 2029 naturalis
1703 1970 1880 2029 homo
1926 1972 2087 2047 apud
2121 1972 2280 2029 illum
2325 1972 2404 2026 est
2433 1963 2568 2021 disci-

524 2070 704 2149 pulus
745 2077 804 2129 et
839 2088 1084 2144 servm,
1133 2088 1202 2129 ao
1238 2070 1514 2129 Internus
1555 2078 1614 2136 et
1650 2072 1986 2146 spiritualis
2023 2072 2193 2131 homo
2232 2073 2316 2130 est
2348 2066 2572 2141 magister

526 2179 585 2230 et
621 2171 918 2246 dontinus,
961 2172 1197 2248 quando
1233 2172 1530 2230 Externus
1568 2189 1678 2230 seu
1716 2174 2009 2232 naturalis
2049 2174 2220 2232 homo
2254 2167 2469 2230 inservit
2495 2161 2571 2221 In-

524 2280 692 2331 terno
742 2290 848 2330 seu
905 2273 1228 2348 spirituali,
1303 2272 1635 2331 obediendo
1700 2279 1758 2330 et
1809 2273 2160 2348 efficiendo,
2233 2280 2360 2331 tune
2417 2270 2490 2325 est
2532 2262 2570 2318 is
2643 2285 2644 2294 ¹

526 2376 701 2433 etiam
768 2376 921 2432 sient
971 2375 1255 2450 magister
1307 2379 1366 2432 et
1414 2376 1571 2433 sicut
1618 2372 1929 2450 dominus,
2002 2394 2180 2437 unum
2232 2373 2370 2433 enim
2414 2367 2566 2443 agunt,
2643 2353 2644 2370 Χ

525 2476 680 2533 sicut
717 2475 931 2533 dicitur
970 2474 1043 2533 de
1081 2491 1265 2533 causa
1300 2475 1620 2550 principali
1658 2483 1718 2533 et
1752 2477 2221 2549 instrumentali,
2259 2471 2399 2550 quod
2435 2481 2572 2525 unam

526 2592 769 2633 causam
807 2582 1021 2652 agant:
1078 2576 1394 2651 singularis
1433 2576 1526 2633 hic
1565 2593 1780 2635 sensus
1819 2579 2102 2638 coincidit
2135 2580 2192 2635 in
2230 2592 2294 2635 eo
2329 2588 2442 2630 cum
2468 2566 2572 2624 uni·
2641 2612 2642 2655 ᾗ

527 2675 775 2747 versali,
818 2676 1000 2752 quod,
1048 2693 1178 2734 cum
1218 2675 1545 2751 spiritualis
1585 2684 1645 2735 et
1683 2678 1975 2736 naturalis
2011 2680 2185 2738 homo
2223 2692 2386 2734 unum
2417 2670 2569 2745 agunt,

526 2785 665 2833 tunc
707 2777 850 2852 Ipse
897 2778 1188 2836 Dominus
1244 2784 1414 2853 agat,
1481 2793 1617 2835 nam
1667 2779 2000 2853 spiritualis
2051 2781 2223 2838 homo
2269 2771 2398 2834 nihil
2437 2780 2571 2829 exse

451 2940 454 2944 Δ
526 2877 683 2948 agit,
740 2877 849 2935 sed
905 2877 1063 2957 quod
1111 2880 1233 2954 agit
1282 2879 1454 2935 unice
1500 2886 1640 2955 agat
1693 2896 1763 2937 ex
1812 2880 2072 2939 Domino
2090 2901 2105 2954 3
2165 2884 2424 2956 quantum
2457 2868 2568 2928 enim

453 3005 467 3013 ν
524 2975 851 3050 spiritualis
900 2976 1076 3035 homo
1126 2986 1372 3052 apertus
1425 2985 1543 3048 est,
1602 2979 1696 3038 hic
1751 2982 1905 3038 enim
1956 2984 2226 3058 aperitur
2278 2981 2331 3035 in
2373 2970 2563 3035 coelum,

525 3080 753 3133 tantum
790 3091 905 3130 non
948 3076 1071 3150 agit
1117 3093 1188 3134 ex
1232 3093 1298 3135 se
1345 3079 1455 3137 sed
1511 3097 1546 3137 a
1591 3079 1874 3155 Domin03
1931 3080 2030 3140 hic
2085 3078 2394 3157 spiritualis
2436 3072 2562 3129 homo

528 3180 620 3233 est
653 3175 711 3231 in
752 3177 992 3250 proprio
1031 3191 1212 3235 sensu
1241 3180 1568 3253 spiritualis
1605 3180 1798 3240 homo.
1868 3182 2052 3258 Apud
2090 3182 2408 3242 Johannem
2443 3162 2562 3246 „00¹
2637 3218 2638 3247 1

523 3275 841 3354 qno-scetis
894 3276 1244 3352 veritatem,
1317 3279 1556 3340 veritas
1610 3300 1719 3340 vos·
1768 3278 1994 3341 liberos
2022 3282 2230 3362 facit:
2296 3264 2562 3356 respmffl·

524 3381 676 3437 rant
725 3374 997 3451 Judaez·‚
1068 3397 1273 3439 semen
1324 3380 1681 3459 Abrahamz'
1733 3402 1987 3452 sumus,
2066 3387 2125 3457 et
2185 3376 2407 3442 nemini
2446 3358 2563 3430 wrm·

512 3477 776 3558 suimus
837 3499 1146 3559 unquam,
1220 3480 1526 3559 quomodo
1569 3480 1672 3542 Tu
1722 3482 1917 3558 dicis,
1976 3482 2144 3562 quod
2196 3479 2367 3542 liberi
2398 3466 2563 3557 fieti&

524 3578 852 3659 respondit
893 3577 1036 3641 illis
1088 3580 1316 3651 Jews,
1369 3600 1552 3642 amen
1594 3601 1781 3643 amen
1831 3582 1972 3644 dico
2011 3583 2215 3658 vobio,
2279 3572 2430 3660 quod
2468 3580 2561 3628 ΟΜ·

526 3680 631 3741 nis
659 3681 917 3762 facien-9
940 3687 1271 3761 peccatum
1307 3687 1404 3741 est
1443 3702 1661 3744 servus·
1688 3685 1960 3764 peceati,
2012 3702 2230 3745 servus
2265 3698 2380 3740 non
2409 3665 2562 3734 mam

525 3780 597 3842 in
632 3780 816 3842 domo
850 3780 920 3841 in
950 3791 1352 3862 perpetuum,
1393 3781 1586 3864 filiu-s·
1622 3790 1829 3845 manet
1865 3785 2343 3863 inperpetuum,
2380 3773 2436 3835 εἰ
2458 3776 2564 3843 θΐθο

514 3879 708 3961 filius
744 3901 853 3944 vos
907 3880 1133 3944 liberos
1154 3883 1357 3962 facit,
1415 3904 1551 3946 vere
1597 3883 1777 3946 liberi
1818 3885 2060 3946 eritis“
2122 3883 2297 3942 VIII:
2355 3879 2449 3936 32.
2484 3863 2562 3926 33.

535 3984 641 4042 34.
694 3984 802 4043 35.
858 3985 978 4061 363
1046 4000 1158 4058 per
1203 3983 1353 4042 haee
1402 3986 1751 4062 intelligitur
1801 3986 1961 4062 quod
2006 3986 2254 4045 liberum
2299 3981 2370 4038 sit
2407 3967 2563 4032 ducia

326 4075 486 4140 [652]
526 4081 813 4153 Domin0,
869 4089 927 4141 et
964 4083 1121 4157 quod
1156 4098 1392 4143 servum
1433 4088 1510 4144 sit
1546 4086 1683 4145 duci
1720 4086 1794 4146 ab
1831 4088 2085 4163 inferno3
2139 4101 2247 4160 per
2272 4076 2559 4137 Veritatem,

531 4195 684 4250 quae
733 4181 985 4238 liberum
1030 4184 1198 4247 facit,
1272 4186 1620 4261 intelligitur
1654 4188 1935 4246 Divinum
1973 4187 2193 4246 Verum
2231 4177 2375 4257 quod
2407 4190 2437 4231 a
2465 4168 2560 4228 D0'

527 4275 714 4347 mino,
742 4279 870 4350 nqui
907 4280 1061 4334 enim
1098 4280 1158 4336 id
1194 4283 1407 4358 recipit
1444 4285 1712 4344 doctrina
1749 4294 1807 4347 et
1844 4290 2000 4363 vita,
2056 4290 2104 4345 is
2139 4283 2287 4343 liber
2320 4281 2425 4349 est,
2459 4264 2563 4345 ‘1⁰¹³
