2791 4778
414 398 649 454 CAPUT
694 397 1037 465 QUINTUM.
1712 396 1910 451 VERS=
1956 409 2158 460 7—10.
2311 364 2408 462 (π’

258 561 543 621 Sedentis
578 575 767 636 super
790 555 1037 631 throno,
1078 557 1238 634 quod
1264 558 1344 615 sit
1367 555 1661 616 Dominus
1701 557 1900 632 quoad
1932 556 2218 618 Divinum
2245 560 2379 621 Hu-

218 679 534 734 ·manum,
584 659 659 718 de
696 676 816 734 qua
854 674 1038 733 supra
1085 675 1154 715 n:
1200 658 1373 732 3143
1433 656 1592 733 quod
1643 675 1754 734 per
1796 657 2065 716 dextram
2103 657 2382 720 Sedentis

260 779 448 839 super
482 760 696 819 throno
729 758 1100 835 intelligatur
1147 757 1442 817 Dominus
1503 757 1705 833 quoad
1755 757 2261 835 omnipotentiam
2323 767 2385 820 et

261 862 782 933 omniscientiam,
819 857 1096 917 videatur
1137 860 1318 917 etiam
1357 874 1543 934 supra
1578 877 1645 918 n:
1690 861 1850 917 297.
1900 861 2061 935 298,
2099 857 2244 920 inde
2270 870 2381 936 est,

257 962 427 1039 quod
477 978 590 1039 per
623 961 791 1020 venit
850 965 910 1018 et
959 960 1196 1036 accepit
1240 957 1457 1042 librum
1514 975 1548 1018 e
1596 958 1809 1018 dextra
1850 958 2131 1019 Sedentis
2199 978 2385 1039 super

261 1064 480 1124 throno
517 1060 884 1139 significetur
938 1058 1103 1136 quod
1153 1076 1227 1118 ex
1278 1058 1502 1119 Divino
1537 1059 1814 1120 Humano
1865 1063 1985 1119 sint
2029 1061 2163 1138 illa3
2225 1062 2387 1139 quod

262 1168 344 1225 sit
381 1163 828 1240 omnipotentia
862 1166 925 1218 et
959 1159 1409 1234 Omniscientia‚
1451 1165 1545 1219 est
1572 1177 1807 1236 quoque
1848 1164 1987 1236 quia
2028 1161 2102 1220 de
2141 1180 2213 1222 eo
2251 1165 2382 1238 381-

198 1277 204 1281 ·
264 1274 383 1339 tur,
419 1269 488 1324 ut
519 1269 692 1341 patet
715 1280 753 1320 a
776 1259 1281 1337 praecedentibus
1292 1304 1310 1335 ‚
1365 1260 1469 1319 ubi
1505 1261 1719 1320 dicitur
1759 1261 1918 1338 quod
1955 1262 2127 1338 Agno
2164 1263 2386 1323 fuerint
2425 1277 2584 1339 [387]

264 1371 504 1442 septem
536 1379 760 1422 cornua
788 1368 847 1421 et
882 1369 1120 1438 septem
1149 1361 1332 1435 oculi,
1375 1377 1487 1437 per
1512 1367 1746 1437 septem
1771 1377 1996 1421 cornua
2019 1363 2389 1439 significatur

268 1464 733 1539 omnipotentia,
767 1470 826 1521 et
848 1479 960 1539 per
987 1469 1223 1537 septem
1250 1461 1458 1521 oculos
1472 1459 1917 1539 Omniscientia,
1946 1462 2223 1524 videatur
2250 1483 2389 1524 mox

272 1581 462 1641 supra
484 1581 543 1621 n:
580 1564 615 1621 3
633 1566 660 1620 1
680 1565 738 1621 6.
777 1564 856 1621 31
877 1568 936 1637 7,
967 1569 1028 1621 01
1054 1580 1165 1639 per
1178 1562 1714 1638 AgnumDivinum
1737 1563 2098 1639 Humanum,
2127 1582 2186 1623 n:
2222 1566 2257 1623 3
2276 1568 2303 1622 1
2322 1569 2384 1624 4:

272 1663 440 1741 quod
465 1662 907 1739 OmnIpotentia
935 1669 995 1723 et
1023 1662 1454 1723 Omniscientia
1480 1664 1558 1721 sit
1585 1663 1806 1723 Divino
1833 1663 2110 1724 Humano
2127 1657 2389 1740 Domini,

270 1771 551 1825 constare
585 1768 789 1841 potest
823 1781 897 1821 ex
931 1764 1071 1839 illis,
1127 1780 1280 1839 quae
1317 1780 1505 1839 supra
1538 1781 1607 1823 n:
1654 1767 1763 1823 10.
1805 1766 1916 1823 26.
1967 1766 2077 1825 32.
2120 1768 2231 1825 49.
2278 1767 2387 1824 52.

273 1867 387 1926 63.
438 1870 544 1924 77.
596 1868 704 1924 82.
767 1865 1527 1925 97.113.114.135.
1591 1866 2169 1925 137.151.178.
2226 1868 2387 1925 200.

272 1969 410 2027 205
456 1967 512 2024 f:
576 1968 737 2025 209.
797 1968 957 2025 254.
1013 1966 1176 2024 297.
1222 1967 1384 2040 309,
1432 1964 1593 2023 (11013
1625 1974 1685 2023 01
1723 1972 1968 2025 ostensa
2000 1974 2157 2026 sunt.

427 2069 586 2127 320.
639 2066 832 2126 Vers:
878 2070 939 2125 8.
986 2068 1045 2124 9.
1100 2068 1206 2125 10.
1260 2063 1359 2125 Et
1385 2084 1528 2126 oum
1568 2065 1911 2146 accepisset
1936 2064 2187 2143 librum,
2232 2087 2391 2148 qua-

265 2165 766 2231 tuorAm‘malz'a
795 2172 854 2225 et
883 2166 1122 2247 viyz'ntz'
1144 2171 1417 2245 quatuor
1431 2165 1722 2227 seniores
1739 2166 2152 2247 prociderant
2180 2187 2392 2230 coram

266 2272 459 2352 Ayno
474 2314 492 2344 ,
562 2267 854 2329 habentes
907 2268 1339 2347 unusquisque
1393 2266 1679 2328 citharas
1738 2273 1798 2328 et
1843 2265 2106 2346 phialas
2156 2264 2392 2329 aureius

255 2369 490 2453 ple-nas
526 2368 877 2453 suffitibus,
919 2386 1082 2448 quae·
1117 2372 1266 2430 sunt
1289 2387 1512 2448 preces
1538 2372 1919 2429 sanctorum.
1969 2365 2064 2428 Et
2092 2369 2393 2431 canebant

270 2471 589 2534 canticum
625 2489 884 2546 novum,
941 2469 1250 2546 dicente-3,
1310 2469 1553 2549 chy-nus
1590 2489 1655 2528 es
1693 2468 1971 2548 accipere
2011 2465 2278 2543 librum,
2335 2474 2396 2530 et

274 2571 523 2652 aperire
561 2567 790 2650 siyilla
828 2570 991 2653 ejus,
1029 2570 1183 2651 quia
1223 2570 1469 2632 occisus
1505 2589 1601 2644 es,
1645 2575 1704 2630 et
1742 2567 2074 2630 redemisti
2094 2567 2241 2629 Deo
2276 2589 2392 2631 nos

275 2673 351 2733 in
404 2670 714 2763 sanquine
762 2675 900 2746 tu0,
967 2691 1047 2733 ex
1102 2671 1276 2732 omni
1325 2671 1496 2732 tribu
1548 2676 1608 2731 et
1655 2667 1882 2750 lznyua
1928 2675 1987 2730 et
2034 2667 2274 2753 populo
2330 2676 2390 2733 et

270 2776 493 2853 gente.-
559 2777 619 2831 et
646 2769 873 2852 fecisti
918 2792 1034 2833 nos
1081 2772 1229 2833 Deo
1284 2777 1501 2832 nostro
1545 2790 1725 2852 reyes
1774 2776 1834 2832 et
1883 2771 2267 2848 sacerdotes,
2332 2776 2393 2833 et

270 2870 684 2952 reymbz‘mus
719 2891 905 2952 super
942 2880 1130 2934 terra.
1219 2875 1294 2933 Et
1333 2891 1469 2934 cum
1517 2874 1856 2952 accepisset
1891 2873 2137 2944 librum,
2201 2876 2390 2953 signi-

268 2975 410 3034 ficat
443 2980 586 3052 post
626 2975 992 3050 agnitionem
1026 2974 1186 3049 quod
1219 2974 1564 3034 Humanum
1595 2973 1838 3034 Domini
1884 2976 1961 3033 sit
1985 2975 2291 3051 Divinum,
2330 2982 2393 3035 et

269 3075 370 3134 Illi
413 3076 840 3152 omnipotentia
887 3083 949 3133 ct
985 3077 1430 3134 omniscientia:
1470 3082 1725 3151 quatuor
1761 3074 2058 3134 Animalia
2092 3083 2154 3135 et
2183 3076 2392 3153 viginti

272 3181 528 3253 quatuor
570 3175 854 3236 Senior-es
893 3175 1282 3251 prociderunt
1320 3193 1522 3234 coram
1558 3177 1762 3252 Agno,
1799 3175 2094 3252 significat
2129 3178 2388 3253 agnitio-

269 3294 408 3336 nem
461 3283 522 3337 et
566 3274 704 3334 inde
760 3275 1255 3351 glorificationem
1292 3275 1535 3334 Domini
1597 3276 1672 3334 ab
1710 3276 1957 3353 Angelis
2013 3280 2392 3353 superiorum

271 3376 620 3438 Coelorum:
669 3375 966 3435 habentes
1009 3379 1425 3453 unusquisque
1465 3375 1755 3450 citharas,
1816 3377 2109 3453 significat
2145 3377 2388 3436 confes-

268 3479 503 3538 sionem
547 3495 623 3537 03
648 3477 809 3537 veris
848 3475 1289 3553 spiritualibus:
1346 3482 1408 3536 et
1442 3476 1677 3553 phialas
1717 3493 1932 3536 aureas
1969 3475 2183 3551 plenas
2218 3472 2389 3533 suffi-

269 3578 462 3653 11033,
528 3577 825 3654 significat
878 3577 1320 3637 confessionem
1379 3594 1454 3636 ex
1499 3576 1673 3637 bonis
1723 3574 2166 3653 spiritualibus:
2233 3590 2389 3650 quae

272 3685 414 3736 sunt
457 3695 673 3754 preces
714 3683 1086 3753 sanctorum,
1125 3679 1421 3754 significat
1459 3696 1534 3738 ex
1563 3677 1778 3754 quibus
1824 3676 2053 3736 cultus:
2110 3681 2171 3735 et
2201 3692 2387 3738 cane·

270 3776 419 3835 bant
449 3777 759 3837 Canticum
801 3795 1054 3852 novum,
1111 3779 1410 3856 significat
1458 3780 1820 3854 agnitionem
1859 3783 1919 3837 01
1956 3775 2392 3838 confessionem

272 3895 352 3936 ex
389 3876 606 3953 gaudio
647 3879 872 3938 cordis:
927 3877 1226 3954 dieentes,
1283 3879 1497 3956 dignus
1536 3897 1602 3939 es
1642 3881 1878 3956 aperire
1912 3877 2130 3938 librum
2165 3886 2226 3940 ct
2258 3880 2387 3938 sol-

270 3994 420 4038 vere
457 3977 655 4054 sigilla
697 3979 855 4056 ejus,
912 3980 1208 4057 significat
1254 3979 1417 4058 quod
1450 3979 1707 4059 Domino
1746 3996 1822 4038 ex
1847 3980 2070 4043 Divino
2109 3979 2392 4039 Humano

267 4081 349 4138 sit
378 4080 808 4156 omnipotentia
848 4087 910 4139 et
937 4082 1381 4141 omniscientia:
1432 4083 1572 4156 quia
1606 4083 1840 4141 occisus
1870 4097 1956 4156 eS,
2005 4087 2066 4140 et
2085 4081 2394 4141 redemisti

263 4180 403 4240 Deo
446 4195 557 4239 nos
597 4181 654 4239 in
683 4183 976 4257 sanguine
1014 4189 1148 4255 tuo,
1207 4181 1504 4258 significat
1560 4183 2007 4259 separationem
2058 4183 2319 4240 omnium
2357 4196 2395 4236 a

260 4282 515 4355 Divino,
572 4288 634 4340 et
679 4283 1160 4358 conjunctionem
1204 4301 1338 4342 cum
1377 4282 1597 4340 Divino
1643 4299 1755 4358 per
1793 4283 2156 4358 agnitionem
2190 4280 2392 4352 Ipsius

1854 4383 1885 4436 5
1932 4375 1969 4411 ³1:
