2791 4778
309 340 320 354 '
374 356 598 412 CAPUT
639 357 947 413 SEXTUM.
1731 358 1946 413 vsa-5:
1993 370 2047 420 e.
2206 371 2315 422 28⁷

241 523 291 575 et
323 518 539 585 vinum,
592 517 731 591 quia
781 533 891 592 per
939 530 1157 590 panem
1192 513 1559 590 significatur
1607 514 1886 575 Divinum
1937 517 2202 590 Bonum,
2259 524 2321 578 et

237 634 331 694 per
362 619 556 674 vinum
595 615 961 690 significatur
996 615 1282 672 Divinum
1316 613 1576 689 Verum3
1616 630 1724 672 seu
1762 616 2065 692 applicate
2093 617 2171 675 ad
2204 615 2319 679 ho-

235 696 454 790 minem,
507 733 622 792 per
655 732 871 792 panem
906 715 1278 789 significatur
1324 713 1544 772 bonum
1599 718 1815 773 amoris
1870 719 1930 774 in
1978 718 2320 792 Dominum,

236 822 287 875 et
315 833 417 891 per
452 818 655 874 vinum
691 815 914 874 bonum
948 815 1086 872 fidei
1125 813 1282 890 quod
1320 821 1415 873 est
1450 831 1523 872 ex
1550 817 1894 890 receptione
1924 818 2125 875 Divini
2152 816 2320 877 Veri.

236 896 414 974 Siinile
453 915 821 992 significatur
868 932 979 991 per
1019 914 1242 972 Vinum
1281 931 1317 970 a
1363 914 1618 972 Domino
1668 916 1728 971 in
1764 915 1856 973 his
1900 917 2320 993 sequentibus;

232 1016 370 1092 apud
400 1016 769 1074 Matthaeum
806 1013 1001 1088 „Non
1040 1013 1301 1073 mittunt
1326 1013 1544 1073 vinum
1577 1032 1805 1074 novum
1841 1015 1911 1075 in
1949 1021 2122 1076 utres
2149 1022 2313 1076 vete-

231 1133 342 1190 res,
388 1114 449 1174 si
481 1134 623 1175 vero
657 1114 905 1188 minua,
958 1119 1342 1192 rumpuntur
1376 1117 1550 1173 utres
1585 1118 1644 1172 et
1684 1114 1900 1174 vinum
1926 1115 2315 1194 &anditum

235 1214 327 1275 sed
347 1215 607 1276 mittunt
626 1214 844 1274 vinum
868 1204 1145 1301 [novum]
1161 1214 1230 1272 in
1256 1221 1429 1273 utres
1457 1231 1665 1282 novoe,
1691 1222 1751 1274 et
1777 1221 2043 1293 utraque
2069 1234 2318 1277 conser-

232 1320 450 1376 vantur.
487 1315 585 1374 Et
622 1333 800 1374 nemo
834 1314 1040 1375 bibens
1081 1319 1397 1373 vetustum
1437 1314 1663 1374 statim
1702 1311 1841 1374 vult
1876 1334 2120 1391 novum,
2161 1315 2323 1376 dicit

233 1417 375 1476 enim
407 1419 725 1476 vetustum
770 1411 1003 1475 utilius
1033 1415 1173 1473 e3t“
1215 1414 1338 1472 IX:
1387 1417 1414 1471 1
1438 1419 1496 1472 7.
1546 1415 1701 1473 Luc:
1740 1414 1823 1472 V:
1875 1419 1999 1491 393
2045 1419 2320 1491 quoniam

235 1532 416 1575 omnes
456 1516 935 1591 comparationes
978 1518 1039 1572 in
1073 1513 1277 1572 Verbo
1315 1519 1454 1571 sunt
1499 1532 1571 1571 ex
1613 1517 2184 1593 correspondentiis,
2238 1519 2323 1578 ita

235 1633 445 1692 quoque
482 1616 638 1674 haec
693 1616 1061 1692 comparatio
1074 1656 1091 1688 ,
1150 1620 1210 1672 et
1246 1632 1355 1690 per
1400 1610 1618 1676 Vinum
1670 1616 2037 1691 significatur
2071 1616 2319 1692 Verum,

231 1732 324 1790 per
361 1718 553 1775 vinum
612 1724 788 1774 vetus
841 1733 1049 1773 verum
1085 1714 1397 1773 Ecclesiae
1450 1717 1668 1773 veteris
1719 1732 1830 1774 seu
1869 1716 2192 1790 Judaicae,
2249 1733 2323 1776 ac

236 1833 328 1890 per
358 1821 514 1875 utres
553 1814 965 1891 significantur
1011 1815 1114 1872 illa
1164 1831 1317 1891 quae
1356 1817 1685 1888 continent,
1725 1834 1835 1892 per
1879 1824 2041 1876 utres
2081 1823 2322 1877 veteres

235 1921 434 1974 statuta
468 1922 526 1975 et
546 1915 780 1992 judicia
807 1914 1120 1973 Ecclesiae
1158 1914 1468 1986 Judaicae,
1510 1922 1568 1974 et
1595 1934 1705 1991 per
1733 1924 1896 1976 utres
1924 1933 2108 1975 novos
2135 1935 2320 1994 prae·-

236 2022 388 2091 cepta
424 2022 480 2075 et
504 2015 799 2073 'mandata
837 2015 1110 2088 Domini3
1168 2014 1326 2089 quod
1374 2021 1598 2073 statuta
1650 2023 1709 2074 et
1746 2016 1976 2091 judicia
2013 2018 2322 2077 Ecclesiae

237 2113 518 2190 Judaicae,
559 2132 720 2192 qnae
769 2117 1096 2191 praecipue
1139 2122 1307 2173 erant
1342 2116 1416 2174 de
1454 2115 1757 2176 sacrificiis
1799 2125 1857 2174 et
1907 2116 1979 2174 de
2008 2117 2178 2175 cultu
2218 2134 2320 2176 re-

236 2220 682 2289 praesentativo,
740 2233 857 2273 non
891 2215 1255 2274 concordent
1295 2232 1429 2273 cum
1467 2217 1627 2272 veris
1671 2214 1981 2273 Ecclesiae
2023 2215 2319 2274 Christia-

238 2331 355 2385 nae,
376 2317 718 2393 intelligitur
746 2333 858 2392 per
885 2333 1004 2373 non
1034 2318 1269 2372 mittunt
1296 2317 1499 2372 vinum
1527 2332 1746 2373 novum
1773 2318 1832 2372 in
1861 2321 2027 2373 utres
2059 2314 2319 2391 Veteres»,

243 2416 445 2474 sivero
479 2422 698 2491 minuS,
744 2423 1100 2493 rumpuntur
1128 2422 1293 2474 utres
1333 2422 1391 2475 et
1424 2419 1626 2474 vinum
1665 2414 1995 2489 effunditur,
2036 2415 2145 2472 sed
2179 2416 2320 2473 mit-

248 2518 368 2572 tunt
407 2519 594 2575 viuum
621 2506 887 2603 [novum]
926 2518 982 2573 in
1019 2522 1183 2575 utres
1221 2532 1440 2584 novos,
1496 2522 1557 2574 et
1599 2520 2325 2592 utraqueconservantur

244 2630 379 2689 nna3
429 2618 575 2692 quod
610 2617 697 2675 illi
736 2618 836 2692 qui
872 2617 998 2674 nati
1036 2624 1095 2673 et
1130 2616 1367 2674 educati
1414 2622 1552 2673 sunt
1585 2617 1645 2673 in
1681 2623 1926 2674 externa
1962 2631 2116 2691 quae
2155 2619 2326 2674 erant

237 2712 515 2776 Ecclesiae
544 2717 590 2777 J
594 2716 844 2775 udaicae
887 2733 1001 2774 non
1040 2718 1246 2774 statim
1284 2718 1518 2791 possint
1546 2716 1795 2791 perduci
1820 2718 1879 2774 in
1906 2718 2139 2774 interna
2167 2731 2335 2792 quae
2362 2724 2523 2789 [535]

236 2822 357 2873 sunt
390 2817 694 2877 Ecclesiae
748 2816 1158 2890 Christianae,
1223 2816 1592 2893 significatur
1625 2834 1737 2893 per
1773 2819 1945 2875 nemo
1979 2816 2189 2875 bibens
2226 2817 2321 2875 vi-

237 2930 355 2973 num
390 2924 690 2977 vetustum
725 2919 926 2975 statim
960 2916 1088 2973 vult
1123 2933 1370 2989 novum,
1413 2917 1555 2975 dicit
1583 2919 1738 2976 enim
1774 2924 2078 2976 vetustum
2114 2917 2323 2976 utilius

237 3020 331 3072 est.
408 3016 612 3077 Simile
662 3017 1030 3094 significatur
1077 3033 1187 3092 per
1240 3034 1455 3093 aquam
1502 3034 1853 3079 conversam
1900 3019 1961 3076 in
2007 3020 2215 3075 vinum
2260 3018 2323 3075 in

237 3111 388 3175 Kana
423 3117 766 3191 Galilaeae,
830 3117 902 3175 de
945 3134 1059 3192 qno
1095 3118 1181 3174 ita
1217 3117 1378 3193 apud
1413 3117 1751 3177 «Iohannem
1792 3116 1922 3192 „In
1963 3115 2212 3196 nuptiis
2257 3114 2323 3176 in

234 3210 404 3277 Kana
449 3215 815 3291 Galilaeae,
871 3236 1012 3277 eum
1059 3215 1342 3297 deficeret
1387 3217 1633 3292 vinum,
1689 3222 1869 3278 erant
1913 3217 2002 3278 ibi
2050 3215 2321 3296 hydriae
2389 3213 2392 3217 ’

234 3307 495 3393 lapideae
521 3336 641 3378 sea·
663 3317 1137 3399 positaejuccta
1165 3316 1638 3377 mundationem
1672 3316 2101 3377 Judaeoram:
2139 3314 2320 3374 dimit

234 3409 430 3492 Jesue,
497 3415 754 3497 implete
802 3416 1105 3497 hydria-9,
1177 3417 1289 3496 qui
1346 3415 1762 3496 impleverunt
1816 3415 1906 3475 ad
1956 3431 2275 3474 summum
2289 3432 2318 3483 ,·

235 3514 359 3578 tuno
407 3517 586 3579 dia-it
632 3515 800 3587 illis,
852 3517 1105 3577 ham-ite
1144 3535 1310 3577 mmo
1346 3523 1406 3576 et
1457 3516 1675 3595 afferte
1725 3510 2210 3583 Architrielim,
2257 3518 2320 3571 et

232 3613 556 3679 attulerunt
569 3638 597 3689 ,·
684 3636 826 3678 eam
892 3618 1185 3697 gustavit
1238 3613 1740 3677 Architrielinus
1803 3630 2036 3691 aquam
2098 3608 2320 3669 vinum

223 3709 478 3789 saetam,
529 3725 710 3778 vocat
750 3736 1088 3796 sponsum„
1113 3716 1271 3777 dicit
1307 3715 1441 3791 illi,
1499 3716 1703 3775 omnis
1739 3714 1917 3773 homo
1946 3709 2161 3791 primo
2214 3710 2321 3769 bo·-

234 3828 364 3874 num
405 3819 623 3880 vinum
661 3818 955 3897 apponit,
1009 3825 1068 3878 et
1114 3817 1365 3896 quando
1408 3822 1512 3875 sat
1550 3813 1908 3884 habuerint,
1963 3809 2192 3884 vilius‘,
2249 3816 2322 3871 tu

233 3920 546 3979 reservasti
600 3919 825 3978 bonum
862 3918 1079 3978 vinum
1126 3916 1245 3977 huc
1289 3918 1530 3996 usque“
1584 3916 1675 3974 II:
1739 3920 1765 3972 1
1811 3915 1886 3972 ad
1930 3916 2051 3989 103
2119 3914 2319 3972 scien·-

236 4009 354 4072 dum
393 4027 481 4077 est
516 4020 679 4101 quod
716 3998 913 4077 ornnia
960 4017 1249 4076 Miracnla
1293 4035 1329 4075 a
1365 4017 1621 4074 Domino
1670 4016 1858 4089 facta,
1926 4016 2083 4073 sicut
2123 4015 2324 4074 omnia

235 4107 503 4177 Miracula
536 4120 611 4178 ab
646 4119 790 4195 Ipso
833 4119 905 4178 de
944 4120 1159 4195 quibus
1197 4120 1255 4175 in
1291 4118 1503 4176 Veteri
1540 4117 1958 4189 Testamento,
2015 4114 2324 4191 significa-

236 4215 405 4274 verint
431 4219 573 4278 talia
599 4237 753 4295 quae
793 4218 960 4279 Coeli
998 4226 1057 4276 et
1091 4219 1401 4277 Ecclesiae
1438 4224 1608 4290 sunt,
1654 4216 1768 4274 hoc
1808 4223 1926 4290 est,
1969 4214 2125 4292 quod
2162 4217 2325 4273 intus
