2791 4778
407 313 637 369 CAPUT
680 311 1022 380 QUINTUM.
1834 312 2011 367 VERS
2030 333 2044 368 z
2088 323 2143 375 9.
2303 324 2371 376 91

225 475 540 552 percipit,
600 490 775 551 quam
815 472 973 550 quod
1014 473 1426 550 intelligantur
1460 473 1628 534 solae
1663 489 1897 551 preceS,
1937 472 2038 533 ubi
2073 475 2133 531 in
2170 473 2374 533 Verbo

224 576 551 646 dicuntur,
590 573 725 634 ideo
764 574 1260 651 supersedeatur.
1332 574 1659 634 Praeterea
1693 573 1870 633 homo
1915 574 2190 633 continue
2226 591 2371 649 pre*-

220 681 441 749 catu1·‚
484 673 724 752 quando
776 682 870 735 est
917 677 979 734 in
1014 677 1140 734 vita
1174 674 1512 744 charitatis,
1575 676 1817 733 tametsi
1861 691 1980 733 non
2028 690 2131 733 ore
2177 689 2372 750 usque

215 774 456 849 corde,
510 793 649 833 nam
695 775 854 852 quod
898 776 1116 834 amoris
1165 780 1261 833 est
1318 774 1433 833 hoc
1478 776 1540 834 in
1584 775 1944 851 cogitatione
1994 780 2090 832 est
2122 773 2368 851 jugiter,

218 877 425 935 etiam
471 892 608 934 cum
645 875 706 934 id
740 877 964 949 nescit,
1004 874 1332 936 secundum
1366 873 1475 935 illa
1510 891 1667 953 qnae
1700 877 1760 934 in
1794 874 2122 934 Doovanu
2155 872 2370 934 Novas

215 975 735 1035 Htmosomrman
789 993 865 1034 n:
912 976 1020 1036 55.
1064 977 1171 1036 56.
1218 974 1299 1034 57
1356 974 1519 1034 dicta
1564 980 1737 1050 sunt3
1790 974 1929 1033 inde
1967 976 2145 1058 etiam
2180 980 2367 1050 patet,

218 1077 407 1152 quod
432 1077 701 1152 precatio
729 1077 789 1133 in
817 1076 1114 1152 spirituali
1138 1091 1323 1135 sensu
1350 1078 1431 1133 sit
1455 1075 1652 1135 cultus
1684 1092 1757 1134 ex
1791 1091 2013 1134 amore.
2062 1072 2182 1135 Sed
2217 1075 2370 1134 haec

216 1193 353 1234 non
394 1178 641 1253 sapiunt
675 1175 793 1250 illi,
836 1178 954 1235 imo
993 1181 1199 1236 contra
1234 1176 1295 1234 id
1335 1176 1626 1252 cogitant,
1680 1178 1784 1252 qui
1816 1177 2106 1252 pietatem
2141 1180 2372 1251 ponunt

216 1278 287 1334 in
318 1276 615 1353 precibus
650 1281 710 1334 et
744 1293 861 1334 non
896 1278 957 1334 in
993 1279 1147 1352 vita3
1197 1275 1261 1333 hi
1295 1292 1408 1335 nec
1443 1278 1640 1334 sciunt
1676 1275 1819 1351 quid
1851 1275 2054 1335 Pietas
2092 1274 2365 1333 actualis.

404 1378 489 1434 32
508 1380 566 1435 6.
619 1377 698 1434 Et
725 1376 1023 1435 canebant
1051 1375 1360 1436 Canticum
1395 1392 1645 1450 novum,
1686 1374 1845 1453 quod
1870 1374 2165 1452 significet
2192 1378 2365 1452 agni-

224 1478 469 1535 tionem
532 1482 592 1533 et
627 1477 1059 1536 consessionem
1112 1492 1183 1535 ex
1237 1476 1458 1553 gaudio
1506 1476 1732 1549 cordis,
1792 1481 2027 1535 constat
2062 1493 2133 1535 ex
2173 1477 2365 1551 signi-

225 1575 525 1636 ficatione
556 1573 799 1645 Cantici,
834 1577 991 1652 quod
1026 1578 1106 1635 sit
1131 1578 1355 1653 agnitio
1384 1583 1447 1636 et
1473 1577 1771 1635 consessio
1801 1594 1877 1635 ex
1903 1576 2121 1653 gaudio
2151 1575 2366 1646 cordis,

223 1676 338 1734 hic
381 1676 702 1753 agnitio-et
741 1677 1031 1736 consessio
1081 1677 1243 1754 quod
1275 1676 1536 1735 Domino
1576 1676 1771 1751 quoad
1808 1676 2092 1735 Divinum
2129 1676 2365 1735 Huma-

221 1793 380 1834 num
419 1778 500 1834 sit
536 1779 725 1835 omnis
762 1783 1032 1853 potestas
1072 1779 1133 1835 in
1166 1775 1364 1836 Coelis
1404 1783 1465 1836 et
1499 1778 1560 1835 in
1595 1781 1767 1837 terris
1786 1797 1804 1851 3
1844 1776 2003 1852 quod
2036 1776 2113 1834 de
2148 1775 2262 1836 hoc
2290 1778 2369 1834 sit

223 1876 561 1947 consessio,
603 1884 693 1935 est
725 1879 865 1953 quia
900 1876 974 1936 de
1013 1895 1084 1936 eo
1121 1880 1333 1953 agitur.
1393 1876 1569 1953 Quod
1596 1893 1811 1937 canere
1841 1875 2148 1936 Canticum
2176 1878 2363 1953 signi-

221 1975 375 2036 ficet
404 1977 843 2063 consessionem
875 1996 950 2037 ex
978 1978 1195 2054 gaudio
1225 1978 1442 2051 cordis,
1475 1984 1568 2037 est
1595 1980 1733 2054 quia
1758 1977 2043 2055 gaudium
2071 1978 2266 2038 cordis
2296 1993 2364 2035 se

222 2079 463 2136 exserit
489 2095 602 2154 per
618 2085 878 2151 cantum,
914 2078 1148 2155 quando
1175 2078 1236 2137 id
1263 2080 1325 2136 in
1348 2094 1462 2137 suo
1489 2077 1668 2154 pleno
1698 2085 1819 2153 est;
1850 2094 2036 2137 causa
2064 2076 2224 2155 quod
2251 2094 2362 2153 per

227 2183 511 2251 cantum,
552 2185 645 2238 est
676 2181 817 2253 quia
844 2195 979 2238 cum
1019 2195 1120 2238 cor
1162 2178 1407 2256 plenum
1437 2186 1532 2237 est
1558 2179 1808 2256 gaudio,
1852 2185 1912 2237 et
1939 2177 2077 2237 inde
2124 2193 2362 2254 quoque

226 2279 552 2353 cogitatio,
596 2285 736 2338 tunc
761 2278 1011 2340 effundit
1056 2295 1124 2337 se
1166 2296 1279 2357 per
1311 2285 1582 2349 cantum,
1618 2281 1814 2356 ipsum
1858 2277 2141 2355 gaudium
2170 2274 2366 2337 cordis

227 2393 348 2453 per
373 2395 585 2437 sonum
619 2385 861 2454 cantuS,
914 2386 975 2439 et
1001 2379 1138 2439 inde
1180 2378 1466 2457 gaudium
1495 2379 1869 2456 cogitationis
1897 2394 2008 2456 per
2049 2378 2365 2448 canticum,

236 2477 422 2551 quale
450 2479 655 2554 gaudii
681 2483 1059 2556 cogitationis
1085 2482 1320 2541 sistitur
1340 2498 1454 2556 per
1482 2496 1663 2541 voces
1692 2481 1909 2538 cantici
1933 2478 2272 2537 conformes
2308 2482 2370 2535 et

237 2579 671 2638 convenientes
692 2581 952 2656 reiquae
976 2583 1038 2640 in
1068 2583 1429 2659 cogitatione
1457 2598 1533 2641 ex
1556 2580 1734 2640 corde
1760 2584 1869 2653 est,
1901 2583 1963 2639 et
1988 2578 2167 2655 quale
2202 2596 2365 2655 gau-

233 2674 322 2734 dii
347 2676 546 2735 cordis
591 2695 700 2755 per
724 2678 1120 2756 harmoniam,
1166 2688 1228 2740 et
1268 2687 1558 2758 quantum
1596 2681 1797 2758 gaudii
1835 2679 1967 2755 ejus
1995 2696 2109 2756 per
2149 2678 2363 2740 elatio-

232 2793 374 2835 nem
413 2780 544 2836 soni
581 2781 726 2838 etin
755 2797 826 2839 co
852 2798 1060 2841 vocum
1076 2802 1092 2857 3
1136 2784 1336 2842 omnia
1358 2781 1467 2840 illa
1492 2782 1681 2840 fluunt
1704 2784 1860 2841 sicut
1884 2786 2098 2858 sponte
2130 2795 2201 2841 ex
2226 2782 2363 2857 ipso

225 2878 485 2952 gaudio,
548 2887 608 2939 et
643 2879 756 2942 hoc
794 2898 870 2941 ex
906 2899 1095 2943 causa
1126 2884 1266 2959 quia
1301 2889 1491 2941 totum
1528 2881 1758 2942 coelum
1796 2883 2113 2941 formatum
2143 2887 2237 2940 est
2259 2898 2363 2940 se-

226 2979 488 3038 cundum
526 2980 873 3042 affectiones
908 2982 1049 3040 boni
1088 2991 1149 3042 et
1175 2985 1329 3056 veri,
1370 2981 1618 3042 Coelum
1649 2999 1994 3059 supremum
2030 2981 2359 3041 secundum

222 3077 578 3139 affectiones
616 3082 755 3141 boni
774 3126 793 3152 ,
830 3089 893 3141 et
918 3081 1167 3143 Coelum
1191 3082 1455 3142 medium
1485 3081 1816 3143 secundum
1842 3082 2186 3141 affectiones
2215 3083 2362 3151 veri,
2471 3076 2481 3083 ’

220 3177 309 3237 ita
333 3197 582 3258 quoque
617 3182 935 3242 formatum
976 3190 1070 3241 est
1100 3183 1176 3241 ad
1204 3182 1443 3260 gaudia,
1478 3200 1616 3241 nam
1647 3199 1818 3242 omne
1846 3181 2126 3259 gaudium
2166 3186 2259 3240 est
2287 3198 2362 3239 ex

225 3277 549 3342 affectione
587 3298 698 3341 seu
736 3300 813 3342 ex
849 3299 1085 3342 amore:
1139 3283 1277 3343 inde
1315 3289 1443 3353 est,
1481 3284 1636 3358 quod
1673 3285 1731 3341 in
1768 3285 1925 3341 omni
1960 3280 2205 3359 loquela
2232 3280 2362 3338 An-

224 3378 423 3452 gelica
449 3385 532 3441 sit
560 3383 805 3458 quidam
834 3370 1191 3459 concentus3
1231 3382 1341 3443 sed
1373 3383 1527 3442 haec
1565 3383 1778 3442 melius
1815 3384 1957 3443 sciri
1993 3387 2052 3440 et
2087 3378 2360 3438 concludi

224 3468 482 3551 possunt
519 3499 596 3541 ex
631 3482 755 3542 illis
795 3501 950 3560 quae
988 3484 1051 3542 in
1086 3482 1289 3562 Opere
1327 3483 1401 3542 de
1441 3482 1641 3543 Cotto
1678 3501 1756 3541 m·
1792 3481 2068 3540 Inrnano
2105 3477 2267 3536 dicta
2302 3485 2363 3535 et

233 3585 478 3639 ostensa
513 3590 680 3654 sunt,
717 3583 876 3660 quod
910 3601 1129 3661 nempe
1166 3583 1571 3660 Cogitationes
1612 3590 1673 3642 et
1706 3580 2075 3641 Affectiones
2113 3576 2364 3655 angelo-

235 3691 363 3736 rum
402 3681 622 3740 vadant
656 3685 987 3744 secundum
1014 3684 1263 3744 formam
1297 3683 1495 3758 Coeli,
1536 3702 1610 3742 n:
1644 3684 1782 3741 200
1824 3679 1900 3738 ad
1933 3682 2095 3750 212,
2127 3685 2186 3737 et
2216 3681 2360 3749 265*

234 3774 313 3832 ad
345 3781 430 3837 27
447 3782 521 3841 5³
558 3788 619 3842 et
654 3785 817 3861 quod
852 3786 989 3844 inde
1029 3784 1267 3861 quidam
1298 3782 1637 3844 concentus
1673 3784 1838 3841 sitin
1864 3780 2106 3859 loquela
2135 3797 2359 3854 eorum,

234 3888 305 3931 11:
344 3880 519 3938 242:
571 3888 695 3943 tum
741 3885 904 3964 quod
939 3901 1122 3945 sonus
1170 3885 1457 3960 loquelae
1506 3882 1857 3961 angelorum
1896 3881 2362 3960 correspondeat

236 3989 441 4038 eorum
478 3980 893 4046 affectionibus
916 4031 934 4057 ,
987 3991 1049 4044 et
1082 3984 1533 4046 articulationes
1571 3986 1733 4059 soni,
1789 4001 1942 4060 quae
1979 3989 2120 4043 sunt
2150 3999 2361 4050 voceS‚

235 4082 739 4158 correspondeant
773 4087 926 4146 ideis
967 4088 1345 4164 cogitationis
1383 4101 1541 4161 quae
1578 4103 1652 4145 ex
1688 4083 2020 4157 affectione,
2074 4101 2146 4141 nx
2192 4083 2355 4140 236.

237 4174 405 4240 241:
445 4189 506 4243 et
535 4193 862 4263 praeterea
896 4190 957 4247 in
994 4188 1269 4250 Aaomis
1307 4185 1727 4269 Constantinus
1764 4203 1846 4244 n:
1894 4184 2104 4243 1648.
2152 4181 2358 4238 1649.
