2791 4778
529 324 639 385 104
976 307 1467 365 APOCALYPSIS
1521 310 1955 372 EXPLICA‘I'A.
2019 313 2068 380 §.
2106 321 2233 390 328.

526 472 902 532 aeternitatis
968 485 1151 547 super
1214 471 1411 546 capite
1476 486 1707 544 eorum,
1773 469 1923 529 Zion
1987 478 2082 531 est
2139 469 2443 546 Ecclesia,
2519 472 2647 548 quid

525 579 740 632 cantus
769 567 1064 646 signifieat
1091 569 1367 629 videatur
1397 588 1531 629 mox
1561 587 1746 647 supra
1780 589 1851 629 n:
1888 573 2059 630 326:
2098 578 2238 631 eunt
2263 571 2445 630 binae
2476 588 2648 632 voees

524 676 587 732 in
612 672 848 747 Lingua
883 668 1186 746 originali,
1226 688 1339 746 per
1377 686 1531 746 quas
1563 672 1918 746 exprimitur
1952 671 2267 745 redimere,
2308 690 2432 730 una
2471 673 2650 748 signi-

527 773 667 832 ficat
701 771 1159 829 vindicationem
1201 788 1236 828 a
1272 770 1474 844 malie,
1531 769 1722 828 altera
1754 770 2163 831 liberationem
2211 789 2250 830 a
2282 772 2497 848 falsi33
2549 772 2652 831 hae

525 873 702 932 binae
750 886 933 930 voces
980 870 1063 928 ibi
1115 876 1282 944 sunt,
1337 870 1497 930 unde
1550 869 1792 944 dieitur,
1848 871 2018 930 ibunt
2060 872 2382 949 redempti,
2445 879 2512 932 et
2559 889 2649 930 re·
2749 903 2751 936 ι

527 975 754 1050 dempti
787 971 1062 1031 Jehovae
1099 976 1479 1030 revertentur
1491 991 1506 1046 ;
1562 971 1836 1030 similiter
1868 971 2009 1030 illae
2057 971 2235 1031 binae
2271 983 2466 1031 voces
2500 971 2650 1049 apud

330 1184 348 1241 ῐ
364 1187 498 1246 412]
542 1180 603 1234 et
627 1173 864 1232 Psalm:
898 1169 1086 1231 CVII:
1122 1175 1183 1228 2.
1241 1170 1418 1246 Quod
1446 1171 1737 1231 redimere
1767 1172 2061 1249 significet
2085 1171 2387 1231 vindicare
2421 1191 2464 1231 a
2490 1172 2651 1230 malis

535 1281 608 1333 et»
630 1273 886 1333 liberare
925 1288 962 1329 a
986 1271 1174 1345 falsie,
1216 1278 1276 1329 et
1303 1288 1543 1347 quoque
1573 1272 1873 1333 vindicare
1911 1279 1970 1331 et
1995 1271 2253 1331 liberare
2288 1271 2364 1331 ab
2390 1271 2651 1340 luserim,

535 1381 630 1435 est
666 1376 806 1450 quia
845 1390 920 1432 ex
953 1371 1193 1430 Inserno
1249 1373 1448 1430 omnia
1482 1372 1642 1430 mala
1695 1379 1756 1431 et
1808 1372 1962 1430 salsa
2009 1373 2173 1449 apud
2205 1373 2515 1432 hominem
2552 1390 2646 1429 ex-

534 1481 812 1550 surgunt3
870 1488 1024 1547 quae
1077 1474 1217 1547 quia
1264 1489 1376 1548 per
1423 1472 1901 1531 reformationem
1957 1479 2017 1532 et
2063 1476 2590 1550 regenerationem
2620 1488 2649 1527 a

529 1574 787 1634 Domino
828 1579 1224 1645 removentur,
1265 1574 1442 1631 etiam
1468 1573 1811 1632 reformatio
1854 1579 1913 1631 et
1943 1575 2320 1650 regeneratio
2347 1591 2468 1649 per
2495 1572 2644 1633 redi-

533 1691 699 1732 mere
731 1689 838 1730 seu
868 1687 979 1746 per
1003 1671 1472 1747 redemptionem
1508 1673 1894 1749 significatur,
1934 1679 1998 1730 ut
2034 1657 2091 1731 in
2128 1674 2532 1749 sequentibus
2564 1673 2644 1730 his
2745 1711 2748 1726 r

524 1773 707 1846 loeis;
762 1769 925 1845 apud
959 1768 1255 1828 Davidem
1293 1770 1550 1852 „Surye
1583 1773 1654 1832 in
1687 1769 2017 1833 auxilium
2053 1772 2261 1848 nobie,
2315 1778 2376 1832 et
2410 1772 2645 1833 redime

527 1892 645 1933 noe
684 1873 943 1949 propter
979 1866 1502 1943 Misericordiam
1542 1875 1770 1933 tuam“
1823 1873 2061 1931 Psalm:
2098 1871 2322 1933 XLIV:
2367 1878 2496 1951 273
2551 1889 2638 1931 re-

526 1073 867 1134 Hoscheam
898 1071 1045 1147 Cap:
1076 1070 1264 1129 XIII:
1305 1074 1410 1129 14.
1466 1072 1628 1149 apud
1656 1072 1953 1131 Davidem
1987 1072 2225 1131 Psalm:
2257 1071 2498 1132 LXIX:
2540 1074 2649 1144 193

527 1974 755 2032 dimere
805 1986 914 2058 pro
949 1968 1205 2030 liberare
1243 1977 1306 2030 et
1336 1974 1692 2033 reformare:
1746 1962 1908 2049 apud
1942 1973 2212 2031 Eundem
2264 2018 2302 2049 „
2325 1972 2521 2035 Deus
2552 1990 2638 2033 re-

526 2070 729 2135 demit
767 2068 1052 2131 animam
1090 2089 1295 2131 meam
1354 2091 1388 2131 e
1426 2091 1621 2133 manu
1658 2072 1938 2152 Insa-ni,
2005 2078 2066 2133 et
2100 2074 2445 2153 acceptabit
2490 2073 2634 2134 me“
2747 2093 2748 2102 ¹

526 2173 761 2236 Psalm:
809 2165 1044 2230 XLIX:
1090 2174 1175 2232 16
1199 2193 1216 2249 3
1270 2173 1564 2232 redimere
1628 2191 1660 2232 e
1706 2191 1883 2231 manu
1919 2173 2144 2233 Inferni
2196 2192 2307 2251 pro
2354 2174 2631 2244 liberare;

527 2282 848 2353 acceptare
884 2289 979 2330 me
1017 2289 1128 2347 pro
1165 2273 1280 2332 sibi
1315 2273 1595 2333 addicare
1635 2280 1693 2332 et
1729 2274 2128 2351 conjungere,
2182 2292 2292 2334 seu
2341 2276 2541 2334 faeere
2575 2278 2630 2328 ut

522 2377 729 2456 Ipsius
765 2377 915 2443 sint,
968 2374 1126 2430 sieut
1161 2375 1325 2433 servi
1360 2373 1587 2433 venditi
1624 2380 1684 2434 et
1715 2373 2029 2452 redempti.
2083 2376 2264 2452 Apud
2301 2375 2620 2435 Hoseheam

531 2524 570 2555 „
591 2477 663 2539 E
696 2494 896 2538 manu
942 2471 1198 2554 Inferni
1257 2471 1574 2535 redimam
1623 2493 1756 2550 eos,
1810 2494 1843 2533 e
1891 2481 2093 2536 morte
2136 2475 2455 2536 redimam
2493 2472 2621 2534 θοῷ(

521 2579 712 2640 XIII:
762 2580 883 2650 143
939 2575 1230 2634 redimere
1278 2591 1389 2651 pro
1426 2574 1727 2634 vindicare
1778 2580 1838 2634 et
1870 2576 2129 2635 liberare
2165 2594 2203 2634 a
2238 2576 2628 2636 damnatione.

523 2678 708 2754 Apud
740 2673 1034 2733 Davidem
1080 2672 1410 2750 „Benedic
1428 2673 1673 2735 Anima
1706 2693 1848 2737 mea
1874 2673 2172 2747 Jelzovae,
2221 2675 2357 2751 Qui
2380 2668 2630 2736 redemit

525 2796 567 2837 a
589 2778 785 2857 fovea
818 2773 1019 2832 vitam
1055 2778 1277 2834 tuam“
1318 2774 1552 2834 Psalm:
1593 2773 1764 2833 CIII:
1813 2779 1871 2836 1.
1906 2780 1985 2849 43
2041 2776 2331 2835 redimere
2371 2794 2407 2835 a
2445 2777 2630 2840 fovea,

522 2894 634 2955 pro
670 2876 926 2935 liberare
953 2890 990 2929 a
1016 2873 1422 2949 damnatione,
1463 2876 1643 2934 fovea
1673 2882 1766 2935 est
1791 2877 2110 2935 damnatiO.
2162 2876 2630 2952 ApudEundem

525 2972 1035 3057 „Appropinqua
1073 2972 1164 3033 ad
1200 2973 1488 3035 animam
1522 2993 1755 3050 meam,
1800 2975 2039 3036 redime
2076 2996 2243 3051 eam,
2298 2981 2358 3036 et
2385 2979 2635 3055 propter

521 3075 820 3137 inimicos
856 3072 1093 3135 redime
1129 3079 1270 3134 me“
1325 3074 1560 3135 Psalm:
1595 3075 1823 3135 LXIX:
1872 3080 1987 3152 193
2042 3079 2530 3155 appropinquare
2565 3070 2631 3131 ad

524 3180 784 3236 animam
817 3176 1113 3251 signifieat
1147 3177 1512 3253 conjungere
1548 3176 1710 3234 illam
1747 3176 1895 3253 sibi:
1950 3177 2244 3237 redimere
2285 3195 2416 3236 eam
2452 3176 2629 3252 signi-

520 3277 660 3338 fleat
695 3277 995 3338 vindicare
1033 3296 1070 3335 a
1105 3277 1308 3353 malis;
1365 3283 1616 3353 propter
1650 3278 1919 3336 inimicos
1955 3278 2180 3336 redime
2218 3295 2312 3336 me
2349 3276 2632 3354 significat

518 3378 781 3438 liberare
819 3396 856 3435 a
889 3377 1089 3447 salsiS,
1141 3379 1361 3436 inimici
1395 3383 1535 3434 sunt
1570 3376 1741 3436 falsa.
1798 3378 1983 3454 Apud
2014 3377 2286 3436 Eundem
2326 3420 2364 3452 ‚,
2389 3374 2631 3436 Dicant

519 3478 830 3557 redempti
853 3476 1142 3553 Jehovae,
1182 3495 1338 3556 quos
1363 3475 1631 3537 redemit
1657 3495 1689 3535 e
1715 3495 1910 3538 manu
1937 3476 2142 3537 hostie
2170 3473 2624 3557 anquetanti3“

478 3579 752 3639 [Psalmz
794 3577 994 3636 CVII:
1043 3583 1119 3653 23
1176 3577 1470 3654 redempti
1506 3576 1783 3636 Jehovae
1834 3596 1943 3655 pro
1980 3577 2099 3637 illis
2149 3580 2248 3654 qui
2282 3578 2568 3636 vindicati
2599 3589 2629 3630 a

516 3678 724 3754 malis;
780 3695 929 3755 quos
966 3678 1218 3737 redemit
1256 3697 1287 3737 e
1326 3697 1504 3737 manu
1539 3677 1729 3736 hostis
1768 3681 2140 3754 angustantis
2175 3690 2285 3755 pro
2321 3676 2441 3736 illis
2490 3687 2627 3759 quos

519 3778 800 3837 liberavit
835 3795 873 3836 a
907 3778 1094 3836 falsis,
1151 3777 1334 3853 Apud
1369 3777 1698 3837 Jeremiam
1739 3774 2025 3851 „Tecum
2064 3775 2214 3857 Eyo
2254 3776 2345 3837 ad
2382 3794 2629 3836 servan·

518 3875 670 3939 dum
720 3883 808 3954 te,
857 3883 917 3938 et
955 3877 1046 3938 ad
1066 3875 1466 3956 eripiendum
1499 3882 1584 3951 te,
1639 3884 1699 3939 et
1734 3877 2009 3957 eripiam
2049 3882 2109 3937 te
2144 3895 2179 3937 e
2213 3896 2412 3939 manu
2437 3873 2626 3938 malo-

515 3998 688 4055 ram,
758 3987 818 4040 et
855 3976 1169 4040 redimam
1212 3982 1272 4038 te
1312 3994 1345 4035 e
1385 3994 1583 4035 manu
1625 3972 2040 4038 violentorum
2068 3980 2106 4010 “
2158 3978 2301 4037 XV:
2346 3980 2458 4036 20.
2506 3978 2620 4046 215

514 4080 808 4139 redimere
865 4097 897 4136 e
946 4093 1129 4134 manu
1165 4076 1591 4146 violentorum,
1655 4093 1764 4151 pro
1823 4077 2082 4138 liberare
2145 4095 2218 4137 ex
2263 4078 2434 4138 falsis
2486 4088 2624 4152 quae

517 4177 867 4236 violentiam
920 4175 1178 4234 inferunt
1229 4176 1385 4236 bono
1438 4174 1774 4248 charitatiS,
1829 4177 2077 4237 violenti
2139 4177 2477 4255 significant
2533 4173 2626 4234 illa
