<?xml version="1.0" encoding="UTF-8"?>
<!DOCTYPE html PUBLIC "-//W3C//DTD XHTML 1.0 Transitional//EN"
    "http://www.w3.org/TR/xhtml1/DTD/xhtml1-transitional.dtd">
<html xmlns="http://www.w3.org/1999/xhtml" xml:lang="en" lang="en">
 <head>
  <title>
</title>
<meta http-equiv="Content-Type" content="text/html;charset=utf-8" />
  <meta name='ocr-system' content='tesseract 3.04.00' />
  <meta name='ocr-capabilities' content='ocr_page ocr_carea ocr_par ocr_line ocrx_word'/>
</head>
<body>
  <div class='ocr_page' id='page_1' title='image "apocalypsisexpl03swedgoog_0158.png"; bbox 0 0 2791 4778; ppageno 0'>
   <div class='ocr_carea' id='block_1_1' title="bbox 430 335 2111 404">
    <p class='ocr_par' dir='ltr' id='par_1_1' title="bbox 430 335 2111 404">
     <span class='ocr_line' id='line_1_1' title="bbox 430 335 2111 404; baseline 0.007 -21"><span class='ocrx_word' id='word_1_1' title='bbox 430 352 537 403; x_wconf 72' lang='lat' dir='ltr'><strong>13ss</strong></span> <span class='ocrx_word' id='word_1_2' title='bbox 870 335 1360 396; x_wconf 78' lang='lat' dir='ltr'>APOCALYPSIS</span> <span class='ocrx_word' id='word_1_3' title='bbox 1406 336 1836 394; x_wconf 79' lang='lat' dir='ltr'>EXPLICATA.</span> <span class='ocrx_word' id='word_1_4' title='bbox 1893 337 1937 404; x_wconf 82' lang='lat'><strong>§.</strong></span> <span class='ocrx_word' id='word_1_5' title='bbox 1984 346 2111 398; x_wconf 78' lang='lat'><strong>336.</strong></span> 
     </span>
    </p>
   </div>
   <div class='ocr_carea' id='block_1_2' title="bbox 421 495 2527 976">
    <p class='ocr_par' dir='ltr' id='par_1_2' title="bbox 421 495 2527 976">
     <span class='ocr_line' id='line_1_2' title="bbox 421 495 2521 574; baseline -0.001 -15"><span class='ocrx_word' id='word_1_6' title='bbox 421 499 613 560; x_wconf 84' lang='lat' dir='ltr'><strong>multa</strong></span> <span class='ocrx_word' id='word_1_7' title='bbox 645 495 984 556; x_wconf 82' lang='lat' dir='ltr'><strong>intellectus</strong></span> <span class='ocrx_word' id='word_1_8' title='bbox 1021 497 1185 574; x_wconf 81' lang='lat' dir='ltr'><strong>ejus,</strong></span> <span class='ocrx_word' id='word_1_9' title='bbox 1243 502 1304 554; x_wconf 84' lang='lat' dir='ltr'><strong>et</strong></span> <span class='ocrx_word' id='word_1_10' title='bbox 1347 513 1587 573; x_wconf 85' lang='lat' dir='ltr'><strong>quoque</strong></span> <span class='ocrx_word' id='word_1_11' title='bbox 1637 513 1774 556; x_wconf 84' lang='lat' dir='ltr'><strong>eum</strong></span> <span class='ocrx_word' id='word_1_12' title='bbox 1809 513 1927 555; x_wconf 91' lang='lat' dir='ltr'><strong>uuo</strong></span> <span class='ocrx_word' id='word_1_13' title='bbox 1966 497 2182 555; x_wconf 83' lang='lat' dir='ltr'><strong>amoris</strong></span> <span class='ocrx_word' id='word_1_14' title='bbox 2233 496 2312 555; x_wconf 84' lang='lat' dir='ltr'><strong>ad</strong></span> <span class='ocrx_word' id='word_1_15' title='bbox 2356 497 2521 557; x_wconf 75' lang='lat' dir='ltr'><strong>multa</strong></span> 
     </span>
     <span class='ocr_line' id='line_1_3' title="bbox 425 595 2521 677; baseline -0.001 -18"><span class='ocrx_word' id='word_1_16' title='bbox 425 598 816 677; x_wconf 77' lang='lat' dir='ltr'>exprimentia</span> <span class='ocrx_word' id='word_1_17' title='bbox 840 597 1044 671; x_wconf 83' lang='lat' dir='ltr'><strong>illum3</strong></span> <span class='ocrx_word' id='word_1_18' title='bbox 1081 596 1218 655; x_wconf 89' lang='lat' dir='ltr'><strong>inde</strong></span> <span class='ocrx_word' id='word_1_19' title='bbox 1248 613 1485 672; x_wconf 88' lang='lat' dir='ltr'><strong>quoque</strong></span> <span class='ocrx_word' id='word_1_20' title='bbox 1516 602 1638 672; x_wconf 86' lang='lat' dir='ltr'><strong>est,</strong></span> <span class='ocrx_word' id='word_1_21' title='bbox 1678 595 1836 673; x_wconf 90' lang='lat' dir='ltr'><strong>quod</strong></span> <span class='ocrx_word' id='word_1_22' title='bbox 1864 595 2113 655; x_wconf 87' lang='lat' dir='ltr'><strong>multum</strong></span> <span class='ocrx_word' id='word_1_23' title='bbox 2143 602 2205 656; x_wconf 87' lang='lat' dir='ltr'><strong>et</strong></span> <span class='ocrx_word' id='word_1_24' title='bbox 2229 597 2521 656; x_wconf 84' lang='lat' dir='ltr'><strong>multitudo</strong></span> 
     </span>
     <span class='ocr_line' id='line_1_4' title="bbox 423 696 2522 773; baseline -0 -15"><span class='ocrx_word' id='word_1_25' title='bbox 423 700 487 758; x_wconf 86' lang='lat' dir='ltr'><strong>in</strong></span> <span class='ocrx_word' id='word_1_26' title='bbox 512 697 716 756; x_wconf 83' lang='lat' dir='ltr'><strong>Verbo</strong></span> <span class='ocrx_word' id='word_1_27' title='bbox 754 697 985 755; x_wconf 84' lang='lat' dir='ltr'><strong>dicatur</strong></span> <span class='ocrx_word' id='word_1_28' title='bbox 1019 697 1094 756; x_wconf 92' lang='lat' dir='ltr'><strong>de</strong></span> <span class='ocrx_word' id='word_1_29' title='bbox 1131 699 1313 767; x_wconf 76' lang='lat' dir='ltr'><strong>veriS,</strong></span> <span class='ocrx_word' id='word_1_30' title='bbox 1353 712 1424 755; x_wconf 87' lang='lat' dir='ltr'><strong>ac</strong></span> <span class='ocrx_word' id='word_1_31' title='bbox 1462 713 1740 772; x_wconf 84' lang='lat' dir='ltr'><strong>magnum</strong></span> <span class='ocrx_word' id='word_1_32' title='bbox 1777 702 1839 756; x_wconf 88' lang='lat' dir='ltr'><strong>et</strong></span> <span class='ocrx_word' id='word_1_33' title='bbox 1872 696 2221 773; x_wconf 83' lang='lat' dir='ltr'><strong>magnitudo</strong></span> <span class='ocrx_word' id='word_1_34' title='bbox 2258 697 2333 756; x_wconf 87' lang='lat' dir='ltr'><strong>de</strong></span> <span class='ocrx_word' id='word_1_35' title='bbox 2365 697 2522 772; x_wconf 89' lang='lat' dir='ltr'><strong>bono,</strong></span> 
     </span>
     <span class='ocr_line' id='line_1_5' title="bbox 422 796 2523 875; baseline -0.001 -16"><span class='ocrx_word' id='word_1_36' title='bbox 422 814 710 875; x_wconf 83' lang='lat' dir='ltr'><strong>magnum</strong></span> <span class='ocrx_word' id='word_1_37' title='bbox 748 798 902 856; x_wconf 86' lang='lat' dir='ltr'><strong>enim</strong></span> <span class='ocrx_word' id='word_1_38' title='bbox 936 799 999 855; x_wconf 89' lang='lat' dir='ltr'><strong>in</strong></span> <span class='ocrx_word' id='word_1_39' title='bbox 1032 812 1099 855; x_wconf 89' lang='lat' dir='ltr'><strong>se</strong></span> <span class='ocrx_word' id='word_1_40' title='bbox 1135 796 1324 856; x_wconf 88' lang='lat' dir='ltr'><strong>multa</strong></span> <span class='ocrx_word' id='word_1_41' title='bbox 1357 797 1651 856; x_wconf 82' lang='lat' dir='ltr'><strong>continet:</strong></span> <span class='ocrx_word' id='word_1_42' title='bbox 1705 796 1815 856; x_wconf 85' lang='lat' dir='ltr'><strong>sed</strong></span> <span class='ocrx_word' id='word_1_43' title='bbox 1848 797 2001 855; x_wconf 86' lang='lat' dir='ltr'><strong>haec</strong></span> <span class='ocrx_word' id='word_1_44' title='bbox 2037 797 2197 857; x_wconf 85' lang='lat' dir='ltr'><strong>dieta</strong></span> <span class='ocrx_word' id='word_1_45' title='bbox 2230 802 2372 857; x_wconf 86' lang='lat' dir='ltr'><strong>sunt</strong></span> <span class='ocrx_word' id='word_1_46' title='bbox 2401 798 2523 872; x_wconf 86' lang='lat' dir='ltr'><strong>illis,</strong></span> 
     </span>
     <span class='ocr_line' id='line_1_6' title="bbox 426 896 2527 976; baseline -0.001 -19"><span class='ocrx_word' id='word_1_47' title='bbox 426 900 531 976; x_wconf 86' lang='lat' dir='ltr'><strong>qui</strong></span> <span class='ocrx_word' id='word_1_48' title='bbox 576 897 862 956; x_wconf 83' lang='lat' dir='ltr'><strong>illustrari</strong></span> <span class='ocrx_word' id='word_1_49' title='bbox 920 903 1177 973; x_wconf 85' lang='lat' dir='ltr'><strong>possunt</strong></span> <span class='ocrx_word' id='word_1_50' title='bbox 1223 914 1335 974; x_wconf 86' lang='lat' dir='ltr'><strong>per</strong></span> <span class='ocrx_word' id='word_1_51' title='bbox 1384 896 1695 973; x_wconf 81' lang='lat' dir='ltr'><strong>exempla,</strong></span> <span class='ocrx_word' id='word_1_52' title='bbox 1750 904 1816 956; x_wconf 91' lang='lat' dir='ltr'><strong>ut</strong></span> <span class='ocrx_word' id='word_1_53' title='bbox 1860 899 2056 956; x_wconf 83' lang='lat' dir='ltr'><strong>sciant</strong></span> <span class='ocrx_word' id='word_1_54' title='bbox 2100 897 2400 956; x_wconf 87' lang='lat' dir='ltr'><strong>undenam</strong></span> <span class='ocrx_word' id='word_1_55' title='bbox 2448 904 2527 957; x_wconf 87' lang='lat' dir='ltr'><strong>est</strong></span> 
     </span>
    </p>
   </div>
   <div class='ocr_carea' id='block_1_3' title="bbox 427 996 2630 1076">
    <p class='ocr_par' dir='ltr' id='par_1_3' title="bbox 427 996 2630 1076">
     <span class='ocr_line' id='line_1_7' title="bbox 427 996 2630 1076; baseline -0.001 -18"><span class='ocrx_word' id='word_1_56' title='bbox 427 998 589 1076; x_wconf 90' lang='lat' dir='ltr'><strong>quod</strong></span> <span class='ocrx_word' id='word_1_57' title='bbox 626 996 928 1057; x_wconf 75' lang='lat' dir='ltr'>chiliades</span> <span class='ocrx_word' id='word_1_58' title='bbox 978 996 1316 1072; x_wconf 83' lang='lat' dir='ltr'><strong>significent</strong></span> <span class='ocrx_word' id='word_1_59' title='bbox 1361 1013 1556 1074; x_wconf 84' lang='lat' dir='ltr'><strong>aeque</strong></span> <span class='ocrx_word' id='word_1_60' title='bbox 1599 996 2053 1056; x_wconf 80' lang='lat' dir='ltr'><strong>innumerabilia</strong></span> <span class='ocrx_word' id='word_1_61' title='bbox 2103 1014 2173 1055; x_wconf 84' lang='lat' dir='ltr'><strong>ae</strong></span> <span class='ocrx_word' id='word_1_62' title='bbox 2217 996 2525 1073; x_wconf 72' lang='lat' dir='ltr'><strong>MyriadeS,</strong></span> <span class='ocrx_word' id='word_1_63' title='bbox 2612 998 2630 1017; x_wconf 72' lang='lat'>⁶</span> 
     </span>
    </p>
   </div>
   <div class='ocr_carea' id='block_1_4' title="bbox 409 1095 2539 3892">
    <p class='ocr_par' dir='ltr' id='par_1_4' title="bbox 409 1095 2539 3892">
     <span class='ocr_line' id='line_1_8' title="bbox 424 1095 2526 1176; baseline -0.001 -17"><span class='ocrx_word' id='word_1_64' title='bbox 424 1105 489 1159; x_wconf 88' lang='lat' dir='ltr'><strong>at</strong></span> <span class='ocrx_word' id='word_1_65' title='bbox 520 1115 714 1176; x_wconf 90' lang='lat' dir='ltr'><strong>usque</strong></span> <span class='ocrx_word' id='word_1_66' title='bbox 763 1097 924 1175; x_wconf 91' lang='lat' dir='ltr'><strong>quod</strong></span> <span class='ocrx_word' id='word_1_67' title='bbox 955 1096 1255 1173; x_wconf 84' lang='lat' dir='ltr'><strong>Myriades</strong></span> <span class='ocrx_word' id='word_1_68' title='bbox 1304 1096 1577 1156; x_wconf 89' lang='lat' dir='ltr'><strong>dicantur</strong></span> <span class='ocrx_word' id='word_1_69' title='bbox 1628 1097 1702 1156; x_wconf 90' lang='lat' dir='ltr'><strong>de</strong></span> <span class='ocrx_word' id='word_1_70' title='bbox 1752 1099 1943 1172; x_wconf 87' lang='lat' dir='ltr'><strong>veris,</strong></span> <span class='ocrx_word' id='word_1_71' title='bbox 2001 1103 2060 1156; x_wconf 88' lang='lat' dir='ltr'><strong>et</strong></span> <span class='ocrx_word' id='word_1_72' title='bbox 2111 1095 2415 1157; x_wconf 79' lang='lat' dir='ltr'><strong>chiliades</strong></span> <span class='ocrx_word' id='word_1_73' title='bbox 2461 1098 2526 1157; x_wconf 82' lang='lat' dir='ltr'><strong>de</strong></span> 
     </span>
     <span class='ocr_line' id='line_1_9' title="bbox 425 1196 2527 1274; baseline -0.002 -13"><span class='ocrx_word' id='word_1_74' title='bbox 425 1201 616 1260; x_wconf 89' lang='lat' dir='ltr'><strong>bonis.</strong></span> <span class='ocrx_word' id='word_1_75' title='bbox 675 1198 852 1274; x_wconf 87' lang='lat' dir='ltr'><strong>Quod</strong></span> <span class='ocrx_word' id='word_1_76' title='bbox 885 1197 948 1256; x_wconf 89' lang='lat' dir='ltr'><strong>hi</strong></span> <span class='ocrx_word' id='word_1_77' title='bbox 981 1198 1212 1256; x_wconf 87' lang='lat' dir='ltr'><strong>numeri</strong></span> <span class='ocrx_word' id='word_1_78' title='bbox 1239 1197 1384 1255; x_wconf 85' lang='lat' dir='ltr'><strong>talia</strong></span> <span class='ocrx_word' id='word_1_79' title='bbox 1420 1196 1782 1273; x_wconf 85' lang='lat' dir='ltr'><strong>significent,</strong></span> <span class='ocrx_word' id='word_1_80' title='bbox 1821 1204 2098 1257; x_wconf 75' lang='lat' dir='ltr'><strong>constare</strong></span> <span class='ocrx_word' id='word_1_81' title='bbox 2132 1204 2340 1273; x_wconf 82' lang='lat' dir='ltr'><strong>potest</strong></span> <span class='ocrx_word' id='word_1_82' title='bbox 2374 1215 2413 1255; x_wconf 89' lang='lat' dir='ltr'><strong>a</strong></span> <span class='ocrx_word' id='word_1_83' title='bbox 2435 1215 2527 1257; x_wconf 89' lang='lat' dir='ltr'><strong>se-</strong></span> 
     </span>
     <span class='ocr_line' id='line_1_10' title="bbox 425 1296 2532 1379; baseline -0.001 -18"><span class='ocrx_word' id='word_1_84' title='bbox 425 1299 744 1376; x_wconf 82' lang='lat' dir='ltr'><strong>quentibus</strong></span> <span class='ocrx_word' id='word_1_85' title='bbox 795 1299 889 1357; x_wconf 89' lang='lat' dir='ltr'><strong>his</strong></span> <span class='ocrx_word' id='word_1_86' title='bbox 936 1297 1120 1371; x_wconf 86' lang='lat' dir='ltr'><strong>locis;</strong></span> <span class='ocrx_word' id='word_1_87' title='bbox 1177 1296 1339 1373; x_wconf 80' lang='lat' dir='ltr'><strong>apud</strong></span> <span class='ocrx_word' id='word_1_88' title='bbox 1386 1296 1597 1356; x_wconf 83' lang='lat' dir='ltr'><strong>Mosen</strong></span> <span class='ocrx_word' id='word_1_89' title='bbox 1661 1342 1698 1373; x_wconf 85' lang='lat'><em>„</em></span> <span class='ocrx_word' id='word_1_90' title='bbox 1722 1296 2161 1377; x_wconf 68' lang='lat' dir='ltr'><strong>Primoyenito</strong></span> <span class='ocrx_word' id='word_1_91' title='bbox 2198 1297 2375 1357; x_wconf 71' lang='lat' dir='ltr'><strong>bovis</strong></span> <span class='ocrx_word' id='word_1_92' title='bbox 2408 1297 2532 1379; x_wconf 58' lang='lat' dir='ltr'><strong>effus</strong></span> 
     </span>
     <span class='ocr_line' id='line_1_11' title="bbox 422 1394 2533 1479; baseline -0.003 -17"><span class='ocrx_word' id='word_1_93' title='bbox 422 1399 619 1462; x_wconf 73' lang='lat' dir='ltr'><strong>honor</strong></span> <span class='ocrx_word' id='word_1_94' title='bbox 653 1396 782 1475; x_wconf 73' lang='lat' dir='ltr'><strong>illi,</strong></span> <span class='ocrx_word' id='word_1_95' title='bbox 833 1402 894 1458; x_wconf 76' lang='lat' dir='ltr'><strong>et</strong></span> <span class='ocrx_word' id='word_1_96' title='bbox 936 1416 1170 1458; x_wconf 76' lang='lat' dir='ltr'><strong>eomua</strong></span> <span class='ocrx_word' id='word_1_97' title='bbox 1205 1394 1625 1458; x_wconf 71' lang='lat' dir='ltr'><strong>Monocerotis</strong></span> <span class='ocrx_word' id='word_1_98' title='bbox 1665 1416 1898 1459; x_wconf 79' lang='lat' dir='ltr'><strong>cornua</strong></span> <span class='ocrx_word' id='word_1_99' title='bbox 1925 1397 2102 1479; x_wconf 73' lang='lat' dir='ltr'><strong>ejus‚·</strong></span> <span class='ocrx_word' id='word_1_100' title='bbox 2145 1397 2250 1457; x_wconf 75' lang='lat' dir='ltr'><strong>his</strong></span> <span class='ocrx_word' id='word_1_101' title='bbox 2269 1395 2533 1477; x_wconf 73' lang='lat' dir='ltr'><strong>populos</strong></span> 
     </span>
     <span class='ocr_line' id='line_1_12' title="bbox 409 1496 2534 1579; baseline -0.001 -19"><span class='ocrx_word' id='word_1_102' title='bbox 409 1501 608 1579; x_wconf 75' lang='lat' dir='ltr'><strong>feriet</strong></span> <span class='ocrx_word' id='word_1_103' title='bbox 648 1519 779 1560; x_wconf 76' lang='lat' dir='ltr'><strong>una</strong></span> <span class='ocrx_word' id='word_1_104' title='bbox 815 1497 904 1558; x_wconf 82' lang='lat' dir='ltr'><strong>ad</strong></span> <span class='ocrx_word' id='word_1_105' title='bbox 931 1499 1099 1578; x_wconf 72' lang='lat' dir='ltr'><strong>fines</strong></span> <span class='ocrx_word' id='word_1_106' title='bbox 1136 1503 1372 1572; x_wconf 66' lang='lat' dir='ltr'><strong>terrae,</strong></span> <span class='ocrx_word' id='word_1_107' title='bbox 1418 1502 1480 1556; x_wconf 81' lang='lat' dir='ltr'><strong>et</strong></span> <span class='ocrx_word' id='word_1_108' title='bbox 1515 1497 1586 1557; x_wconf 78' lang='lat' dir='ltr'><strong>hi</strong></span> <span class='ocrx_word' id='word_1_109' title='bbox 1622 1497 1963 1579; x_wconf 72' lang='lat' dir='ltr'><strong>Myriades</strong></span> <span class='ocrx_word' id='word_1_110' title='bbox 1991 1496 2346 1578; x_wconf 79' lang='lat' dir='ltr'><strong>Ephraimi</strong></span> <span class='ocrx_word' id='word_1_111' title='bbox 2382 1503 2442 1557; x_wconf 80' lang='lat' dir='ltr'><strong>et</strong></span> <span class='ocrx_word' id='word_1_112' title='bbox 2473 1497 2534 1560; x_wconf 76' lang='lat'><strong>122·</strong></span> 
     </span>
     <span class='ocr_line' id='line_1_13' title="bbox 426 1597 2532 1675; baseline -0.002 -15"><span class='ocrx_word' id='word_1_113' title='bbox 426 1598 756 1660; x_wconf 73' lang='lat' dir='ltr'><strong>G&#39;hilz’ades</strong></span> <span class='ocrx_word' id='word_1_114' title='bbox 790 1597 1212 1658; x_wconf 68' lang='lat' dir='ltr'><strong>Menasoheh“</strong></span> <span class='ocrx_word' id='word_1_115' title='bbox 1255 1600 1451 1658; x_wconf 91' lang='lat' dir='ltr'><strong>Deut:</strong></span> <span class='ocrx_word' id='word_1_116' title='bbox 1489 1597 1802 1659; x_wconf 84' lang='lat' dir='ltr'>XXXIII:</span> <span class='ocrx_word' id='word_1_117' title='bbox 1842 1602 1870 1656; x_wconf 92' lang='lat' dir='ltr'><strong>l</strong></span> <span class='ocrx_word' id='word_1_118' title='bbox 1893 1604 1960 1675; x_wconf 83' lang='lat'><strong>73</strong></span> <span class='ocrx_word' id='word_1_119' title='bbox 2015 1598 2168 1658; x_wconf 85' lang='lat' dir='ltr'><strong>haee</strong></span> <span class='ocrx_word' id='word_1_120' title='bbox 2206 1599 2368 1657; x_wconf 80' lang='lat' dir='ltr'><strong>dieta</strong></span> <span class='ocrx_word' id='word_1_121' title='bbox 2405 1609 2532 1658; x_wconf 85' lang='lat' dir='ltr'><strong>sunt</strong></span> 
     </span>
     <span class='ocr_line' id='line_1_14' title="bbox 425 1698 2534 1776; baseline -0.001 -17"><span class='ocrx_word' id='word_1_122' title='bbox 425 1701 499 1759; x_wconf 87' lang='lat' dir='ltr'><strong>de</strong></span> <span class='ocrx_word' id='word_1_123' title='bbox 537 1698 840 1773; x_wconf 84' lang='lat' dir='ltr'><strong>Josepho,</strong></span> <span class='ocrx_word' id='word_1_124' title='bbox 892 1717 1003 1774; x_wconf 87' lang='lat' dir='ltr'><strong>per</strong></span> <span class='ocrx_word' id='word_1_125' title='bbox 1037 1716 1213 1773; x_wconf 87' lang='lat' dir='ltr'><strong>quem</strong></span> <span class='ocrx_word' id='word_1_126' title='bbox 1262 1702 1323 1757; x_wconf 86' lang='lat' dir='ltr'><strong>in</strong></span> <span class='ocrx_word' id='word_1_127' title='bbox 1368 1716 1554 1758; x_wconf 85' lang='lat' dir='ltr'><strong>sensu</strong></span> <span class='ocrx_word' id='word_1_128' title='bbox 1601 1701 2116 1776; x_wconf 69' lang='lat' dir='ltr'><strong>repraesentativo</strong></span> <span class='ocrx_word' id='word_1_129' title='bbox 2172 1699 2534 1776; x_wconf 79' lang='lat' dir='ltr'><strong>significatur</strong></span> 
     </span>
     <span class='ocr_line' id='line_1_15' title="bbox 422 1798 2533 1876; baseline 0 -19"><span class='ocrx_word' id='word_1_130' title='bbox 422 1799 717 1858; x_wconf 87' lang='lat' dir='ltr'><strong>Dominus</strong></span> <span class='ocrx_word' id='word_1_131' title='bbox 764 1798 963 1874; x_wconf 87' lang='lat' dir='ltr'><strong>quoad</strong></span> <span class='ocrx_word' id='word_1_132' title='bbox 996 1798 1277 1858; x_wconf 87' lang='lat' dir='ltr'><strong>Divinum</strong></span> <span class='ocrx_word' id='word_1_133' title='bbox 1317 1799 1659 1876; x_wconf 61' lang='lat' dir='ltr'><strong>Spirituale„</strong></span> <span class='ocrx_word' id='word_1_134' title='bbox 1699 1807 1760 1858; x_wconf 87' lang='lat' dir='ltr'><strong>et</strong></span> <span class='ocrx_word' id='word_1_135' title='bbox 1797 1800 1990 1874; x_wconf 88' lang='lat' dir='ltr'><strong>quoad</strong></span> <span class='ocrx_word' id='word_1_136' title='bbox 2027 1800 2301 1876; x_wconf 82' lang='lat' dir='ltr'><strong>Regnum</strong></span> <span class='ocrx_word' id='word_1_137' title='bbox 2341 1798 2533 1875; x_wconf 84' lang='lat' dir='ltr'><strong>Ipsius</strong></span> 
     </span>
     <span class='ocr_line' id='line_1_16' title="bbox 424 1897 2534 1975; baseline 0 -17"><span class='ocrx_word' id='word_1_138' title='bbox 424 1897 756 1975; x_wconf 86' lang='lat' dir='ltr'><strong>spirituale,</strong></span> <span class='ocrx_word' id='word_1_139' title='bbox 795 1897 1068 1958; x_wconf 85' lang='lat' dir='ltr'><strong>videatur</strong></span> <span class='ocrx_word' id='word_1_140' title='bbox 1102 1917 1172 1957; x_wconf 86' lang='lat' dir='ltr'><strong>n:</strong></span> <span class='ocrx_word' id='word_1_141' title='bbox 1212 1901 1424 1958; x_wconf 90' lang='grc'><strong>3969.</strong></span> <span class='ocrx_word' id='word_1_142' title='bbox 1471 1901 1679 1958; x_wconf 89' lang='grc'><strong>3971.</strong></span> <span class='ocrx_word' id='word_1_143' title='bbox 1716 1902 1925 1959; x_wconf 84' lang='grc'><strong>4669.</strong></span> <span class='ocrx_word' id='word_1_144' title='bbox 1974 1902 2183 1974; x_wconf 67' lang='grc'><strong>64173</strong></span> <span class='ocrx_word' id='word_1_145' title='bbox 2222 1917 2337 1975; x_wconf 85' lang='lat' dir='ltr'><strong>per</strong></span> <span class='ocrx_word' id='word_1_146' title='bbox 2370 1900 2534 1958; x_wconf 86' lang='lat' dir='ltr'><strong>binos</strong></span> 
     </span>
     <span class='ocr_line' id='line_1_17' title="bbox 424 1997 2533 2076; baseline -0.001 -18"><span class='ocrx_word' id='word_1_147' title='bbox 424 1999 557 2076; x_wconf 81' lang='lat' dir='ltr'><strong>ejus</strong></span> <span class='ocrx_word' id='word_1_148' title='bbox 594 1998 749 2057; x_wconf 86' lang='lat' dir='ltr'><strong>filios</strong></span> <span class='ocrx_word' id='word_1_149' title='bbox 785 1997 1173 2074; x_wconf 83' lang='lat' dir='ltr'><strong>Ephraimum</strong></span> <span class='ocrx_word' id='word_1_150' title='bbox 1209 2006 1270 2057; x_wconf 85' lang='lat' dir='ltr'><strong>et</strong></span> <span class='ocrx_word' id='word_1_151' title='bbox 1303 1999 1700 2075; x_wconf 82' lang='lat' dir='ltr'><strong>Menaschen,</strong></span> <span class='ocrx_word' id='word_1_152' title='bbox 1756 2000 2159 2076; x_wconf 73' lang='lat' dir='ltr'><strong>significantur</strong></span> <span class='ocrx_word' id='word_1_153' title='bbox 2202 2000 2346 2057; x_wconf 87' lang='lat' dir='ltr'><strong>bina</strong></span> <span class='ocrx_word' id='word_1_154' title='bbox 2381 2000 2533 2060; x_wconf 76' lang='lat' dir='ltr'><strong>illins</strong></span> 
     </span>
     <span class='ocr_line' id='line_1_18' title="bbox 422 2098 2538 2176; baseline -0.001 -18"><span class='ocrx_word' id='word_1_155' title='bbox 422 2099 649 2175; x_wconf 86' lang='lat' dir='ltr'><strong>Regni,</strong></span> <span class='ocrx_word' id='word_1_156' title='bbox 690 2116 903 2176; x_wconf 84' lang='lat' dir='ltr'><strong>nempe</strong></span> <span class='ocrx_word' id='word_1_157' title='bbox 930 2098 1346 2159; x_wconf 84' lang='lat' dir='ltr'><strong>Intellectuale</strong></span> <span class='ocrx_word' id='word_1_158' title='bbox 1374 2117 1583 2159; x_wconf 82' lang='lat' dir='ltr'><strong>verum</strong></span> <span class='ocrx_word' id='word_1_159' title='bbox 1620 2107 1682 2159; x_wconf 88' lang='lat' dir='ltr'><strong>et</strong></span> <span class='ocrx_word' id='word_1_160' title='bbox 1709 2099 2124 2160; x_wconf 73' lang='lat' dir='ltr'><strong>voluntarium</strong></span> <span class='ocrx_word' id='word_1_161' title='bbox 2151 2100 2396 2175; x_wconf 88' lang='lat' dir='ltr'><strong>bonum,</strong></span> <span class='ocrx_word' id='word_1_162' title='bbox 2434 2118 2538 2176; x_wconf 86' lang='lat' dir='ltr'><strong>per</strong></span> 
     </span>
     <span class='ocr_line' id='line_1_19' title="bbox 422 2191 2534 2278; baseline 0 -20"><span class='ocrx_word' id='word_1_163' title='bbox 422 2191 811 2278; x_wconf 84' lang='lat' dir='ltr'><strong>Ephraimuiu</strong></span> <span class='ocrx_word' id='word_1_164' title='bbox 844 2198 1261 2260; x_wconf 85' lang='lat' dir='ltr'><strong>Intellectuale</strong></span> <span class='ocrx_word' id='word_1_165' title='bbox 1291 2199 1549 2274; x_wconf 84' lang='lat' dir='ltr'><strong>Verum,</strong></span> <span class='ocrx_word' id='word_1_166' title='bbox 1603 2207 1665 2260; x_wconf 90' lang='lat' dir='ltr'><strong>et</strong></span> <span class='ocrx_word' id='word_1_167' title='bbox 1697 2218 1809 2277; x_wconf 87' lang='lat' dir='ltr'><strong>per</strong></span> <span class='ocrx_word' id='word_1_168' title='bbox 1833 2200 2200 2260; x_wconf 83' lang='lat' dir='ltr'><strong>Menasohen</strong></span> <span class='ocrx_word' id='word_1_169' title='bbox 2238 2199 2534 2259; x_wconf 87' lang='lat' dir='ltr'><strong>Volunta-</strong></span> 
     </span>
     <span class='ocr_line' id='line_1_20' title="bbox 421 2294 2538 2377; baseline -0.001 -17"><span class='ocrx_word' id='word_1_170' title='bbox 421 2304 574 2360; x_wconf 83' lang='lat' dir='ltr'><strong>rium</strong></span> <span class='ocrx_word' id='word_1_171' title='bbox 622 2301 885 2374; x_wconf 86' lang='lat' dir='ltr'><strong>Bonum,</strong></span> <span class='ocrx_word' id='word_1_172' title='bbox 940 2300 1077 2360; x_wconf 89' lang='lat' dir='ltr'><strong>inde</strong></span> <span class='ocrx_word' id='word_1_173' title='bbox 1126 2306 1221 2359; x_wconf 90' lang='lat' dir='ltr'><strong>est</strong></span> <span class='ocrx_word' id='word_1_174' title='bbox 1271 2299 1432 2376; x_wconf 89' lang='lat' dir='ltr'><strong>quod</strong></span> <span class='ocrx_word' id='word_1_175' title='bbox 1480 2294 1713 2359; x_wconf 79' lang='lat' dir='ltr'><strong>dicatur</strong></span> <span class='ocrx_word' id='word_1_176' title='bbox 1757 2300 2060 2377; x_wconf 83' lang='lat' dir='ltr'><strong>Myriades</strong></span> <span class='ocrx_word' id='word_1_177' title='bbox 2110 2300 2424 2377; x_wconf 85' lang='lat' dir='ltr'><strong>Ephraimi</strong></span> <span class='ocrx_word' id='word_1_178' title='bbox 2483 2307 2538 2360; x_wconf 83' lang='lat' dir='ltr'><strong>et</strong></span> 
     </span>
     <span class='ocr_line' id='line_1_21' title="bbox 423 2400 2535 2479; baseline -0.001 -17"><span class='ocrx_word' id='word_1_179' title='bbox 423 2402 725 2463; x_wconf 76' lang='lat' dir='ltr'><strong>chiliades</strong></span> <span class='ocrx_word' id='word_1_180' title='bbox 750 2402 1148 2475; x_wconf 83' lang='lat' dir='ltr'><strong>Menascheh3</strong></span> <span class='ocrx_word' id='word_1_181' title='bbox 1188 2401 1347 2479; x_wconf 92' lang='lat' dir='ltr'><strong>quod</strong></span> <span class='ocrx_word' id='word_1_182' title='bbox 1378 2401 1486 2460; x_wconf 88' lang='lat' dir='ltr'><strong>illa</strong></span> <span class='ocrx_word' id='word_1_183' title='bbox 1519 2419 1632 2478; x_wconf 89' lang='lat' dir='ltr'><strong>per</strong></span> <span class='ocrx_word' id='word_1_184' title='bbox 1655 2400 2043 2479; x_wconf 86' lang='lat' dir='ltr'><strong>Ephraimum</strong></span> <span class='ocrx_word' id='word_1_185' title='bbox 2079 2407 2138 2461; x_wconf 89' lang='lat' dir='ltr'><strong>et</strong></span> <span class='ocrx_word' id='word_1_186' title='bbox 2170 2402 2535 2462; x_wconf 85' lang='lat' dir='ltr'><strong>Menaschen</strong></span> 
     </span>
     <span class='ocr_line' id='line_1_22' title="bbox 421 2485 2531 2580; baseline -0.001 -19"><span class='ocrx_word' id='word_1_187' title='bbox 421 2485 846 2580; x_wconf 83' lang='lat' dir='ltr'><strong>significentur,</strong></span> <span class='ocrx_word' id='word_1_188' title='bbox 872 2503 1147 2564; x_wconf 84' lang='lat' dir='ltr'><strong>videatur</strong></span> <span class='ocrx_word' id='word_1_189' title='bbox 1164 2506 1225 2562; x_wconf 88' lang='lat' dir='ltr'><strong>in</strong></span> <span class='ocrx_word' id='word_1_190' title='bbox 1249 2504 1527 2561; x_wconf 74' lang='lat' dir='ltr'><strong>AncAms</strong></span> <span class='ocrx_word' id='word_1_191' title='bbox 1541 2500 1963 2563; x_wconf 72' lang='lat' dir='ltr'><strong>Counns&#39;rmus</strong></span> <span class='ocrx_word' id='word_1_192' title='bbox 1993 2521 2050 2562; x_wconf 86' lang='lat' dir='ltr'><strong>n:</strong></span> <span class='ocrx_word' id='word_1_193' title='bbox 2082 2504 2295 2562; x_wconf 88' lang='grc'><strong>3969.</strong></span> <span class='ocrx_word' id='word_1_194' title='bbox 2326 2503 2531 2564; x_wconf 84' lang='lat'>5351.</span> 
     </span>
     <span class='ocr_line' id='line_1_23' title="bbox 430 2603 2535 2680; baseline -0.002 -17"><span class='ocrx_word' id='word_1_195' title='bbox 430 2604 639 2663; x_wconf 83' lang='lat'><strong>5353.</strong></span> <span class='ocrx_word' id='word_1_196' title='bbox 688 2605 896 2663; x_wconf 82' lang='lat'><strong>5354.</strong></span> <span class='ocrx_word' id='word_1_197' title='bbox 944 2605 1153 2663; x_wconf 88' lang='grc'><strong>6222.</strong></span> <span class='ocrx_word' id='word_1_198' title='bbox 1201 2605 1412 2664; x_wconf 88' lang='grc'><strong>6234.</strong></span> <span class='ocrx_word' id='word_1_199' title='bbox 1459 2603 1669 2663; x_wconf 87' lang='grc'><strong>6238.</strong></span> <span class='ocrx_word' id='word_1_200' title='bbox 1716 2605 1927 2662; x_wconf 85' lang='grc'><strong>6267.</strong></span> <span class='ocrx_word' id='word_1_201' title='bbox 1976 2604 2198 2662; x_wconf 82' lang='grc'><strong>6296;</strong></span> <span class='ocrx_word' id='word_1_202' title='bbox 2254 2603 2399 2679; x_wconf 91' lang='lat' dir='ltr'><strong>quid</strong></span> <span class='ocrx_word' id='word_1_203' title='bbox 2433 2619 2535 2680; x_wconf 88' lang='lat' dir='ltr'><strong>per</strong></span> 
     </span>
     <span class='ocr_line' id='line_1_24' title="bbox 418 2701 2532 2780; baseline 0.001 -20"><span class='ocrx_word' id='word_1_204' title='bbox 418 2705 882 2778; x_wconf 81' lang='lat' dir='ltr'><strong>primogenitum</strong></span> <span class='ocrx_word' id='word_1_205' title='bbox 914 2701 1082 2760; x_wconf 89' lang='lat' dir='ltr'><strong>bovis</strong></span> <span class='ocrx_word' id='word_1_206' title='bbox 1122 2710 1180 2761; x_wconf 90' lang='lat' dir='ltr'><strong>et</strong></span> <span class='ocrx_word' id='word_1_207' title='bbox 1213 2720 1324 2780; x_wconf 90' lang='lat' dir='ltr'><strong>per</strong></span> <span class='ocrx_word' id='word_1_208' title='bbox 1361 2720 1584 2763; x_wconf 84' lang='lat' dir='ltr'><strong>cornua</strong></span> <span class='ocrx_word' id='word_1_209' title='bbox 1608 2701 2010 2762; x_wconf 84' lang='lat' dir='ltr'><strong>Monoeerotis</strong></span> <span class='ocrx_word' id='word_1_210' title='bbox 2044 2702 2124 2761; x_wconf 87' lang='lat' dir='ltr'><strong>ibi</strong></span> <span class='ocrx_word' id='word_1_211' title='bbox 2152 2702 2532 2779; x_wconf 82' lang='lat' dir='ltr'><strong>significatur,</strong></span> 
     </span>
     <span class='ocr_line' id='line_1_25' title="bbox 419 2801 2536 2881; baseline 0.002 -23"><span class='ocrx_word' id='word_1_212' title='bbox 419 2801 695 2860; x_wconf 76' lang='lat' dir='ltr'><strong>videatur</strong></span> <span class='ocrx_word' id='word_1_213' title='bbox 731 2818 916 2876; x_wconf 83' lang='lat' dir='ltr'><strong>supra</strong></span> <span class='ocrx_word' id='word_1_214' title='bbox 951 2818 1017 2858; x_wconf 90' lang='lat' dir='ltr'><strong>n:</strong></span> <span class='ocrx_word' id='word_1_215' title='bbox 1066 2803 1224 2860; x_wconf 87' lang='lat'><strong>316.</strong></span> <span class='ocrx_word' id='word_1_216' title='bbox 1279 2804 1460 2881; x_wconf 86' lang='lat' dir='ltr'><strong>Apud</strong></span> <span class='ocrx_word' id='word_1_217' title='bbox 1494 2803 1793 2863; x_wconf 82' lang='lat' dir='ltr'><strong>Davidem</strong></span> <span class='ocrx_word' id='word_1_218' title='bbox 1842 2848 1877 2878; x_wconf 91' lang='lat'><em>„</em></span> <span class='ocrx_word' id='word_1_219' title='bbox 1904 2801 2147 2863; x_wconf 72' lang='lat' dir='ltr'><strong>Currus</strong></span> <span class='ocrx_word' id='word_1_220' title='bbox 2184 2802 2325 2863; x_wconf 77' lang='lat' dir='ltr'><strong>Dei</strong></span> <span class='ocrx_word' id='word_1_221' title='bbox 2360 2803 2536 2864; x_wconf 75' lang='lat' dir='ltr'><strong>binae</strong></span> 
     </span>
     <span class='ocr_line' id='line_1_26' title="bbox 416 2897 2534 2983; baseline 0.002 -23"><span class='ocrx_word' id='word_1_222' title='bbox 416 2898 791 2981; x_wconf 60' lang='lat' dir='ltr'><strong>Myr-iacies,</strong></span> <span class='ocrx_word' id='word_1_223' title='bbox 833 2897 1162 2961; x_wconf 69' lang='lat' dir='ltr'><strong>chiliades</strong></span> <span class='ocrx_word' id='word_1_224' title='bbox 1203 2900 1597 2983; x_wconf 71' lang='lat' dir='ltr'><strong>Anyelorum</strong></span> <span class='ocrx_word' id='word_1_225' title='bbox 1623 2903 1848 2982; x_wconf 68' lang='lat' dir='ltr'><strong>pacis,</strong></span> <span class='ocrx_word' id='word_1_226' title='bbox 1902 2902 2235 2964; x_wconf 71' lang='lat' dir='ltr'><strong>Dominus</strong></span> <span class='ocrx_word' id='word_1_227' title='bbox 2274 2902 2344 2963; x_wconf 80' lang='lat' dir='ltr'><strong>in</strong></span> <span class='ocrx_word' id='word_1_228' title='bbox 2374 2901 2534 2978; x_wconf 69' lang='lat' dir='ltr'><strong>illis,</strong></span> 
     </span>
     <span class='ocr_line' id='line_1_27' title="bbox 417 2997 2538 3080; baseline 0.001 -21"><span class='ocrx_word' id='word_1_229' title='bbox 417 2998 613 3060; x_wconf 75' lang='lat' dir='ltr'><strong>Sinai</strong></span> <span class='ocrx_word' id='word_1_230' title='bbox 644 3000 715 3061; x_wconf 77' lang='lat' dir='ltr'><strong>in</strong></span> <span class='ocrx_word' id='word_1_231' title='bbox 748 2997 1178 3064; x_wconf 74' lang='lat' dir='ltr'><strong>Sanctuario“</strong></span> <span class='ocrx_word' id='word_1_232' title='bbox 1222 3003 1455 3064; x_wconf 82' lang='lat' dir='ltr'><strong>Psalm:</strong></span> <span class='ocrx_word' id='word_1_233' title='bbox 1493 3004 1787 3063; x_wconf 83' lang='lat' dir='ltr'>LXVIII:</span> <span class='ocrx_word' id='word_1_234' title='bbox 1834 3006 1952 3080; x_wconf 83' lang='lat'><strong>183</strong></span> <span class='ocrx_word' id='word_1_235' title='bbox 2005 3022 2117 3080; x_wconf 85' lang='lat' dir='ltr'><strong>per</strong></span> <span class='ocrx_word' id='word_1_236' title='bbox 2152 3004 2379 3063; x_wconf 85' lang='lat' dir='ltr'><strong>Currus</strong></span> <span class='ocrx_word' id='word_1_237' title='bbox 2422 3007 2538 3066; x_wconf 87' lang='lat' dir='ltr'><strong>Dei</strong></span> 
     </span>
     <span class='ocr_line' id='line_1_28' title="bbox 417 3100 2539 3181; baseline 0.002 -22"><span class='ocrx_word' id='word_1_238' title='bbox 417 3100 822 3177; x_wconf 83' lang='lat' dir='ltr'><strong>significantur</strong></span> <span class='ocrx_word' id='word_1_239' title='bbox 850 3120 993 3162; x_wconf 87' lang='lat' dir='ltr'><strong>vera</strong></span> <span class='ocrx_word' id='word_1_240' title='bbox 1027 3105 1350 3176; x_wconf 85' lang='lat' dir='ltr'><strong>doctrinae,</strong></span> <span class='ocrx_word' id='word_1_241' title='bbox 1392 3110 1453 3161; x_wconf 88' lang='lat' dir='ltr'><strong>et</strong></span> <span class='ocrx_word' id='word_1_242' title='bbox 1485 3120 1596 3178; x_wconf 85' lang='lat' dir='ltr'><strong>per</strong></span> <span class='ocrx_word' id='word_1_243' title='bbox 1620 3104 1888 3180; x_wconf 82' lang='lat' dir='ltr'><strong>Angelos</strong></span> <span class='ocrx_word' id='word_1_244' title='bbox 1923 3106 2092 3181; x_wconf 85' lang='lat' dir='ltr'><strong>pacis</strong></span> <span class='ocrx_word' id='word_1_245' title='bbox 2129 3101 2539 3181; x_wconf 85' lang='lat' dir='ltr'><strong>significantur</strong></span> 
     </span>
     <span class='ocr_line' id='line_1_29' title="bbox 414 3199 2537 3292; baseline 0.004 -33"><span class='ocrx_word' id='word_1_246' title='bbox 414 3199 575 3260; x_wconf 87' lang='lat' dir='ltr'><strong>bona</strong></span> <span class='ocrx_word' id='word_1_247' title='bbox 612 3203 741 3281; x_wconf 85' lang='lat' dir='ltr'><strong>ejus</strong></span> <span class='ocrx_word' id='word_1_248' title='bbox 754 3247 773 3277; x_wconf 88' lang='lat'><em>,</em></span> <span class='ocrx_word' id='word_1_249' title='bbox 814 3222 999 3282; x_wconf 83' lang='lat' dir='ltr'><strong>quare</strong></span> <span class='ocrx_word' id='word_1_250' title='bbox 1038 3205 1111 3265; x_wconf 89' lang='lat' dir='ltr'><strong>de</strong></span> <span class='ocrx_word' id='word_1_251' title='bbox 1146 3205 1264 3264; x_wconf 80' lang='lat' dir='ltr'><strong>illis</strong></span> <span class='ocrx_word' id='word_1_252' title='bbox 1295 3202 1571 3261; x_wconf 86' lang='lat' dir='ltr'><strong>dicuntur</strong></span> <span class='ocrx_word' id='word_1_253' title='bbox 1606 3205 1923 3281; x_wconf 84' lang='lat' dir='ltr'><strong>myriades,</strong></span> <span class='ocrx_word' id='word_1_254' title='bbox 1966 3210 2039 3292; x_wconf 43' lang='lat' dir='ltr'><strong>et·</strong></span> <span class='ocrx_word' id='word_1_255' title='bbox 2061 3204 2134 3265; x_wconf 92' lang='lat' dir='ltr'><strong>de</strong></span> <span class='ocrx_word' id='word_1_256' title='bbox 2183 3205 2278 3263; x_wconf 87' lang='lat' dir='ltr'><strong>his</strong></span> <span class='ocrx_word' id='word_1_257' title='bbox 2320 3207 2537 3267; x_wconf 80' lang='lat' dir='ltr'><strong>chilia-</strong></span> 
     </span>
     <span class='ocr_line' id='line_1_30' title="bbox 416 3302 2535 3391; baseline 0.001 -30"><span class='ocrx_word' id='word_1_258' title='bbox 416 3302 555 3361; x_wconf 85' lang='lat' dir='ltr'><strong>des:</strong></span> <span class='ocrx_word' id='word_1_259' title='bbox 595 3305 753 3382; x_wconf 92' lang='lat' dir='ltr'><strong>quod</strong></span> <span class='ocrx_word' id='word_1_260' title='bbox 782 3322 991 3367; x_wconf 85' lang='lat' dir='ltr'><strong>currus</strong></span> <span class='ocrx_word' id='word_1_261' title='bbox 1017 3304 1350 3382; x_wconf 84' lang='lat' dir='ltr'><strong>significent</strong></span> <span class='ocrx_word' id='word_1_262' title='bbox 1378 3320 1522 3361; x_wconf 85' lang='lat' dir='ltr'><strong>vera</strong></span> <span class='ocrx_word' id='word_1_263' title='bbox 1548 3302 1871 3391; x_wconf 51' lang='lat' dir='ltr'><strong>doctriw‚</strong></span> <span class='ocrx_word' id='word_1_264' title='bbox 1911 3304 2187 3363; x_wconf 87' lang='lat' dir='ltr'><strong>videatur</strong></span> <span class='ocrx_word' id='word_1_265' title='bbox 2213 3322 2285 3363; x_wconf 73' lang='lat' dir='ltr'><strong>nt</strong></span> <span class='ocrx_word' id='word_1_266' title='bbox 2317 3311 2354 3365; x_wconf 91' lang='grc'><strong>2</strong></span> <span class='ocrx_word' id='word_1_267' title='bbox 2373 3310 2535 3367; x_wconf 89' lang='grc'><strong>762.</strong></span> 
     </span>
     <span class='ocr_line' id='line_1_31' title="bbox 425 3403 2539 3484; baseline 0.002 -22"><span class='ocrx_word' id='word_1_268' title='bbox 425 3405 635 3466; x_wconf 86' lang='grc'><strong>5321.</strong></span> <span class='ocrx_word' id='word_1_269' title='bbox 674 3410 806 3468; x_wconf 88' lang='grc'><strong>821</strong></span> <span class='ocrx_word' id='word_1_270' title='bbox 829 3408 899 3483; x_wconf 85' lang='lat'><strong>53</strong></span> <span class='ocrx_word' id='word_1_271' title='bbox 955 3413 1015 3465; x_wconf 87' lang='lat' dir='ltr'><strong>et</strong></span> <span class='ocrx_word' id='word_1_272' title='bbox 1052 3403 1211 3481; x_wconf 90' lang='lat' dir='ltr'><strong>quod</strong></span> <span class='ocrx_word' id='word_1_273' title='bbox 1245 3420 1365 3480; x_wconf 83' lang='lat' dir='ltr'><strong>pax</strong></span> <span class='ocrx_word' id='word_1_274' title='bbox 1401 3403 1695 3479; x_wconf 82' lang='lat' dir='ltr'><strong>significet</strong></span> <span class='ocrx_word' id='word_1_275' title='bbox 1728 3408 2002 3464; x_wconf 89' lang='lat' dir='ltr'><strong>intimum</strong></span> <span class='ocrx_word' id='word_1_276' title='bbox 2033 3406 2202 3479; x_wconf 89' lang='lat' dir='ltr'><strong>boni,</strong></span> <span class='ocrx_word' id='word_1_277' title='bbox 2240 3407 2303 3464; x_wconf 87' lang='lat' dir='ltr'><strong>in</strong></span> <span class='ocrx_word' id='word_1_278' title='bbox 2331 3407 2539 3484; x_wconf 82' lang='lat' dir='ltr'><strong>Opere</strong></span> 
     </span>
     <span class='ocr_line' id='line_1_32' title="bbox 414 3504 2537 3581; baseline 0.003 -18"><span class='ocrx_word' id='word_1_279' title='bbox 414 3504 488 3564; x_wconf 90' lang='lat' dir='ltr'><strong>de</strong></span> <span class='ocrx_word' id='word_1_280' title='bbox 528 3504 736 3569; x_wconf 59' lang='lat' dir='ltr'><strong>Conso</strong></span> <span class='ocrx_word' id='word_1_281' title='bbox 772 3527 849 3566; x_wconf 73' lang='lat' dir='ltr'><strong>m·</strong></span> <span class='ocrx_word' id='word_1_282' title='bbox 885 3504 1163 3564; x_wconf 50' lang='lat' dir='ltr'><strong>Ihm-nano</strong></span> <span class='ocrx_word' id='word_1_283' title='bbox 1213 3521 1281 3560; x_wconf 86' lang='lat' dir='ltr'><strong>n:</strong></span> <span class='ocrx_word' id='word_1_284' title='bbox 1318 3506 1456 3562; x_wconf 80' lang='lat'><strong>284</strong></span> <span class='ocrx_word' id='word_1_285' title='bbox 1500 3504 1576 3562; x_wconf 84' lang='lat' dir='ltr'><strong>ad</strong></span> <span class='ocrx_word' id='word_1_286' title='bbox 1617 3506 1795 3565; x_wconf 83' lang='grc' dir='ltr'><strong>29οε</strong></span> <span class='ocrx_word' id='word_1_287' title='bbox 1836 3513 1895 3564; x_wconf 80' lang='lat' dir='ltr'><strong>et</strong></span> <span class='ocrx_word' id='word_1_288' title='bbox 1929 3508 2072 3581; x_wconf 86' lang='lat' dir='ltr'><strong>quia</strong></span> <span class='ocrx_word' id='word_1_289' title='bbox 2106 3506 2403 3568; x_wconf 86' lang='lat' dir='ltr'><strong>Dominus</strong></span> <span class='ocrx_word' id='word_1_290' title='bbox 2441 3507 2537 3568; x_wconf 82' lang='lat' dir='ltr'><strong>di—</strong></span> 
     </span>
     <span class='ocr_line' id='line_1_33' title="bbox 413 3601 2538 3681; baseline 0.001 -18"><span class='ocrx_word' id='word_1_291' title='bbox 413 3607 565 3666; x_wconf 86' lang='lat' dir='ltr'><strong>citur</strong></span> <span class='ocrx_word' id='word_1_292' title='bbox 590 3606 884 3667; x_wconf 88' lang='lat' dir='ltr'><strong>Dominus</strong></span> <span class='ocrx_word' id='word_1_293' title='bbox 922 3623 997 3663; x_wconf 76' lang='lat' dir='ltr'><strong>ex</strong></span> <span class='ocrx_word' id='word_1_294' title='bbox 1024 3604 1201 3672; x_wconf 88' lang='lat' dir='ltr'><strong>bono,</strong></span> <span class='ocrx_word' id='word_1_295' title='bbox 1239 3610 1299 3661; x_wconf 90' lang='lat' dir='ltr'><strong>et</strong></span> <span class='ocrx_word' id='word_1_296' title='bbox 1327 3601 1492 3663; x_wconf 85' lang='lat' dir='ltr'><strong>Sinai</strong></span> <span class='ocrx_word' id='word_1_297' title='bbox 1526 3604 1820 3681; x_wconf 84' lang='lat' dir='ltr'><strong>significat</strong></span> <span class='ocrx_word' id='word_1_298' title='bbox 1858 3604 2108 3664; x_wconf 87' lang='lat' dir='ltr'><strong>Coelum</strong></span> <span class='ocrx_word' id='word_1_299' title='bbox 2141 3607 2244 3666; x_wconf 89' lang='lat' dir='ltr'><strong>ubi</strong></span> <span class='ocrx_word' id='word_1_300' title='bbox 2281 3614 2342 3667; x_wconf 89' lang='lat' dir='ltr'><strong>et</strong></span> <span class='ocrx_word' id='word_1_301' title='bbox 2375 3607 2538 3667; x_wconf 88' lang='lat' dir='ltr'><strong>unde</strong></span> 
     </span>
     <span class='ocr_line' id='line_1_34' title="bbox 410 3703 2539 3781; baseline 0.003 -19"><span class='ocrx_word' id='word_1_302' title='bbox 410 3704 695 3767; x_wconf 85' lang='lat' dir='ltr'><strong>Divinum</strong></span> <span class='ocrx_word' id='word_1_303' title='bbox 723 3705 982 3777; x_wconf 83' lang='lat' dir='ltr'><strong>Verum,</strong></span> <span class='ocrx_word' id='word_1_304' title='bbox 1021 3703 1157 3763; x_wconf 87' lang='lat' dir='ltr'><strong>ideo</strong></span> <span class='ocrx_word' id='word_1_305' title='bbox 1194 3703 1410 3763; x_wconf 81' lang='lat' dir='ltr'><strong>dicitur</strong></span> <span class='ocrx_word' id='word_1_306' title='bbox 1449 3704 1741 3763; x_wconf 90' lang='lat' dir='ltr'><strong>Dominus</strong></span> <span class='ocrx_word' id='word_1_307' title='bbox 1777 3705 1839 3762; x_wconf 86' lang='lat' dir='ltr'><strong>in</strong></span> <span class='ocrx_word' id='word_1_308' title='bbox 1872 3704 2024 3781; x_wconf 84' lang='lat' dir='ltr'><strong>illis,</strong></span> <span class='ocrx_word' id='word_1_309' title='bbox 2078 3705 2244 3766; x_wconf 86' lang='lat' dir='ltr'><strong>Sinai</strong></span> <span class='ocrx_word' id='word_1_310' title='bbox 2277 3711 2341 3767; x_wconf 88' lang='lat' dir='ltr'><strong>in</strong></span> <span class='ocrx_word' id='word_1_311' title='bbox 2377 3708 2539 3768; x_wconf 83' lang='lat' dir='ltr'><strong>San-</strong></span> 
     </span>
     <span class='ocr_line' id='line_1_35' title="bbox 412 3784 2534 3892; baseline 0.002 -31"><span class='ocrx_word' id='word_1_312' title='bbox 412 3784 665 3876; x_wconf 50' lang='lat' dir='ltr'><strong>etuario,&#39;</strong></span> <span class='ocrx_word' id='word_1_313' title='bbox 704 3801 1122 3863; x_wconf 76' lang='lat' dir='ltr'><strong>sanctuarium</strong></span> <span class='ocrx_word' id='word_1_314' title='bbox 1157 3810 1249 3862; x_wconf 85' lang='lat' dir='ltr'><strong>est</strong></span> <span class='ocrx_word' id='word_1_315' title='bbox 1278 3803 1527 3863; x_wconf 88' lang='lat' dir='ltr'><strong>Coelum</strong></span> <span class='ocrx_word' id='word_1_316' title='bbox 1556 3809 1616 3862; x_wconf 88' lang='lat' dir='ltr'><strong>et</strong></span> <span class='ocrx_word' id='word_1_317' title='bbox 1645 3804 1922 3892; x_wconf 81' lang='lat' dir='ltr'><strong>Ecclesia</strong></span> <span class='ocrx_word' id='word_1_318' title='bbox 1954 3805 2056 3865; x_wconf 90' lang='lat' dir='ltr'><strong>ubi</strong></span> <span class='ocrx_word' id='word_1_319' title='bbox 2092 3806 2375 3867; x_wconf 88' lang='lat' dir='ltr'><strong>Divinum</strong></span> <span class='ocrx_word' id='word_1_320' title='bbox 2402 3808 2534 3869; x_wconf 87' lang='lat' dir='ltr'><strong>Ve-</strong></span> 
     </span>
    </p>
   </div>
   <div class='ocr_carea' id='block_1_5' title="bbox 209 3902 2535 3991">
    <p class='ocr_par' dir='ltr' id='par_1_5' title="bbox 209 3902 2535 3991">
     <span class='ocr_line' id='line_1_36' title="bbox 209 3902 2535 3991; baseline 0.001 -28"><span class='ocrx_word' id='word_1_321' title='bbox 209 3920 370 3991; x_wconf 68' lang='lat'>[434]</span> <span class='ocrx_word' id='word_1_322' title='bbox 408 3919 569 3976; x_wconf 83' lang='lat' dir='ltr'><strong>rum3</strong></span> <span class='ocrx_word' id='word_1_323' title='bbox 644 3902 802 3978; x_wconf 88' lang='lat' dir='ltr'><strong>quod</strong></span> <span class='ocrx_word' id='word_1_324' title='bbox 849 3902 1141 3963; x_wconf 87' lang='lat' dir='ltr'><strong>Dominus</strong></span> <span class='ocrx_word' id='word_1_325' title='bbox 1190 3903 1422 3965; x_wconf 84' lang='lat' dir='ltr'><strong>dicatur</strong></span> <span class='ocrx_word' id='word_1_326' title='bbox 1472 3903 1767 3964; x_wconf 87' lang='lat' dir='ltr'><strong>Dominus</strong></span> <span class='ocrx_word' id='word_1_327' title='bbox 1822 3922 1897 3963; x_wconf 79' lang='lat' dir='ltr'><strong>ex</strong></span> <span class='ocrx_word' id='word_1_328' title='bbox 1931 3905 2151 3964; x_wconf 85' lang='lat' dir='ltr'><strong>Divino</strong></span> <span class='ocrx_word' id='word_1_329' title='bbox 2196 3908 2396 3984; x_wconf 91' lang='lat' dir='ltr'><strong>Bono,</strong></span> <span class='ocrx_word' id='word_1_330' title='bbox 2461 3924 2535 3965; x_wconf 86' lang='lat' dir='ltr'><strong>ac</strong></span> 
     </span>
    </p>
   </div>
   <div class='ocr_carea' id='block_1_6' title="bbox 405 4001 2533 4283">
    <p class='ocr_par' dir='ltr' id='par_1_6' title="bbox 405 4001 2533 4283">
     <span class='ocr_line' id='line_1_37' title="bbox 405 4001 2533 4083; baseline 0.002 -22"><span class='ocrx_word' id='word_1_331' title='bbox 405 4002 580 4062; x_wconf 87' lang='lat' dir='ltr'><strong>Deus</strong></span> <span class='ocrx_word' id='word_1_332' title='bbox 618 4020 692 4061; x_wconf 85' lang='lat' dir='ltr'><strong>ex</strong></span> <span class='ocrx_word' id='word_1_333' title='bbox 726 4001 948 4062; x_wconf 88' lang='lat' dir='ltr'><strong>Divino</strong></span> <span class='ocrx_word' id='word_1_334' title='bbox 985 4002 1177 4075; x_wconf 88' lang='lat' dir='ltr'><strong>Vero,</strong></span> <span class='ocrx_word' id='word_1_335' title='bbox 1234 4004 1510 4064; x_wconf 84' lang='lat' dir='ltr'><strong>videatur</strong></span> <span class='ocrx_word' id='word_1_336' title='bbox 1556 4024 1626 4064; x_wconf 86' lang='lat' dir='ltr'><strong>n:</strong></span> <span class='ocrx_word' id='word_1_337' title='bbox 1669 4007 1884 4065; x_wconf 90' lang='grc'><strong>4973.</strong></span> <span class='ocrx_word' id='word_1_338' title='bbox 1930 4008 2140 4066; x_wconf 89' lang='grc'><strong>9167.</strong></span> <span class='ocrx_word' id='word_1_339' title='bbox 2184 4011 2415 4083; x_wconf 65' lang='grc'><strong>91945</strong></span> <span class='ocrx_word' id='word_1_340' title='bbox 2472 4013 2533 4067; x_wconf 89' lang='lat' dir='ltr'><strong>et</strong></span> 
     </span>
     <span class='ocr_line' id='line_1_38' title="bbox 412 4101 2528 4182; baseline 0.003 -25"><span class='ocrx_word' id='word_1_341' title='bbox 412 4102 570 4178; x_wconf 86' lang='lat' dir='ltr'><strong>quod</strong></span> <span class='ocrx_word' id='word_1_342' title='bbox 610 4101 772 4162; x_wconf 83' lang='lat' dir='ltr'><strong>Sinai</strong></span> <span class='ocrx_word' id='word_1_343' title='bbox 821 4104 1112 4180; x_wconf 85' lang='lat' dir='ltr'><strong>significet</strong></span> <span class='ocrx_word' id='word_1_344' title='bbox 1165 4104 1414 4166; x_wconf 82' lang='lat' dir='ltr'><strong>Coelum</strong></span> <span class='ocrx_word' id='word_1_345' title='bbox 1461 4107 1563 4166; x_wconf 93' lang='lat' dir='ltr'><strong>ubi</strong></span> <span class='ocrx_word' id='word_1_346' title='bbox 1615 4105 1908 4165; x_wconf 88' lang='lat' dir='ltr'><strong>Dominus</strong></span> <span class='ocrx_word' id='word_1_347' title='bbox 1963 4123 2035 4165; x_wconf 80' lang='lat' dir='ltr'><strong>ex</strong></span> <span class='ocrx_word' id='word_1_348' title='bbox 2074 4104 2208 4182; x_wconf 83' lang='lat' dir='ltr'><strong>Quo</strong></span> <span class='ocrx_word' id='word_1_349' title='bbox 2244 4109 2528 4169; x_wconf 87' lang='lat' dir='ltr'><strong>Divinum</strong></span> 
     </span>
     <span class='ocr_line' id='line_1_39' title="bbox 408 4201 2526 4283; baseline 0.001 -21"><span class='ocrx_word' id='word_1_350' title='bbox 408 4201 661 4279; x_wconf 66' lang='lat' dir='ltr'><strong>Verum,</strong></span> <span class='ocrx_word' id='word_1_351' title='bbox 724 4222 833 4267; x_wconf 85' lang='lat' dir='ltr'><strong>seu</strong></span> <span class='ocrx_word' id='word_1_352' title='bbox 870 4221 941 4267; x_wconf 87' lang='lat' dir='ltr'><strong>ex</strong></span> <span class='ocrx_word' id='word_1_353' title='bbox 981 4205 1117 4283; x_wconf 85' lang='lat' dir='ltr'><strong>Quo</strong></span> <span class='ocrx_word' id='word_1_354' title='bbox 1149 4206 1271 4267; x_wconf 85' lang='lat' dir='ltr'><strong>Lex</strong></span> <span class='ocrx_word' id='word_1_355' title='bbox 1332 4209 1393 4265; x_wconf 89' lang='lat' dir='ltr'><strong>in</strong></span> <span class='ocrx_word' id='word_1_356' title='bbox 1431 4223 1617 4265; x_wconf 88' lang='lat' dir='ltr'><strong>sensu</strong></span> <span class='ocrx_word' id='word_1_357' title='bbox 1678 4208 1883 4264; x_wconf 81' lang='lat' dir='ltr'><strong>stricto</strong></span> <span class='ocrx_word' id='word_1_358' title='bbox 1949 4213 2008 4265; x_wconf 83' lang='lat' dir='ltr'><strong>et</strong></span> <span class='ocrx_word' id='word_1_359' title='bbox 2053 4208 2114 4265; x_wconf 92' lang='lat' dir='ltr'><strong>in</strong></span> <span class='ocrx_word' id='word_1_360' title='bbox 2166 4225 2350 4269; x_wconf 89' lang='lat' dir='ltr'><strong>sensu</strong></span> <span class='ocrx_word' id='word_1_361' title='bbox 2385 4208 2526 4279; x_wconf 81' lang='lat' dir='ltr'><strong>lato,</strong></span> 
     </span>
    </p>
   </div>
   <div class='ocr_carea' id='block_1_7' title="bbox 2641 463 2644 510">
    <p class='ocr_par' dir='ltr' id='par_1_7' title="bbox 2641 463 2644 510">
     <span class='ocr_line' id='line_1_40' title="bbox 2641 463 2644 510; baseline 0 0"><span class='ocrx_word' id='word_1_362' title='bbox 2641 463 2644 510; x_wconf 67' lang='lat' dir='ltr'>d</span> 
     </span>
    </p>
   </div>
   <div class='ocr_carea' id='block_1_8' title="bbox 2705 2361 2717 2573">
    <p class='ocr_par' dir='ltr' id='par_1_8' title="bbox 2705 2361 2717 2573">
     <span class='ocr_line' id='line_1_41' title="bbox 2705 2361 2717 2573; textangle 90"><span class='ocrx_word' id='word_1_363' title='bbox 2705 2361 2717 2573; x_wconf 39' lang='grc' dir='ltr'><strong>Ι--μᾉ</strong></span> 
     </span>
    </p>
   </div>
  </div>
 </body>
</html>
