2791 4778
442 375 550 427 118
880 358 1370 414 APOCALYPSIS
1413 357 1846 415 EXPLICATA.
1902 356 1949 426 §0
1993 367 2122 419 3⁴29.

432 521 583 584 ficiis
619 519 996 597 significabat
1027 519 1308 578 Divinum
1335 518 1584 588 Verum,
1619 517 1756 577 ideo
1792 517 1973 576 etiam
1999 517 2252 576 vetitum
2277 515 2394 575 illis
2422 518 2540 590 suit,

435 668 474 700 „
487 620 868 702 Samficare
905 638 1095 699 super
1116 620 1506 700 smnentato
1544 616 1925 697 sanquinem
1961 616 2318 697 sacrifici&
2364 617 2545 677 Exod:

432 721 689 784 XXIII:
739 723 847 780 18.
906 718 1071 797 Cap:
1110 719 1410 780 XXXIV:
1454 721 1576 795 253
1630 736 1744 795 per
1776 718 2129 778 fermentum
2169 707 2329 777 enim
2365 720 2547 795 signi-

433 824 647 883 ficatur
669 821 905 895 salsum,
944 827 1003 879 et
1030 839 1143 897 per
1165 821 1581 881 fermentatum
1611 836 1820 878 verum
1846 817 2243 893 falsificatum,
2281 819 2552 878 videatur

435 942 509 983 n:
544 923 758 981 2342.
811 923 1021 982 7906.
1074 922 1285 983 8051.
1324 924 1536 981 9992.
1585 919 1786 979 Causa
1816 918 1976 995 quod
2004 917 2158 978 Caro
2186 919 2432 978 Domini
2472 922 2553 979 si·-

437 1022 676 1101 gniflcet
702 1022 986 1081 Divinum
1009 1023 1242 1082 Bonum
1272 1022 1471 1081 Divini
1498 1022 1756 1094 AmoriS,
1796 1024 1857 1078 et
1882 1019 2042 1094 quod
2071 1018 2332 1097 Sanguis
2358 1019 2556 1096 Ipsius

436 1121 730 1200 significet
755 1122 1041 1181 Divinum
1061 1122 1287 1181 Verum
1313 1121 1649 1200 procedens
1676 1137 1752 1178 ex
1783 1118 1886 1179 illo
1914 1121 2102 1194 Bono,
2142 1128 2237 1179 est
2274 1123 2419 1196 quia
2446 1121 2556 1179 duo

437 1230 579 1284 sunt
626 1240 780 1298 quae
808 1222 1142 1299 procedunt
1180 1240 1253 1280 ex
1295 1223 1513 1283 Divino
1541 1222 1819 1280 Humano
1845 1218 2102 1295 Domini,
2139 1238 2359 1298 nempe
2385 1220 2550 1280 Divi-

435 1342 579 1384 num
601 1323 834 1382 Bonum
863 1332 923 1382 et
949 1322 1497 1398 Divinumverum,
1525 1321 1659 1381 Hoc
1695 1321 1832 1379 inde
1866 1327 1959 1380 est
1984 1321 2243 1397 Sanguis
2269 1320 2476 1398 Ipsius
2503 1328 2557 1380 et

435 1424 594 1484 Illud
624 1428 718 1482 est
751 1422 905 1483 Caro
934 1421 1166 1500 Ipsius:
1197 1424 1256 1481 id
1286 1424 1445 1500 quod
1473 1422 1744 1501 procedit
1772 1426 1865 1479 est
1890 1422 2173 1481 Divinum
2194 1422 2478 1482 Coeleste
2504 1427 2556 1480 et

431 1525 721 1584 Divinum
743 1521 1085 1599 spirituale,
1117 1541 1271 1599 quae
1297 1525 1522 1584 faciunt
1550 1521 1766 1582 Coelos
1792 1525 1853 1579 in
1880 1525 2177 1582 communi
2197 1529 2258 1581 et
2284 1524 2346 1580 in
2372 1527 2554 1599 parti-

435 1625 655 1685 culari:
697 1624 808 1682 sed
834 1624 948 1682 hoc
982 1622 1196 1684 melius
1223 1631 1499 1685 constare
1520 1628 1722 1701 potest
1746 1639 1820 1680 ex
1848 1622 1968 1682 illis
1997 1640 2151 1699 quae
2182 1625 2241 1680 in
2262 1622 2468 1700 Ope-re
2490 1624 2557 1682 dc

432 1723 645 1785 ‘Coeno
674 1742 752 1782 ΕΤ
767 1722 1049 1784 INrnnNo
1072 1703 1552 1801 insequentibus
1567 1722 1852 1782 Articulis
1886 1730 2133 1783 ostensa
2157 1731 2312 1798 sunt,
2343 1741 2555 1800 nempe

439 1823 601 1900 quod
623 1822 906 1883 Divinum
933 1823 1175 1883 Domini
1194 1826 1376 1885 faciat
1399 1824 1665 1895 Coelum,
1695 1841 1754 1881 n:
1795 1828 1826 1880 7
1861 1824 1938 1882 ad
1964 1827 1991 1882 1
2011 1828 2073 1883 2:
2102 1824 2261 1901 quod
2275 1824 2555 1882 Divinum

436 1923 681 1982 Domini
704 1926 764 1983 in
792 1922 976 1983 Coelo
1004 1926 1082 1982 sit
1096 1924 1284 1984 Amor
1308 1928 1370 1984 in
1393 1925 1606 2002 Ipsum
1634 1930 1695 1982 et
1722 1921 1995 1983 Charitas
2032 1942 2177 2002 erga
2201 1927 2554 2001 proximum,

437 2043 509 2083 n:
558 2026 641 2083 13
675 2023 759 2081 ad‘
787 2027 815 2082 1
836 2026 896 2082 9:
937 2024 1095 2101 quod
1131 2025 1266 2084 inde
1304 2032 1492 2084 totum
1526 2023 1775 2084 Coelum
1808 2025 1869 2082 in
1906 2031 2029 2083 toto
2067 2033 2127 2083 et
2159 2028 2221 2083 in
2257 2032 2433 2101 parte
2462 2041 2557 2082 re-

435 2125 594 2187 ferat
626 2142 806 2183 unum
835 2123 1171 2199 Hominem,
1206 2144 1274 2184 n:
1321 2127 1406 2184 59
1447 2126 1524 2184 ad
1568 2130 1685 2184 77:
1742 2124 1901 2199 quod
1934 2125 2067 2185 Hoc
2113 2128 2192 2184 sit·
2236 2142 2306 2184 ex
2335 2125 2558 2184 Divino

440 2224 718 2285 Humano
745 2225 1004 2296 Domini,
1041 2244 1110 2284 n:
1156 2232 1187 2286 7
1207 2228 1243 2285 8
1277 2225 1354 2286 ad
1383 2227 1495 2285 87:
1536 2231 1596 2283 et
1624 2240 1804 2302 porro
1842 2242 1915 2284 ex
1950 2226 2067 2285 illis
2106 2242 2261 2302 quae
2291 2225 2373 2284 >de
2416 2223 2557 2285 Sole

434 2329 498 2386 in
528 2324 732 2402 Coelo,
765 2331 826 2383 et
855 2325 929 2383 de
955 2323 1121 2385 Luce
1146 2333 1210 2386 et
1237 2324 1450 2385 Calore
1485 2326 1642 2398 inde,
1684 2331 1744 2384 et
1771 2325 1929 2402 quod
1959 2325 2139 2386 Calor
2165 2329 2245 2386 sit
2270 2326 2556 2384 Divinum

434 2426 688 2503 Bonum,
719 2425 921 2487 etLux
934 2427 1217 2487 Divinum
1233 2427 1481 2498 Verum,
1507 2432 1825 2505 utrumque
1851 2428 2186 2503 procedens
2216 2446 2253 2487 a
2277 2427 2550 2496 Domino,

436 2546 505 2586 n:
555 2530 692 2587 116
733 2528 811 2586 ad
855 2529 1026 2587 140:
1084 2545 1156 2587 ex
1203 2529 1326 2588 illis
1378 2529 1653 2589 omnibus
1697 2529 2079 2605 aliquatenus
2130 2526 2555 2604 comprehendi

438 2635 676 2705 potest,
731 2628 890 2686 unde
953 2635 1046 2687 est
1111 2630 1268 2705 quod
1303 2630 1588 2691 Divinum
1650 2629 1984 2704 procedens
2044 2629 2416 2705 intelligatur
2449 2645 2557 2705 per

440 2726 695 2787 Carnem
734 2735 794 2787 et
829 2727 1223 2804 Sanguinem,
1279 2748 1494 2808 nempe
1529 2730 1815 2789 Divinum
1850 2729 2083 2788 Bonum
2132 2722 2242 2806 per
2280 2727 2551 2800 Carnem,

439 2835 501 2886 et
533 2827 814 2890 Divinum
840 2829 1069 2887 Verum
1103 2847 1214 2904 per
1251 2829 1630 2906 Sanguinem.
1686 2830 1838 2891 Sunt
1875 2831 2051 2888 etiam
2090 2830 2205 2888 duo
2244 2829 2408 2905 apud
2441 2829 2549 2886 ho-

435 2931 656 2990 minem
717 2949 874 3007 quae
937 2928 1160 2987 faciunt
1221 2929 1352 3005 ejus
1392 2931 1573 2988 vitam
1623 2930 2031 3009 spiritualem,
2083 2947 2296 3006 nempe
2333 2929 2547 2988 bonum

441 3032 659 3093 amoris
698 3036 758 3089 et
791 3047 998 3090 verum
1026 3028 1185 3101 fidei,
1223 3028 1521 3088 Voluntas
1560 3037 1649 3088 est
1676 3030 2122 3108 receptaculum
2159 3030 2299 3089 boni
2335 3031 2552 3089 amoris

441 3129 606 3207 apud
655 3145 822 3202 eum,
895 3137 955 3187 et
995 3129 1348 3188 Intellectus
1399 3136 1491 3188 est
1536 3132 1982 3208 receptaculum
2036 3133 2164 3190 veri
2210 3131 2349 3190 fidei
2396 3128 2551 3207 apud

439 3246 577 3288 eum
590 3248 606 3303 3
646 3231 842 3287 omnia
878 3246 1032 3305 quae
1068 3232 1282 3288 mentis
1319 3237 1478 3300 sunt,
1515 3230 1628 3289 hoc
1667 3238 1787 3304 est,
1825 3249 1978 3308 quae
2007 3230 2334 3290 voluntatis
2374 3237 2435 3289 et
2458 3233 2546 3288 in-

436 3327 745 3402 tellectus,
802 3329 1390 3406 correspondentiam
1438 3330 1661 3390 habent
1708 3349 1841 3392 cum
1898 3331 2171 3391 omnibus
2207 3349 2380 3409 quae
2419 3347 2549 3390 cor-

437 3431 632 3508 poris,
687 3437 1056 3508 quapropter
1102 3436 1416 3489 moventur
1475 3431 1625 3490 haec
1677 3431 1753 3490 ad
1806 3439 2015 3491 nutum
2062 3432 2254 3508 illius3
2313 3446 2544 3490 corres-

434 3532 762 3608 pondentia
798 3532 1122 3592 voluntatis
1161 3537 1253 3589 est
1286 3533 1348 3588 in
1383 3549 1604 3607 genere
1642 3548 1778 3591 cum
1814 3532 2041 3602 Carne,
2092 3539 2153 3592 et
2189 3548 2547 3609 correspon-

437 3631 640 3692 dentia
673 3632 1012 3692 intellectus
1071 3638 1162 3690 est
1199 3648 1331 3690 cum
1370 3635 1692 3708 sanguine,
1746 3633 1884 3692 inde
1924 3638 2017 3691 est
2053 3633 2210 3708 quod
2244 3635 2546 3711 proprium

440 3732 838 3791 voluntarium
865 3731 1117 3791 hominis
1155 3734 1214 3790 in
1243 3731 1449 3791 Verbo
1479 3733 1849 3808 intelligatur
1883 3751 1994 3810 per
2022 3750 2280 3806 carnem,
2323 3740 2383 3792 et
2409 3748 2545 3809 pro-

434 3833 631 3908 prium
657 3831 1061 3891 intellectuale
1088 3850 1198 3908 per
1223 3834 1592 3908 sanguinem,
1629 3839 1696 3890 ut
1722 3833 1884 3908 apud
1910 3834 2285 3892 Matthaeum
2314 3832 2552 3907 „Jeaus

433 3929 613 3990 dicavit
654 3927 935 4006 Simoni,
989 3930 1206 3992 beatus
1249 3932 1403 4012 quia
1444 3930 1608 3994 Caro
1656 3938 1716 3994 et
1754 3931 2043 4014 Sangui-s·
2091 3952 2218 3994 non
2256 3930 2553 3994 revelavit

436 4029 600 4091 tibi“
641 4029 824 4090 XVI:
871 4034 898 4089 1
923 4036 988 4108 73
1042 4031 1194 4092 haec
1231 4033 1421 4092 allata
1454 4040 1626 4101 sunt,
1680 4040 1745 4092 ut
1782 4036 2006 4093 sciatur
2056 4034 2217 4110 quod
2251 4036 2314 4092 in
2349 4032 2551 4093 Verbo

434 4129 775 4190 voluntaria
837 4142 895 4190 et
930 4132 1385 4204 intellectualia,
1445 4136 1529 4192 ita
1590 4135 1930 4209 spiritualia
1989 4134 2400 4212 intelligantur
2446 4147 2551 4211 per

440 4229 692 4292 Carnem
730 4238 789 4291 et
826 4231 1191 4312 Sanguinem
1226 4233 1329 4293 ubi
1367 4233 1438 4292 de
1474 4233 1743 4309 homine,
1803 4241 1861 4293 et
1893 4235 2056 4311 quod
2091 4236 2314 4295 Divina
2351 4235 2453 4293 ubi
2479 4232 2551 4291 de
