<?xml version="1.0" encoding="UTF-8"?>
<!DOCTYPE html PUBLIC "-//W3C//DTD XHTML 1.0 Transitional//EN"
    "http://www.w3.org/TR/xhtml1/DTD/xhtml1-transitional.dtd">
<html xmlns="http://www.w3.org/1999/xhtml" xml:lang="en" lang="en">
 <head>
  <title>
</title>
<meta http-equiv="Content-Type" content="text/html;charset=utf-8" />
  <meta name='ocr-system' content='tesseract 3.04.00' />
  <meta name='ocr-capabilities' content='ocr_page ocr_carea ocr_par ocr_line ocrx_word'/>
</head>
<body>
  <div class='ocr_page' id='page_1' title='image "apocalypsisexpl03swedgoog_0415.png"; bbox 0 0 2791 4778; ppageno 0'>
   <div class='ocr_carea' id='block_1_1' title="bbox 372 371 2328 436">
    <p class='ocr_par' dir='ltr' id='par_1_1' title="bbox 372 371 2328 436">
     <span class='ocr_line' id='line_1_1' title="bbox 372 371 2328 436; baseline 0.006 -11"><span class='ocrx_word' id='word_1_1' title='bbox 372 371 594 427; x_wconf 88' lang='lat' dir='ltr'>CAPUT</span> <span class='ocrx_word' id='word_1_2' title='bbox 637 371 950 430; x_wconf 76' lang='lat' dir='ltr'>SEXTUM.</span> <span class='ocrx_word' id='word_1_3' title='bbox 1715 374 1894 428; x_wconf 78' lang='lat' dir='ltr'>VERS</span> <span class='ocrx_word' id='word_1_4' title='bbox 1913 395 1925 425; x_wconf 73' lang='grc' dir='ltr'><strong><em>ε</em></strong></span> <span class='ocrx_word' id='word_1_5' title='bbox 1972 382 2061 434; x_wconf 78' lang='grc'>12.</span> <span class='ocrx_word' id='word_1_6' title='bbox 2219 384 2328 436; x_wconf 79' lang='lat'>393</span> 
     </span>
    </p>
   </div>
   <div class='ocr_carea' id='block_1_2' title="bbox 212 528 2531 4322">
    <p class='ocr_par' dir='ltr' id='par_1_2' title="bbox 212 528 2531 4322">
     <span class='ocr_line' id='line_1_2' title="bbox 228 528 2330 609; baseline 0 -20"><span class='ocrx_word' id='word_1_7' title='bbox 228 532 540 604; x_wconf 84' lang='lat' dir='ltr'>hominum,</span> <span class='ocrx_word' id='word_1_8' title='bbox 600 548 674 588; x_wconf 82' lang='lat' dir='ltr'>ex</span> <span class='ocrx_word' id='word_1_9' title='bbox 713 529 931 605; x_wconf 88' lang='lat' dir='ltr'>quibus</span> <span class='ocrx_word' id='word_1_10' title='bbox 967 528 1241 589; x_wconf 84' lang='lat' dir='ltr'>Ecclesia</span> <span class='ocrx_word' id='word_1_11' title='bbox 1275 529 1737 607; x_wconf 79' lang='lat' dir='ltr'>Antiquissima,</span> <span class='ocrx_word' id='word_1_12' title='bbox 1776 549 1932 609; x_wconf 84' lang='lat' dir='ltr'>quae</span> <span class='ocrx_word' id='word_1_13' title='bbox 1969 532 2330 590; x_wconf 84' lang='lat' dir='ltr'>describitur</span> 
     </span>
     <span class='ocr_line' id='line_1_3' title="bbox 224 629 2329 707; baseline 0 -17"><span class='ocrx_word' id='word_1_14' title='bbox 224 635 277 690; x_wconf 89' lang='lat' dir='ltr'>in</span> <span class='ocrx_word' id='word_1_15' title='bbox 326 648 505 690; x_wconf 85' lang='lat' dir='ltr'>sensu</span> <span class='ocrx_word' id='word_1_16' title='bbox 559 631 774 690; x_wconf 86' lang='lat' dir='ltr'>literae</span> <span class='ocrx_word' id='word_1_17' title='bbox 836 647 946 707; x_wconf 89' lang='lat' dir='ltr'>per</span> <span class='ocrx_word' id='word_1_18' title='bbox 998 629 1372 689; x_wconf 74' lang='lat' dir='ltr'><strong>creationem</strong></span> <span class='ocrx_word' id='word_1_19' title='bbox 1402 631 1597 690; x_wconf 48' lang='lat' dir='ltr'>‘Coeli</span> <span class='ocrx_word' id='word_1_20' title='bbox 1656 641 1717 690; x_wconf 85' lang='lat' dir='ltr'>et</span> <span class='ocrx_word' id='word_1_21' title='bbox 1766 632 2010 692; x_wconf 83' lang='lat' dir='ltr'>Terrae.</span> <span class='ocrx_word' id='word_1_22' title='bbox 2101 631 2329 691; x_wconf 82' lang='lat' dir='ltr'><strong>Similia</strong></span> 
     </span>
     <span class='ocr_line' id='line_1_4' title="bbox 228 730 2331 808; baseline 0.001 -17"><span class='ocrx_word' id='word_1_23' title='bbox 228 734 387 791; x_wconf 84' lang='lat' dir='ltr'>etiam</span> <span class='ocrx_word' id='word_1_24' title='bbox 438 731 856 807; x_wconf 88' lang='lat' dir='ltr'>significantur</span> <span class='ocrx_word' id='word_1_25' title='bbox 918 747 1029 806; x_wconf 90' lang='lat' dir='ltr'>per</span> <span class='ocrx_word' id='word_1_26' title='bbox 1092 731 1243 790; x_wconf 86' lang='lat' dir='ltr'>haec</span> <span class='ocrx_word' id='word_1_27' title='bbox 1298 732 1461 808; x_wconf 86' lang='lat' dir='ltr'>apud</span> <span class='ocrx_word' id='word_1_28' title='bbox 1522 733 1850 792; x_wconf 83' lang='lat' dir='ltr'>Jeremiam</span> <span class='ocrx_word' id='word_1_29' title='bbox 1936 730 2093 806; x_wconf 80' lang='lat' dir='ltr'>„Sic</span> <span class='ocrx_word' id='word_1_30' title='bbox 2152 731 2331 793; x_wconf 60' lang='lat' dir='ltr'>discit</span> 
     </span>
     <span class='ocr_line' id='line_1_5' title="bbox 223 829 2334 907; baseline -0 -14"><span class='ocrx_word' id='word_1_31' title='bbox 223 831 538 894; x_wconf 76' lang='lat' dir='ltr'>Dominus</span> <span class='ocrx_word' id='word_1_32' title='bbox 597 829 897 899; x_wconf 69' lang='lat' dir='ltr'>Jehovih,</span> <span class='ocrx_word' id='word_1_33' title='bbox 975 829 1142 890; x_wconf 80' lang='lat' dir='ltr'>dans</span> <span class='ocrx_word' id='word_1_34' title='bbox 1202 829 1414 892; x_wconf 77' lang='lat' dir='ltr'>Solem</span> <span class='ocrx_word' id='word_1_35' title='bbox 1467 832 1540 893; x_wconf 80' lang='lat' dir='ltr'>in</span> <span class='ocrx_word' id='word_1_36' title='bbox 1590 830 1788 893; x_wconf 78' lang='lat' dir='ltr'>lucem</span> <span class='ocrx_word' id='word_1_37' title='bbox 1841 831 1975 892; x_wconf 72' lang='lat' dir='ltr'>diez·</span> <span class='ocrx_word' id='word_1_38' title='bbox 1988 877 2005 907; x_wconf 88' lang='lat'><em>‚</em></span> <span class='ocrx_word' id='word_1_39' title='bbox 2084 837 2334 893; x_wconf 78' lang='lat' dir='ltr'>statuta</span> 
     </span>
     <span class='ocr_line' id='line_1_6' title="bbox 224 928 2333 1009; baseline -0.001 -16"><span class='ocrx_word' id='word_1_40' title='bbox 224 930 431 993; x_wconf 79' lang='lat' dir='ltr'>Lunae</span> <span class='ocrx_word' id='word_1_41' title='bbox 458 939 521 992; x_wconf 80' lang='lat' dir='ltr'>et</span> <span class='ocrx_word' id='word_1_42' title='bbox 551 928 908 992; x_wconf 77' lang='lat' dir='ltr'><em>Stellarum</em></span> <span class='ocrx_word' id='word_1_43' title='bbox 950 929 1021 990; x_wconf 79' lang='lat' dir='ltr'>in</span> <span class='ocrx_word' id='word_1_44' title='bbox 1061 928 1259 991; x_wconf 82' lang='lat' dir='ltr'>lucem</span> <span class='ocrx_word' id='word_1_45' title='bbox 1285 933 1537 993; x_wconf 74' lang='lat' dir='ltr'>noctis“</span> <span class='ocrx_word' id='word_1_46' title='bbox 1574 933 1820 993; x_wconf 87' lang='lat' dir='ltr'>XXXI:</span> <span class='ocrx_word' id='word_1_47' title='bbox 1887 934 2013 1006; x_wconf 83' lang='lat'>353</span> <span class='ocrx_word' id='word_1_48' title='bbox 2068 951 2178 1009; x_wconf 86' lang='lat' dir='ltr'>per</span> <span class='ocrx_word' id='word_1_49' title='bbox 2201 939 2333 990; x_wconf 88' lang='lat' dir='ltr'>sta-</span> 
     </span>
     <span class='ocr_line' id='line_1_7' title="bbox 223 1030 2331 1109; baseline -0 -17"><span class='ocrx_word' id='word_1_50' title='bbox 223 1039 334 1092; x_wconf 85' lang='lat' dir='ltr'>tuta</span> <span class='ocrx_word' id='word_1_51' title='bbox 382 1032 598 1092; x_wconf 86' lang='lat' dir='ltr'>Lunae</span> <span class='ocrx_word' id='word_1_52' title='bbox 646 1038 706 1089; x_wconf 89' lang='lat' dir='ltr'>et</span> <span class='ocrx_word' id='word_1_53' title='bbox 741 1030 1051 1090; x_wconf 80' lang='lat' dir='ltr'>stellarum</span> <span class='ocrx_word' id='word_1_54' title='bbox 1089 1033 1498 1109; x_wconf 85' lang='lat' dir='ltr'>significantur</span> <span class='ocrx_word' id='word_1_55' title='bbox 1533 1036 1728 1092; x_wconf 88' lang='lat' dir='ltr'>omnia</span> <span class='ocrx_word' id='word_1_56' title='bbox 1776 1050 1930 1109; x_wconf 86' lang='lat' dir='ltr'>quae</span> <span class='ocrx_word' id='word_1_57' title='bbox 1979 1035 2039 1091; x_wconf 91' lang='lat' dir='ltr'>in</span> <span class='ocrx_word' id='word_1_58' title='bbox 2075 1032 2331 1091; x_wconf 83' lang='lat' dir='ltr'>naturali</span> 
     </span>
     <span class='ocr_line' id='line_1_8' title="bbox 224 1128 2328 1211; baseline 0.001 -19"><span class='ocrx_word' id='word_1_59' title='bbox 224 1134 436 1193; x_wconf 88' lang='lat' dir='ltr'>homine</span> <span class='ocrx_word' id='word_1_60' title='bbox 475 1132 810 1193; x_wconf 87' lang='lat' dir='ltr'>secundum</span> <span class='ocrx_word' id='word_1_61' title='bbox 861 1132 1031 1207; x_wconf 83' lang='lat' dir='ltr'>leges</span> <span class='ocrx_word' id='word_1_62' title='bbox 1061 1133 1283 1192; x_wconf 79' lang='lat' dir='ltr'><strong>ordinis</strong></span> <span class='ocrx_word' id='word_1_63' title='bbox 1322 1134 1487 1192; x_wconf 90' lang='lat' dir='ltr'>fiunt.</span> <span class='ocrx_word' id='word_1_64' title='bbox 1542 1128 1721 1211; x_wconf 86' lang='lat' dir='ltr'><strong>Apud</strong></span> <span class='ocrx_word' id='word_1_65' title='bbox 1755 1134 2046 1192; x_wconf 82' lang='lat' dir='ltr'>Davidem</span> <span class='ocrx_word' id='word_1_66' title='bbox 2100 1132 2328 1207; x_wconf 80' lang='lat' dir='ltr'>„Lau-</span> 
     </span>
     <span class='ocr_line' id='line_1_9' title="bbox 222 1230 2329 1316; baseline -0 -23"><span class='ocrx_word' id='word_1_67' title='bbox 222 1233 350 1293; x_wconf 79' lang='lat' dir='ltr'>date</span> <span class='ocrx_word' id='word_1_68' title='bbox 388 1232 702 1294; x_wconf 75' lang='lat' dir='ltr'>Jehovam</span> <span class='ocrx_word' id='word_1_69' title='bbox 755 1251 966 1292; x_wconf 84' lang='lat' dir='ltr'>omnes</span> <span class='ocrx_word' id='word_1_70' title='bbox 1002 1230 1240 1311; x_wconf 75' lang='lat' dir='ltr'>Anyelz&#39;</span> <span class='ocrx_word' id='word_1_71' title='bbox 1279 1232 1477 1316; x_wconf 81' lang='lat' dir='ltr'>Ejus,</span> <span class='ocrx_word' id='word_1_72' title='bbox 1534 1232 1798 1294; x_wconf 82' lang='lat' dir='ltr'>laudate</span> <span class='ocrx_word' id='word_1_73' title='bbox 1831 1232 2059 1312; x_wconf 76' lang='lat' dir='ltr'>Ipsum</span> <span class='ocrx_word' id='word_1_74' title='bbox 2113 1253 2329 1293; x_wconf 72' lang='lat' dir='ltr'>omnes</span> 
     </span>
     <span class='ocr_line' id='line_1_10' title="bbox 220 1330 2531 1415; baseline 0.003 -23"><span class='ocrx_word' id='word_1_75' title='bbox 220 1331 557 1396; x_wconf 72' lang='lat' dir='ltr'><strong><em>Exercitus</em></strong></span> <span class='ocrx_word' id='word_1_76' title='bbox 577 1333 771 1415; x_wconf 83' lang='lat' dir='ltr'>Ejus,</span> <span class='ocrx_word' id='word_1_77' title='bbox 809 1330 1071 1393; x_wconf 77' lang='lat' dir='ltr'>laudate</span> <span class='ocrx_word' id='word_1_78' title='bbox 1095 1332 1321 1412; x_wconf 78' lang='lat' dir='ltr'>Ipsum</span> <span class='ocrx_word' id='word_1_79' title='bbox 1349 1332 1464 1395; x_wconf 77' lang='lat' dir='ltr'>Sol</span> <span class='ocrx_word' id='word_1_80' title='bbox 1489 1340 1548 1393; x_wconf 80' lang='lat' dir='ltr'>et</span> <span class='ocrx_word' id='word_1_81' title='bbox 1567 1334 1775 1408; x_wconf 78' lang='lat' dir='ltr'>Luna,</span> <span class='ocrx_word' id='word_1_82' title='bbox 1809 1330 2072 1394; x_wconf 79' lang='lat' dir='ltr'>laudate</span> <span class='ocrx_word' id='word_1_83' title='bbox 2092 1332 2319 1412; x_wconf 76' lang='lat' dir='ltr'>Ipsum</span> <span class='ocrx_word' id='word_1_84' title='bbox 2371 1336 2531 1398; x_wconf 77' lang='lat'><strong>[604]</strong></span> 
     </span>
     <span class='ocr_line' id='line_1_11' title="bbox 219 1431 2323 1513; baseline -0 -19"><span class='ocrx_word' id='word_1_85' title='bbox 219 1454 409 1495; x_wconf 79' lang='lat' dir='ltr'>omnes</span> <span class='ocrx_word' id='word_1_86' title='bbox 429 1432 660 1495; x_wconf 78' lang='lat' dir='ltr'>stellae</span> <span class='ocrx_word' id='word_1_87' title='bbox 682 1432 862 1506; x_wconf 80' lang='lat' dir='ltr'>lucis,</span> <span class='ocrx_word' id='word_1_88' title='bbox 885 1431 1147 1493; x_wconf 82' lang='lat' dir='ltr'>laudate</span> <span class='ocrx_word' id='word_1_89' title='bbox 1165 1433 1392 1513; x_wconf 77' lang='lat' dir='ltr'>Ipsum</span> <span class='ocrx_word' id='word_1_90' title='bbox 1413 1432 1584 1495; x_wconf 81' lang='lat' dir='ltr'>Coeli</span> <span class='ocrx_word' id='word_1_91' title='bbox 1599 1432 1910 1496; x_wconf 83' lang='lat' dir='ltr'>coelorum</span> <span class='ocrx_word' id='word_1_92' title='bbox 1920 1436 1955 1466; x_wconf 84' lang='lat'><em>“</em></span> <span class='ocrx_word' id='word_1_93' title='bbox 1982 1434 2323 1494; x_wconf 83' lang='lat' dir='ltr'>CXLVIII:</span> 
     </span>
     <span class='ocr_line' id='line_1_12' title="bbox 225 1535 2324 1612; baseline 0 -20"><span class='ocrx_word' id='word_1_94' title='bbox 225 1539 275 1592; x_wconf 78' lang='lat'>2.</span> <span class='ocrx_word' id='word_1_95' title='bbox 331 1540 384 1596; x_wconf 90' lang='lat'>3.</span> <span class='ocrx_word' id='word_1_96' title='bbox 439 1541 520 1612; x_wconf 83' lang='lat'>43</span> <span class='ocrx_word' id='word_1_97' title='bbox 599 1554 711 1612; x_wconf 87' lang='lat' dir='ltr'>per</span> <span class='ocrx_word' id='word_1_98' title='bbox 757 1535 1004 1593; x_wconf 86' lang='lat' dir='ltr'>laudare</span> <span class='ocrx_word' id='word_1_99' title='bbox 1058 1535 1355 1594; x_wconf 80' lang='lat' dir='ltr'>Jehovam</span> <span class='ocrx_word' id='word_1_100' title='bbox 1412 1535 1783 1611; x_wconf 83' lang='lat' dir='ltr'>significatur</span> <span class='ocrx_word' id='word_1_101' title='bbox 1838 1535 2034 1594; x_wconf 86' lang='lat' dir='ltr'>colere</span> <span class='ocrx_word' id='word_1_102' title='bbox 2087 1536 2324 1611; x_wconf 83' lang='lat' dir='ltr'>Ipsum3</span> 
     </span>
     <span class='ocr_line' id='line_1_13' title="bbox 218 1634 2324 1713; baseline -0 -18"><span class='ocrx_word' id='word_1_103' title='bbox 218 1653 314 1711; x_wconf 87' lang='lat' dir='ltr'>per</span> <span class='ocrx_word' id='word_1_104' title='bbox 356 1636 630 1713; x_wconf 82' lang='lat' dir='ltr'>Angelos</span> <span class='ocrx_word' id='word_1_105' title='bbox 668 1636 1076 1712; x_wconf 87' lang='lat' dir='ltr'>significantur</span> <span class='ocrx_word' id='word_1_106' title='bbox 1125 1638 1226 1712; x_wconf 89' lang='lat' dir='ltr'>qui</span> <span class='ocrx_word' id='word_1_107' title='bbox 1263 1640 1322 1695; x_wconf 92' lang='lat' dir='ltr'>in</span> <span class='ocrx_word' id='word_1_108' title='bbox 1361 1636 1597 1694; x_wconf 87' lang='lat' dir='ltr'>Divinis</span> <span class='ocrx_word' id='word_1_109' title='bbox 1641 1634 1814 1696; x_wconf 86' lang='lat' dir='ltr'>Veris</span> <span class='ocrx_word' id='word_1_110' title='bbox 1853 1653 1924 1693; x_wconf 86' lang='lat' dir='ltr'>ex</span> <span class='ocrx_word' id='word_1_111' title='bbox 1960 1635 2116 1695; x_wconf 91' lang='lat' dir='ltr'>bono</span> <span class='ocrx_word' id='word_1_112' title='bbox 2156 1653 2324 1694; x_wconf 88' lang='lat' dir='ltr'>amo-</span> 
     </span>
     <span class='ocr_line' id='line_1_14' title="bbox 219 1736 2321 1812; baseline 0 -19"><span class='ocrx_word' id='word_1_113' title='bbox 219 1739 289 1808; x_wconf 79' lang='lat' dir='ltr'>ris</span> <span class='ocrx_word' id='word_1_114' title='bbox 326 1745 492 1812; x_wconf 85' lang='lat' dir='ltr'>sunt,</span> <span class='ocrx_word' id='word_1_115' title='bbox 553 1740 694 1812; x_wconf 87' lang='lat' dir='ltr'>quia</span> <span class='ocrx_word' id='word_1_116' title='bbox 727 1737 812 1794; x_wconf 91' lang='lat' dir='ltr'>illi</span> <span class='ocrx_word' id='word_1_117' title='bbox 849 1742 985 1794; x_wconf 87' lang='lat' dir='ltr'>sunt</span> <span class='ocrx_word' id='word_1_118' title='bbox 1021 1737 1266 1812; x_wconf 87' lang='lat' dir='ltr'>Angeli;</span> <span class='ocrx_word' id='word_1_119' title='bbox 1320 1755 1430 1812; x_wconf 82' lang='lat' dir='ltr'>per</span> <span class='ocrx_word' id='word_1_120' title='bbox 1481 1754 1687 1796; x_wconf 87' lang='lat' dir='ltr'>omnes</span> <span class='ocrx_word' id='word_1_121' title='bbox 1739 1739 2041 1795; x_wconf 77' lang='lat' dir='ltr'>exercitus</span> <span class='ocrx_word' id='word_1_122' title='bbox 2093 1736 2321 1811; x_wconf 85' lang='lat' dir='ltr'>signifi-</span> 
     </span>
     <span class='ocr_line' id='line_1_15' title="bbox 220 1836 2317 1916; baseline -0.001 -20"><span class='ocrx_word' id='word_1_123' title='bbox 220 1847 412 1896; x_wconf 82' lang='lat' dir='ltr'>cantur</span> <span class='ocrx_word' id='word_1_124' title='bbox 445 1838 611 1897; x_wconf 88' lang='lat' dir='ltr'>bona</span> <span class='ocrx_word' id='word_1_125' title='bbox 647 1847 706 1896; x_wconf 87' lang='lat' dir='ltr'>et</span> <span class='ocrx_word' id='word_1_126' title='bbox 743 1854 890 1896; x_wconf 89' lang='lat' dir='ltr'>vera</span> <span class='ocrx_word' id='word_1_127' title='bbox 915 1838 975 1893; x_wconf 90' lang='lat' dir='ltr'>in</span> <span class='ocrx_word' id='word_1_128' title='bbox 1009 1840 1169 1895; x_wconf 89' lang='lat' dir='ltr'>omni</span> <span class='ocrx_word' id='word_1_129' title='bbox 1196 1837 1542 1914; x_wconf 84' lang='lat' dir='ltr'>complexu3</span> <span class='ocrx_word' id='word_1_130' title='bbox 1601 1855 1712 1916; x_wconf 89' lang='lat' dir='ltr'>per</span> <span class='ocrx_word' id='word_1_131' title='bbox 1750 1836 1953 1897; x_wconf 84' lang='lat' dir='ltr'>Solem</span> <span class='ocrx_word' id='word_1_132' title='bbox 1992 1844 2051 1895; x_wconf 86' lang='lat' dir='ltr'>et</span> <span class='ocrx_word' id='word_1_133' title='bbox 2084 1836 2317 1896; x_wconf 88' lang='lat' dir='ltr'>Lunam</span> 
     </span>
     <span class='ocr_line' id='line_1_16' title="bbox 219 1938 2327 2014; baseline 0 -19"><span class='ocrx_word' id='word_1_134' title='bbox 219 1939 571 2014; x_wconf 83' lang='lat' dir='ltr'>significatur</span> <span class='ocrx_word' id='word_1_135' title='bbox 622 1938 843 1998; x_wconf 91' lang='lat' dir='ltr'>bonum</span> <span class='ocrx_word' id='word_1_136' title='bbox 893 1939 1111 1996; x_wconf 88' lang='lat' dir='ltr'>amoris</span> <span class='ocrx_word' id='word_1_137' title='bbox 1153 1945 1214 1996; x_wconf 87' lang='lat' dir='ltr'>et</span> <span class='ocrx_word' id='word_1_138' title='bbox 1264 1956 1472 1997; x_wconf 85' lang='lat' dir='ltr'>verum</span> <span class='ocrx_word' id='word_1_139' title='bbox 1511 1956 1582 1997; x_wconf 84' lang='lat' dir='ltr'>ex</span> <span class='ocrx_word' id='word_1_140' title='bbox 1623 1938 1727 1997; x_wconf 90' lang='lat' dir='ltr'>illo</span> <span class='ocrx_word' id='word_1_141' title='bbox 1771 1938 1958 2013; x_wconf 87' lang='lat' dir='ltr'>bon03</span> <span class='ocrx_word' id='word_1_142' title='bbox 2015 1956 2125 2014; x_wconf 83' lang='lat' dir='ltr'>per</span> <span class='ocrx_word' id='word_1_143' title='bbox 2176 1938 2327 1997; x_wconf 87' lang='lat' dir='ltr'>stel-</span> 
     </span>
     <span class='ocr_line' id='line_1_17' title="bbox 220 2037 2330 2115; baseline -0.001 -19"><span class='ocrx_word' id='word_1_144' title='bbox 220 2038 299 2096; x_wconf 85' lang='lat' dir='ltr'>las</span> <span class='ocrx_word' id='word_1_145' title='bbox 349 2040 498 2098; x_wconf 86' lang='lat' dir='ltr'>lucis</span> <span class='ocrx_word' id='word_1_146' title='bbox 550 2039 960 2115; x_wconf 84' lang='lat' dir='ltr'>significantur</span> <span class='ocrx_word' id='word_1_147' title='bbox 997 2040 1364 2114; x_wconf 86' lang='lat' dir='ltr'>cognitiones</span> <span class='ocrx_word' id='word_1_148' title='bbox 1411 2041 1544 2100; x_wconf 75' lang='lat' dir='ltr'>veri</span> <span class='ocrx_word' id='word_1_149' title='bbox 1589 2055 1662 2095; x_wconf 83' lang='lat' dir='ltr'>ex</span> <span class='ocrx_word' id='word_1_150' title='bbox 1712 2037 1900 2112; x_wconf 76' lang='lat' dir='ltr'>bono:</span> <span class='ocrx_word' id='word_1_151' title='bbox 1967 2055 2078 2112; x_wconf 84' lang='lat' dir='ltr'>per</span> <span class='ocrx_word' id='word_1_152' title='bbox 2127 2039 2330 2096; x_wconf 81' lang='lat' dir='ltr'>coelos</span> 
     </span>
     <span class='ocr_line' id='line_1_18' title="bbox 219 2138 2329 2218; baseline -0.003 -20"><span class='ocrx_word' id='word_1_153' title='bbox 219 2140 508 2218; x_wconf 87' lang='lat' dir='ltr'>coelorum</span> <span class='ocrx_word' id='word_1_154' title='bbox 546 2139 954 2216; x_wconf 85' lang='lat' dir='ltr'>significantur</span> <span class='ocrx_word' id='word_1_155' title='bbox 987 2138 1144 2197; x_wconf 89' lang='lat' dir='ltr'>bona</span> <span class='ocrx_word' id='word_1_156' title='bbox 1186 2147 1248 2198; x_wconf 86' lang='lat' dir='ltr'>et</span> <span class='ocrx_word' id='word_1_157' title='bbox 1281 2155 1428 2196; x_wconf 84' lang='lat' dir='ltr'>vera</span> <span class='ocrx_word' id='word_1_158' title='bbox 1463 2144 1586 2195; x_wconf 85' lang='lat' dir='ltr'>tam</span> <span class='ocrx_word' id='word_1_159' title='bbox 1631 2139 1864 2195; x_wconf 88' lang='lat' dir='ltr'>interna</span> <span class='ocrx_word' id='word_1_160' title='bbox 1900 2155 2079 2212; x_wconf 88' lang='lat' dir='ltr'>quam</span> <span class='ocrx_word' id='word_1_161' title='bbox 2117 2144 2329 2196; x_wconf 82' lang='lat' dir='ltr'>exter-</span> 
     </span>
     <span class='ocr_line' id='line_1_19' title="bbox 219 2223 2331 2317; baseline -0.002 -20"><span class='ocrx_word' id='word_1_162' title='bbox 219 2257 315 2317; x_wconf 82' lang='lat' dir='ltr'>na3</span> <span class='ocrx_word' id='word_1_163' title='bbox 371 2223 510 2317; x_wconf 87' lang='lat' dir='ltr'>quia</span> <span class='ocrx_word' id='word_1_164' title='bbox 550 2241 739 2299; x_wconf 89' lang='lat' dir='ltr'>homo</span> <span class='ocrx_word' id='word_1_165' title='bbox 785 2240 926 2298; x_wconf 88' lang='lat' dir='ltr'>colit</span> <span class='ocrx_word' id='word_1_166' title='bbox 966 2239 1284 2298; x_wconf 89' lang='lat' dir='ltr'>Dominum</span> <span class='ocrx_word' id='word_1_167' title='bbox 1339 2256 1414 2297; x_wconf 85' lang='lat' dir='ltr'>ex</span> <span class='ocrx_word' id='word_1_168' title='bbox 1450 2238 1568 2296; x_wconf 91' lang='lat' dir='ltr'>illis</span> <span class='ocrx_word' id='word_1_169' title='bbox 1604 2254 1756 2313; x_wconf 85' lang='lat' dir='ltr'>quae</span> <span class='ocrx_word' id='word_1_170' title='bbox 1793 2227 1954 2313; x_wconf 80' lang='lat' dir='ltr'>apud</span> <span class='ocrx_word' id='word_1_171' title='bbox 1989 2253 2055 2295; x_wconf 88' lang='lat' dir='ltr'>se</span> <span class='ocrx_word' id='word_1_172' title='bbox 2093 2255 2167 2295; x_wconf 83' lang='lat' dir='ltr'>ex</span> <span class='ocrx_word' id='word_1_173' title='bbox 2200 2236 2331 2295; x_wconf 93' lang='lat' dir='ltr'>Do-</span> 
     </span>
     <span class='ocr_line' id='line_1_20' title="bbox 222 2336 2332 2417; baseline -0.002 -19"><span class='ocrx_word' id='word_1_174' title='bbox 222 2342 370 2400; x_wconf 88' lang='lat' dir='ltr'>mino</span> <span class='ocrx_word' id='word_1_175' title='bbox 422 2348 590 2417; x_wconf 89' lang='lat' dir='ltr'>sunt,</span> <span class='ocrx_word' id='word_1_176' title='bbox 670 2344 754 2400; x_wconf 89' lang='lat' dir='ltr'>ita</span> <span class='ocrx_word' id='word_1_177' title='bbox 810 2358 884 2398; x_wconf 82' lang='lat' dir='ltr'>ex</span> <span class='ocrx_word' id='word_1_178' title='bbox 939 2339 1110 2399; x_wconf 87' lang='lat' dir='ltr'>bonis</span> <span class='ocrx_word' id='word_1_179' title='bbox 1169 2346 1229 2400; x_wconf 85' lang='lat' dir='ltr'>et</span> <span class='ocrx_word' id='word_1_180' title='bbox 1268 2341 1428 2399; x_wconf 82' lang='lat' dir='ltr'>veris</span> <span class='ocrx_word' id='word_1_181' title='bbox 1483 2355 1638 2415; x_wconf 87' lang='lat' dir='ltr'>quae</span> <span class='ocrx_word' id='word_1_182' title='bbox 1692 2336 1853 2416; x_wconf 87' lang='lat' dir='ltr'>apud</span> <span class='ocrx_word' id='word_1_183' title='bbox 1906 2336 2100 2411; x_wconf 86' lang='lat' dir='ltr'>illum,</span> <span class='ocrx_word' id='word_1_184' title='bbox 2154 2337 2332 2396; x_wconf 84' lang='lat' dir='ltr'>homo</span> 
     </span>
     <span class='ocr_line' id='line_1_21' title="bbox 231 2437 2322 2516; baseline -0.001 -19"><span class='ocrx_word' id='word_1_185' title='bbox 231 2443 396 2499; x_wconf 81' lang='lat' dir='ltr'>etiam</span> <span class='ocrx_word' id='word_1_186' title='bbox 435 2449 526 2501; x_wconf 89' lang='lat' dir='ltr'>est</span> <span class='ocrx_word' id='word_1_187' title='bbox 559 2443 735 2502; x_wconf 79' lang='lat' dir='ltr'>homo</span> <span class='ocrx_word' id='word_1_188' title='bbox 773 2458 847 2498; x_wconf 83' lang='lat' dir='ltr'>ex</span> <span class='ocrx_word' id='word_1_189' title='bbox 884 2441 1001 2500; x_wconf 86' lang='lat' dir='ltr'>illis</span> <span class='ocrx_word' id='word_1_190' title='bbox 1024 2487 1040 2516; x_wconf 85' lang='lat'><strong><em>,</em></strong></span> <span class='ocrx_word' id='word_1_191' title='bbox 1095 2441 1234 2500; x_wconf 89' lang='lat' dir='ltr'>ideo</span> <span class='ocrx_word' id='word_1_192' title='bbox 1269 2441 1484 2499; x_wconf 87' lang='lat' dir='ltr'>dicitur</span> <span class='ocrx_word' id='word_1_193' title='bbox 1520 2439 1596 2497; x_wconf 86' lang='lat' dir='ltr'>ad</span> <span class='ocrx_word' id='word_1_194' title='bbox 1643 2439 1778 2510; x_wconf 91' lang='lat' dir='ltr'>illa,</span> <span class='ocrx_word' id='word_1_195' title='bbox 1830 2456 2047 2514; x_wconf 89' lang='lat' dir='ltr'>nempe</span> <span class='ocrx_word' id='word_1_196' title='bbox 2094 2438 2169 2495; x_wconf 83' lang='lat' dir='ltr'>ad</span> <span class='ocrx_word' id='word_1_197' title='bbox 2206 2437 2322 2497; x_wconf 85' lang='lat' dir='ltr'>So-</span> 
     </span>
     <span class='ocr_line' id='line_1_22' title="bbox 223 2539 2322 2618; baseline -0 -22"><span class='ocrx_word' id='word_1_198' title='bbox 223 2539 366 2614; x_wconf 88' lang='lat' dir='ltr'>lem,</span> <span class='ocrx_word' id='word_1_199' title='bbox 391 2541 635 2602; x_wconf 38' lang='lat' dir='ltr'>‘Lunam</span> <span class='ocrx_word' id='word_1_200' title='bbox 673 2549 733 2602; x_wconf 81' lang='lat' dir='ltr'>et·</span> <span class='ocrx_word' id='word_1_201' title='bbox 767 2541 1008 2610; x_wconf 78' lang='lat' dir='ltr'>stellaS,</span> <span class='ocrx_word' id='word_1_202' title='bbox 1057 2559 1168 2618; x_wconf 89' lang='lat' dir='ltr'>per</span> <span class='ocrx_word' id='word_1_203' title='bbox 1217 2558 1372 2618; x_wconf 89' lang='lat' dir='ltr'>quae</span> <span class='ocrx_word' id='word_1_204' title='bbox 1409 2540 1818 2617; x_wconf 87' lang='lat' dir='ltr'>significantur</span> <span class='ocrx_word' id='word_1_205' title='bbox 1860 2539 2019 2598; x_wconf 87' lang='lat' dir='ltr'>bona</span> <span class='ocrx_word' id='word_1_206' title='bbox 2057 2545 2119 2596; x_wconf 87' lang='lat' dir='ltr'>et</span> <span class='ocrx_word' id='word_1_207' title='bbox 2156 2555 2322 2609; x_wconf 82' lang='lat' dir='ltr'>vera,</span> 
     </span>
     <span class='ocr_line' id='line_1_23' title="bbox 222 2639 2321 2716; baseline -0.001 -19"><span class='ocrx_word' id='word_1_208' title='bbox 222 2646 284 2698; x_wconf 87' lang='lat' dir='ltr'>ut</span> <span class='ocrx_word' id='word_1_209' title='bbox 314 2641 575 2716; x_wconf 86' lang='lat' dir='ltr'>laudent,</span> <span class='ocrx_word' id='word_1_210' title='bbox 631 2643 744 2701; x_wconf 91' lang='lat' dir='ltr'>hoc</span> <span class='ocrx_word' id='word_1_211' title='bbox 791 2649 913 2715; x_wconf 76' lang='lat' dir='ltr'>est,</span> <span class='ocrx_word' id='word_1_212' title='bbox 970 2641 1169 2701; x_wconf 87' lang='lat' dir='ltr'>colant</span> <span class='ocrx_word' id='word_1_213' title='bbox 1216 2642 1543 2715; x_wconf 82' lang='lat' dir='ltr'>Jehovam;</span> <span class='ocrx_word' id='word_1_214' title='bbox 1602 2643 1733 2715; x_wconf 90' lang='lat' dir='ltr'>quis</span> <span class='ocrx_word' id='word_1_215' title='bbox 1787 2657 1905 2697; x_wconf 91' lang='lat' dir='ltr'>non</span> <span class='ocrx_word' id='word_1_216' title='bbox 1953 2641 2100 2713; x_wconf 83' lang='lat' dir='ltr'>scit,</span> <span class='ocrx_word' id='word_1_217' title='bbox 2159 2639 2321 2713; x_wconf 87' lang='lat' dir='ltr'>quod</span> 
     </span>
     <span class='ocr_line' id='line_1_24' title="bbox 218 2738 2329 2816; baseline -0.001 -18"><span class='ocrx_word' id='word_1_218' title='bbox 218 2758 327 2799; x_wconf 85' lang='lat' dir='ltr'>non</span> <span class='ocrx_word' id='word_1_219' title='bbox 373 2741 510 2813; x_wconf 88' lang='lat' dir='ltr'>Sol,</span> <span class='ocrx_word' id='word_1_220' title='bbox 561 2743 705 2801; x_wconf 91' lang='lat' dir='ltr'>luna</span> <span class='ocrx_word' id='word_1_221' title='bbox 773 2749 834 2800; x_wconf 85' lang='lat' dir='ltr'>et</span> <span class='ocrx_word' id='word_1_222' title='bbox 881 2741 1094 2800; x_wconf 87' lang='lat' dir='ltr'>stellae</span> <span class='ocrx_word' id='word_1_223' title='bbox 1143 2742 1391 2801; x_wconf 87' lang='lat' dir='ltr'>laudent</span> <span class='ocrx_word' id='word_1_224' title='bbox 1406 2786 1422 2816; x_wconf 87' lang='lat'><em>,</em></span> <span class='ocrx_word' id='word_1_225' title='bbox 1498 2741 1782 2811; x_wconf 70' lang='lat' dir='ltr'>hoc&#39;est,</span> <span class='ocrx_word' id='word_1_226' title='bbox 1840 2739 2087 2799; x_wconf 44' lang='lat' dir='ltr'>colant„</span> <span class='ocrx_word' id='word_1_227' title='bbox 2146 2738 2329 2815; x_wconf 89' lang='lat' dir='ltr'>Apud</span> 
     </span>
     <span class='ocr_line' id='line_1_25' title="bbox 216 2838 2323 2922; baseline 0.001 -23"><span class='ocrx_word' id='word_1_228' title='bbox 216 2840 411 2901; x_wconf 85' lang='lat' dir='ltr'>Mosen</span> <span class='ocrx_word' id='word_1_229' title='bbox 455 2842 615 2918; x_wconf 79' lang='lat' dir='ltr'>„De</span> <span class='ocrx_word' id='word_1_230' title='bbox 647 2841 921 2921; x_wconf 70' lang='lat' dir='ltr'>Joeepho</span> <span class='ocrx_word' id='word_1_231' title='bbox 956 2840 1170 2914; x_wconf 72' lang='lat' dir='ltr'>dixit,</span> <span class='ocrx_word' id='word_1_232' title='bbox 1222 2840 1543 2901; x_wconf 78' lang='lat' dir='ltr'>benedicta</span> <span class='ocrx_word' id='word_1_233' title='bbox 1570 2859 1613 2900; x_wconf 80' lang='lat' dir='ltr'>a</span> <span class='ocrx_word' id='word_1_234' title='bbox 1648 2838 1930 2900; x_wconf 76' lang='lat' dir='ltr'>Jehovah</span> <span class='ocrx_word' id='word_1_235' title='bbox 1967 2839 2323 2922; x_wconf 38' lang='lat' dir='ltr'>tmaaejus,</span> 
     </span>
     <span class='ocr_line' id='line_1_26' title="bbox 217 2939 2326 3023; baseline 0 -23"><span class='ocrx_word' id='word_1_236' title='bbox 217 2939 288 3000; x_wconf 82' lang='lat' dir='ltr'>de</span> <span class='ocrx_word' id='word_1_237' title='bbox 310 2944 621 3020; x_wconf 78' lang='lat' dir='ltr'>pretiosis</span> <span class='ocrx_word' id='word_1_238' title='bbox 657 2941 865 3017; x_wconf 76' lang='lat' dir='ltr'>Coeli,</span> <span class='ocrx_word' id='word_1_239' title='bbox 922 2941 1001 3002; x_wconf 84' lang='lat' dir='ltr'>de</span> <span class='ocrx_word' id='word_1_240' title='bbox 1031 2962 1206 3017; x_wconf 79' lang='lat' dir='ltr'>rore,</span> <span class='ocrx_word' id='word_1_241' title='bbox 1245 2942 1323 3001; x_wconf 83' lang='lat' dir='ltr'>de</span> <span class='ocrx_word' id='word_1_242' title='bbox 1362 2941 1593 3022; x_wconf 71' lang='lat' dir='ltr'>abysso</span> <span class='ocrx_word' id='word_1_243' title='bbox 1628 2941 1823 3002; x_wconf 78' lang='lat' dir='ltr'>etiam</span> <span class='ocrx_word' id='word_1_244' title='bbox 1843 2940 2095 3023; x_wconf 72' lang='lat' dir='ltr'>jacente</span> <span class='ocrx_word' id='word_1_245' title='bbox 2126 2940 2326 3022; x_wconf 75' lang='lat' dir='ltr'>infra,</span> 
     </span>
     <span class='ocr_line' id='line_1_27' title="bbox 215 3040 2330 3122; baseline -0 -20"><span class='ocrx_word' id='word_1_246' title='bbox 215 3048 269 3102; x_wconf 78' lang='lat' dir='ltr'>et</span> <span class='ocrx_word' id='word_1_247' title='bbox 295 3042 370 3101; x_wconf 82' lang='lat' dir='ltr'>de</span> <span class='ocrx_word' id='word_1_248' title='bbox 399 3044 708 3122; x_wconf 81' lang='lat' dir='ltr'>pretiosis</span> <span class='ocrx_word' id='word_1_249' title='bbox 746 3050 1167 3122; x_wconf 75' lang='lat' dir='ltr'>proventuum</span> <span class='ocrx_word' id='word_1_250' title='bbox 1209 3040 1417 3116; x_wconf 78' lang='lat' dir='ltr'>Solis,</span> <span class='ocrx_word' id='word_1_251' title='bbox 1479 3051 1538 3104; x_wconf 81' lang='lat' dir='ltr'>et</span> <span class='ocrx_word' id='word_1_252' title='bbox 1591 3041 1669 3102; x_wconf 84' lang='lat' dir='ltr'>de</span> <span class='ocrx_word' id='word_1_253' title='bbox 1691 3042 2001 3122; x_wconf 77' lang='lat' dir='ltr'>pretiosis</span> <span class='ocrx_word' id='word_1_254' title='bbox 2025 3042 2330 3121; x_wconf 78' lang='lat' dir='ltr'>producti</span> 
     </span>
     <span class='ocr_line' id='line_1_28' title="bbox 212 3142 2326 3219; baseline -0.001 -18"><span class='ocrx_word' id='word_1_255' title='bbox 212 3144 563 3204; x_wconf 81' lang='lat' dir='ltr'>mensium“</span> <span class='ocrx_word' id='word_1_256' title='bbox 619 3146 842 3203; x_wconf 83' lang='lat' dir='ltr'>Deutr:</span> <span class='ocrx_word' id='word_1_257' title='bbox 894 3143 1215 3202; x_wconf 83' lang='lat' dir='ltr'>XXXIII:</span> <span class='ocrx_word' id='word_1_258' title='bbox 1275 3145 1383 3201; x_wconf 90' lang='lat'>13.</span> <span class='ocrx_word' id='word_1_259' title='bbox 1432 3146 1553 3219; x_wconf 86' lang='lat'>143</span> <span class='ocrx_word' id='word_1_260' title='bbox 1609 3143 1759 3202; x_wconf 88' lang='lat' dir='ltr'>haec</span> <span class='ocrx_word' id='word_1_261' title='bbox 1804 3146 1864 3202; x_wconf 92' lang='lat' dir='ltr'>in</span> <span class='ocrx_word' id='word_1_262' title='bbox 1899 3142 2326 3202; x_wconf 82' lang='lat' dir='ltr'>Benedictione</span> 
     </span>
     <span class='ocr_line' id='line_1_29' title="bbox 212 3241 2329 3320; baseline -0.001 -19"><span class='ocrx_word' id='word_1_263' title='bbox 212 3241 457 3302; x_wconf 87' lang='lat' dir='ltr'>filiorum</span> <span class='ocrx_word' id='word_1_264' title='bbox 501 3244 748 3303; x_wconf 75' lang='lat' dir='ltr'>Israe&#39;lis</span> <span class='ocrx_word' id='word_1_265' title='bbox 785 3262 822 3302; x_wconf 89' lang='lat' dir='ltr'>a</span> <span class='ocrx_word' id='word_1_266' title='bbox 855 3244 1057 3318; x_wconf 85' lang='lat' dir='ltr'>Mose,</span> <span class='ocrx_word' id='word_1_267' title='bbox 1115 3250 1182 3302; x_wconf 88' lang='lat' dir='ltr'>et</span> <span class='ocrx_word' id='word_1_268' title='bbox 1218 3245 1356 3318; x_wconf 92' lang='lat' dir='ltr'>quia</span> <span class='ocrx_word' id='word_1_269' title='bbox 1392 3260 1506 3320; x_wconf 89' lang='lat' dir='ltr'>per</span> <span class='ocrx_word' id='word_1_270' title='bbox 1541 3243 1878 3319; x_wconf 83' lang='lat' dir='ltr'>Josephum</span> <span class='ocrx_word' id='word_1_271' title='bbox 1915 3243 2329 3318; x_wconf 85' lang='lat' dir='ltr'>intelliguntur</span> 
     </span>
     <span class='ocr_line' id='line_1_30' title="bbox 216 3342 2328 3444; baseline 0 -45"><span class='ocrx_word' id='word_1_272' title='bbox 216 3344 551 3418; x_wconf 79' lang='lat' dir='ltr'>spirituales</span> <span class='ocrx_word' id='word_1_273' title='bbox 590 3345 917 3444; x_wconf 51' lang='lat' dir='ltr'>coel-estes,</span> <span class='ocrx_word' id='word_1_274' title='bbox 969 3346 1071 3419; x_wconf 87' lang='lat' dir='ltr'>qui</span> <span class='ocrx_word' id='word_1_275' title='bbox 1105 3350 1247 3401; x_wconf 87' lang='lat' dir='ltr'>sunt</span> <span class='ocrx_word' id='word_1_276' title='bbox 1280 3345 1384 3419; x_wconf 91' lang='lat' dir='ltr'>qui</span> <span class='ocrx_word' id='word_1_277' title='bbox 1408 3345 1468 3400; x_wconf 90' lang='lat' dir='ltr'>in</span> <span class='ocrx_word' id='word_1_278' title='bbox 1494 3343 1703 3421; x_wconf 85' lang='lat' dir='ltr'>Regno</span> <span class='ocrx_word' id='word_1_279' title='bbox 1731 3342 2027 3419; x_wconf 82' lang='lat' dir='ltr'>spirituali</span> <span class='ocrx_word' id='word_1_280' title='bbox 2062 3346 2328 3420; x_wconf 84' lang='lat' dir='ltr'>supremi</span> 
     </span>
     <span class='ocr_line' id='line_1_31' title="bbox 216 3441 2325 3520; baseline 0 -22"><span class='ocrx_word' id='word_1_281' title='bbox 216 3450 373 3516; x_wconf 81' lang='lat' dir='ltr'>sunt,</span> <span class='ocrx_word' id='word_1_282' title='bbox 429 3450 490 3502; x_wconf 84' lang='lat' dir='ltr'>et</span> <span class='ocrx_word' id='word_1_283' title='bbox 523 3445 662 3503; x_wconf 88' lang='lat' dir='ltr'>inde</span> <span class='ocrx_word' id='word_1_284' title='bbox 702 3445 1137 3502; x_wconf 85' lang='lat' dir='ltr'>communicant</span> <span class='ocrx_word' id='word_1_285' title='bbox 1178 3445 1446 3520; x_wconf 86' lang='lat' dir='ltr'>proxime</span> <span class='ocrx_word' id='word_1_286' title='bbox 1500 3461 1631 3502; x_wconf 91' lang='lat' dir='ltr'>cum</span> <span class='ocrx_word' id='word_1_287' title='bbox 1683 3441 1800 3499; x_wconf 91' lang='lat' dir='ltr'>illis</span> <span class='ocrx_word' id='word_1_288' title='bbox 1856 3444 1958 3517; x_wconf 90' lang='lat' dir='ltr'>qui</span> <span class='ocrx_word' id='word_1_289' title='bbox 2010 3444 2068 3497; x_wconf 90' lang='lat' dir='ltr'>in</span> <span class='ocrx_word' id='word_1_290' title='bbox 2116 3441 2325 3515; x_wconf 87' lang='lat' dir='ltr'>Regno</span> 
     </span>
     <span class='ocr_line' id='line_1_32' title="bbox 217 3537 2324 3620; baseline -0.001 -21"><span class='ocrx_word' id='word_1_291' title='bbox 217 3542 455 3602; x_wconf 84' lang='lat' dir='ltr'>coelesti</span> <span class='ocrx_word' id='word_1_292' title='bbox 505 3544 751 3603; x_wconf 89' lang='lat' dir='ltr'>Domini</span> <span class='ocrx_word' id='word_1_293' title='bbox 796 3551 969 3619; x_wconf 82' lang='lat' dir='ltr'>sunt3</span> <span class='ocrx_word' id='word_1_294' title='bbox 1026 3561 1137 3620; x_wconf 91' lang='lat' dir='ltr'>per</span> <span class='ocrx_word' id='word_1_295' title='bbox 1184 3551 1403 3602; x_wconf 81' lang='lat' dir='ltr'>terram</span> <span class='ocrx_word' id='word_1_296' title='bbox 1455 3544 1586 3619; x_wconf 90' lang='lat' dir='ltr'>ejus</span> <span class='ocrx_word' id='word_1_297' title='bbox 1634 3540 2001 3616; x_wconf 83' lang='lat' dir='ltr'>significatur</span> <span class='ocrx_word' id='word_1_298' title='bbox 2051 3537 2324 3614; x_wconf 83' lang='lat' dir='ltr'>Regnum</span> 
     </span>
     <span class='ocr_line' id='line_1_33' title="bbox 215 3640 2320 3721; baseline -0 -23"><span class='ocrx_word' id='word_1_299' title='bbox 215 3645 514 3717; x_wconf 79' lang='lat' dir='ltr'>spirituale</span> <span class='ocrx_word' id='word_1_300' title='bbox 547 3645 713 3721; x_wconf 82' lang='lat' dir='ltr'>illud,</span> <span class='ocrx_word' id='word_1_301' title='bbox 758 3651 884 3703; x_wconf 89' lang='lat' dir='ltr'>tum</span> <span class='ocrx_word' id='word_1_302' title='bbox 910 3644 1187 3703; x_wconf 79' lang='lat' dir='ltr'>Ecclesia</span> <span class='ocrx_word' id='word_1_303' title='bbox 1222 3661 1376 3720; x_wconf 90' lang='lat' dir='ltr'>quae</span> <span class='ocrx_word' id='word_1_304' title='bbox 1418 3661 1492 3700; x_wconf 87' lang='lat' dir='ltr'>ex</span> <span class='ocrx_word' id='word_1_305' title='bbox 1526 3641 1674 3716; x_wconf 82' lang='lat' dir='ltr'>illis3</span> <span class='ocrx_word' id='word_1_306' title='bbox 1713 3657 1821 3717; x_wconf 88' lang='lat' dir='ltr'>per</span> <span class='ocrx_word' id='word_1_307' title='bbox 1856 3641 2123 3716; x_wconf 85' lang='lat' dir='ltr'>pretiosa</span> <span class='ocrx_word' id='word_1_308' title='bbox 2151 3640 2320 3713; x_wconf 76' lang='lat' dir='ltr'>coeli,</span> 
     </span>
     <span class='ocr_line' id='line_1_34' title="bbox 217 3739 2321 3822; baseline -0.001 -23"><span class='ocrx_word' id='word_1_309' title='bbox 217 3756 399 3801; x_wconf 85' lang='lat' dir='ltr'>rorem</span> <span class='ocrx_word' id='word_1_310' title='bbox 459 3753 519 3803; x_wconf 87' lang='lat' dir='ltr'>et</span> <span class='ocrx_word' id='word_1_311' title='bbox 570 3746 859 3822; x_wconf 84' lang='lat' dir='ltr'>abyssum</span> <span class='ocrx_word' id='word_1_312' title='bbox 911 3747 1090 3804; x_wconf 89' lang='lat' dir='ltr'>etiam</span> <span class='ocrx_word' id='word_1_313' title='bbox 1128 3745 1433 3820; x_wconf 88' lang='lat' dir='ltr'>jacentem</span> <span class='ocrx_word' id='word_1_314' title='bbox 1467 3743 1650 3811; x_wconf 87' lang='lat' dir='ltr'>infra,</span> <span class='ocrx_word' id='word_1_315' title='bbox 1701 3739 2107 3817; x_wconf 73' lang='lat' dir='ltr'>significantur</span> <span class='ocrx_word' id='word_1_316' title='bbox 2143 3741 2321 3814; x_wconf 76' lang='lat' dir='ltr'>spiri-</span> 
     </span>
     <span class='ocr_line' id='line_1_35' title="bbox 218 3840 2327 3915; baseline 0 -18"><span class='ocrx_word' id='word_1_317' title='bbox 218 3843 393 3902; x_wconf 81' lang='lat' dir='ltr'>tualia</span> <span class='ocrx_word' id='word_1_318' title='bbox 441 3846 738 3904; x_wconf 85' lang='lat' dir='ltr'>coelestia</span> <span class='ocrx_word' id='word_1_319' title='bbox 788 3848 846 3903; x_wconf 89' lang='lat' dir='ltr'>in</span> <span class='ocrx_word' id='word_1_320' title='bbox 902 3847 1135 3903; x_wconf 89' lang='lat' dir='ltr'>interno</span> <span class='ocrx_word' id='word_1_321' title='bbox 1180 3851 1239 3904; x_wconf 87' lang='lat' dir='ltr'>et</span> <span class='ocrx_word' id='word_1_322' title='bbox 1293 3850 1537 3902; x_wconf 82' lang='lat' dir='ltr'>externo</span> <span class='ocrx_word' id='word_1_323' title='bbox 1585 3843 1819 3901; x_wconf 88' lang='lat' dir='ltr'>homine</span> <span class='ocrx_word' id='word_1_324' title='bbox 1834 3862 1851 3915; x_wconf 88' lang='lat'>;</span> <span class='ocrx_word' id='word_1_325' title='bbox 1903 3856 2015 3915; x_wconf 86' lang='lat' dir='ltr'>per</span> <span class='ocrx_word' id='word_1_326' title='bbox 2064 3840 2327 3914; x_wconf 87' lang='lat' dir='ltr'>pretiosa</span> 
     </span>
     <span class='ocr_line' id='line_1_36' title="bbox 215 3939 2325 4022; baseline -0 -23"><span class='ocrx_word' id='word_1_327' title='bbox 215 3953 603 4015; x_wconf 82' lang='lat' dir='ltr'>proventuum</span> <span class='ocrx_word' id='word_1_328' title='bbox 639 3945 784 4005; x_wconf 89' lang='lat' dir='ltr'>solis</span> <span class='ocrx_word' id='word_1_329' title='bbox 836 3952 897 4004; x_wconf 90' lang='lat' dir='ltr'>et</span> <span class='ocrx_word' id='word_1_330' title='bbox 941 3948 1210 4021; x_wconf 86' lang='lat' dir='ltr'>pretiosa</span> <span class='ocrx_word' id='word_1_331' title='bbox 1244 3943 1521 4022; x_wconf 83' lang='lat' dir='ltr'>producti</span> <span class='ocrx_word' id='word_1_332' title='bbox 1555 3944 1865 4010; x_wconf 86' lang='lat' dir='ltr'>mensium,</span> <span class='ocrx_word' id='word_1_333' title='bbox 1913 3939 2325 4015; x_wconf 85' lang='lat' dir='ltr'>significantur</span> 
     </span>
     <span class='ocr_line' id='line_1_37' title="bbox 216 4038 2317 4122; baseline 0.001 -26"><span class='ocrx_word' id='word_1_334' title='bbox 216 4046 398 4101; x_wconf 88' lang='lat' dir='ltr'>omnia</span> <span class='ocrx_word' id='word_1_335' title='bbox 432 4064 587 4122; x_wconf 89' lang='lat' dir='ltr'>quae</span> <span class='ocrx_word' id='word_1_336' title='bbox 624 4045 959 4122; x_wconf 85' lang='lat' dir='ltr'>procedunt</span> <span class='ocrx_word' id='word_1_337' title='bbox 996 4063 1070 4105; x_wconf 84' lang='lat' dir='ltr'>ex</span> <span class='ocrx_word' id='word_1_338' title='bbox 1116 4044 1365 4104; x_wconf 87' lang='lat' dir='ltr'>coelesti</span> <span class='ocrx_word' id='word_1_339' title='bbox 1418 4043 1626 4119; x_wconf 87' lang='lat' dir='ltr'>Regno</span> <span class='ocrx_word' id='word_1_340' title='bbox 1680 4050 1739 4103; x_wconf 90' lang='lat' dir='ltr'>et</span> <span class='ocrx_word' id='word_1_341' title='bbox 1789 4059 1942 4118; x_wconf 86' lang='lat' dir='ltr'>quae</span> <span class='ocrx_word' id='word_1_342' title='bbox 1979 4038 2317 4116; x_wconf 86' lang='lat' dir='ltr'>procedunt</span> 
     </span>
     <span class='ocr_line' id='line_1_38' title="bbox 218 4141 2321 4222; baseline 0 -22"><span class='ocrx_word' id='word_1_343' title='bbox 218 4155 288 4196; x_wconf 82' lang='lat' dir='ltr'>ex</span> <span class='ocrx_word' id='word_1_344' title='bbox 319 4144 614 4220; x_wconf 85' lang='lat' dir='ltr'>spirituali</span> <span class='ocrx_word' id='word_1_345' title='bbox 647 4147 856 4222; x_wconf 89' lang='lat' dir='ltr'>Regno</span> <span class='ocrx_word' id='word_1_346' title='bbox 893 4146 1163 4219; x_wconf 82' lang='lat' dir='ltr'>Domini,</span> <span class='ocrx_word' id='word_1_347' title='bbox 1217 4147 1304 4202; x_wconf 88' lang='lat' dir='ltr'>ita</span> <span class='ocrx_word' id='word_1_348' title='bbox 1338 4144 1497 4202; x_wconf 88' lang='lat' dir='ltr'>bona</span> <span class='ocrx_word' id='word_1_349' title='bbox 1532 4152 1592 4203; x_wconf 86' lang='lat' dir='ltr'>et</span> <span class='ocrx_word' id='word_1_350' title='bbox 1644 4161 1787 4205; x_wconf 87' lang='lat' dir='ltr'>vera</span> <span class='ocrx_word' id='word_1_351' title='bbox 1839 4141 2006 4217; x_wconf 89' lang='lat' dir='ltr'>inde,</span> <span class='ocrx_word' id='word_1_352' title='bbox 2065 4160 2174 4220; x_wconf 87' lang='lat' dir='ltr'>per</span> <span class='ocrx_word' id='word_1_353' title='bbox 2214 4158 2321 4201; x_wconf 88' lang='lat' dir='ltr'>so-</span> 
     </span>
     <span class='ocr_line' id='line_1_39' title="bbox 218 4237 2323 4322; baseline 0 -22"><span class='ocrx_word' id='word_1_354' title='bbox 218 4237 324 4299; x_wconf 80' lang='lat' dir='ltr'>lem</span> <span class='ocrx_word' id='word_1_355' title='bbox 361 4249 515 4304; x_wconf 89' lang='lat' dir='ltr'>enim</span> <span class='ocrx_word' id='word_1_356' title='bbox 556 4247 920 4322; x_wconf 84' lang='lat' dir='ltr'>significatur</span> <span class='ocrx_word' id='word_1_357' title='bbox 959 4246 1179 4303; x_wconf 89' lang='lat' dir='ltr'>bonum</span> <span class='ocrx_word' id='word_1_358' title='bbox 1217 4246 1435 4301; x_wconf 82' lang='lat' dir='ltr'>amoris</span> <span class='ocrx_word' id='word_1_359' title='bbox 1485 4246 1540 4301; x_wconf 88' lang='lat' dir='ltr'>in</span> <span class='ocrx_word' id='word_1_360' title='bbox 1593 4245 1911 4303; x_wconf 88' lang='lat' dir='ltr'>Dominum</span> <span class='ocrx_word' id='word_1_361' title='bbox 1963 4260 1997 4299; x_wconf 89' lang='lat' dir='ltr'>a</span> <span class='ocrx_word' id='word_1_362' title='bbox 2048 4244 2323 4315; x_wconf 86' lang='lat' dir='ltr'>Domino,</span> 
     </span>
    </p>
   </div>
  </div>
 </body>
</html>
