2791 4778
478 358 589 409 298
832 343 1324 401 APOCALYPSIS
1370 344 1807 402 EXPLICATA.
1855 344 1899 412 ὖ.
1942 352 2065 405 382.
2105 351 2229 404 383.

636 507 795 565 382.
876 504 954 563 Et
1007 504 1225 564 sedens
1287 521 1474 581 super
1534 503 1671 577 illo,
1739 504 1899 580 quod
1957 505 2237 580 significet
2288 502 2523 575 Verbum,
2629 518 2658 601 q

278 600 438 662 [542]
480 612 717 666 constat
771 621 845 664 ex
900 604 1017 665 illis
1057 622 1210 680 quae
1247 621 1434 680 supra
1485 622 1555 661 n=
1601 606 1774 676 373,
1830 605 1988 662 dicta
2035 610 2093 662 et
2135 610 2353 661 ostensa
2392 611 2523 678 sunt3

475 706 637 783 quod
672 705 903 764 dicatur
929 705 1092 781 quod
1127 722 1341 774 nomen
1376 704 1465 765 illi
1499 722 1696 779 mors,
1753 723 1872 763 non
1909 711 2002 763 est
2038 703 2193 780 quod
2224 703 2454 762 Verbum
2481 706 2523 761 in

474 823 544 866 se
580 809 659 866 sit
691 822 884 878 mom,
940 805 1051 864 sed
1087 821 1286 864 coram
1327 806 1449 864 illis
1490 807 1591 881 qui
1625 806 1686 863 in
1740 805 1910 864 malis
1953 811 2012 862 et
2048 804 2181 863 inde
2216 804 2366 862 falsis
2407 810 2524 875 sunt,

473 907 565 966 illi
600 908 756 965 enim
790 906 938 964 nihil
976 908 1103 965 veri
1140 914 1200 965 et
1233 906 1376 966 boni
1409 906 1553 964 inibi
1591 905 1795 964 vident
1832 911 1892 963 et
1927 907 2283 981 percipiunt,
2320 907 2394 963 ita
2419 903 2528 960 nihil

473 1009 637 1066 vitae
672 1005 1033 1082 spirituaIiS‚
1092 1023 1276 1081 quare
1314 1006 1644 1066 seeundum
1691 1007 2108 1082 apparentiam
2145 1012 2202 1062 et
2245 1006 2531 1080 perceptio-

475 1125 614 1168 nem
650 1124 846 1166 coram
885 1106 1020 1170 illis.
1075 1109 1175 1182 qui
1223 1107 1377 1165 tales
1416 1114 1587 1176 sunt,
1640 1124 1857 1165 nomen
1903 1106 2173 1164 sedentis
2209 1121 2375 1179 super
2403 1104 2527 1177 Equo

474 1207 702 1285 pallido
740 1212 989 1265 vocatur
1024 1223 1211 1281 mors3
1251 1207 1517 1266 Verbum
1558 1208 1710 1266 enim
1749 1207 1940 1265 cuivis
1983 1212 2237 1281 apparet
2263 1202 2529 1262 seeundum

475 1309 607 1385 ejus
646 1307 853 1384 quale,
906 1313 973 1364 ut
998 1309 1136 1364 ·vita
1168 1307 1287 1365 illis
1327 1309 1429 1382 qui
1466 1309 1525 1365 in
1561 1307 1715 1365 bono
1755 1314 1814 1364 ot
1848 1324 1988 1365 vero
2027 1312 2195 1377 sunt,
2236 1311 2292 1362 et
2328 1312 2383 1361 ut
2412 1318 2529 1360 mors

473 1409 593 1468 illis
631 1410 734 1482 qui
765 1409 829 1465 in
865 1406 1036 1464 malis
1076 1414 1131 1464 et
1175 1407 1375 1467 falsis:
1433 1406 1626 1467 simile
1665 1415 1759 1466 est
1792 1424 1927 1465 cum
1964 1407 2111 1483 Ipso
2147 1407 2409 1476 Domino,
2458 1404 2531 1477 qui

476 1514 571 1568 est
608 1507 906 1576 Verbum,
961 1506 1101 1583 Ipse
1141 1510 1318 1565 etiam
1358 1509 1828 1585 apparetcuivis
1860 1507 2195 1567 secundum
2225 1505 2385 1581 quale
2418 1503 2529 1579 ejus,

474 1616 543 1668 ut
577 1610 730 1684 ignis
769 1616 828 1666 et
861 1607 965 1666 lux
1003 1607 1310 1669 vivificans
1350 1616 1412 1667 et
1444 1625 1727 1668 recreans
1762 1607 1882 1666 illis
1923 1609 2025 1683 qui
2072 1610 2136 1665 in
2173 1606 2322 1665 bono
2356 1612 2408 1662 et
2434 1602 2535 1660 inde

475 1711 636 1768 veris
672 1716 841 1781 sunt,
899 1708 1006 1766 sed
1043 1714 1110 1765 ut
1146 1710 1299 1784 ignis
1342 1726 1703 1768 consumens
1755 1725 1825 1766 ac
1874 1717 1941 1765 ut
1990 1709 2186 1784 caligo
2229 1707 2343 1765 illis
2387 1704 2538 1779 quiin

473 1808 631 1868 malo
671 1815 731 1865 et
765 1808 901 1865 inde
948 1808 1117 1867 falsis
1156 1817 1321 1884 sunt,
1380 1810 1654 1869 vIdeatur
1690 1828 1756 1867 n:
1803 1810 1939 1866 934
1983 1808 2023 1866 f.
2069 1811 2249 1868 1861
2295 1807 2332 1864 f.
2376 1805 2539 1864 6832.

481 1910 692 1968 8814.
755 1909 970 1967 8819.
1033 1911 1242 1968 9434.
1303 1911 1583 1970 10551:
1666 1915 2035 1985 quapropter
2099 1911 2279 1967 etiam
2339 1906 2540 1981 apparet

473 2008 768 2068 Dominus
808 2008 926 2068 filis
965 2011 1067 2084 qui
1104 2011 1162 2067 in
1201 2010 1358 2068 malo
1406 2018 1465 2069 et
1501 2010 1637 2069 inde
1672 2011 1841 2068 falsis
1880 2015 2051 2082 sunt,
2092 2011 2250 2068 sicut
2276 2004 2423 2084 ‚quod
2450 2006 2539 2061 ira-

471 2112 707 2178 scatur,
751 2111 991 2185 puniat,
1042 2110 1431 2184 condemnet,
1472 2112 1716 2188 dejiciat
1748 2113 1808 2169 in
1841 2110 2176 2182 infernum,
2216 2125 2357 2166 cum
2388 2112 2543 2163 tamen

472 2227 768 2286 nusquam
803 2211 1111 2282 irascitur,
1170 2228 1279 2270 nec
1315 2214 1520 2286 punit,
1577 2211 1933 2270 condemnat
1967 2226 2038 2268 ac
2077 2210 2280 2286 dejicit
2313 2210 2366 2267 in
2396 2205 2541 2264 infer-

471 2330 646 2380 num,
700 2311 809 2370 sed
845 2311 1041 2369 salvat
1079 2318 1363 2385 quantum
1391 2312 1569 2371 homo
1608 2328 1674 2372 se
1714 2311 2010 2387 applicat,
2070 2317 2168 2370 est
2205 2311 2350 2369 enim
2389 2310 2544 2384 ipsum
2654 2280 2657 2387 Ι

472 2413 706 2472 Bonum
748 2420 807 2471 et
844 2413 1085 2483 Verum,
1128 2421 1218 2470 est
1257 2416 1388 2487 ipse
1426 2413 1614 2472 Amor
1651 2431 1720 2470 ac
1755 2415 1890 2489 ipsa
1923 2411 2362 2470 Misericordia:
2397 2404 2545 2467 simile

476 2522 570 2572 est
605 2530 737 2574 cum
775 2514 887 2572 hoc
911 2558 926 2586 ,
986 2512 1144 2589 quod
1184 2514 1416 2570 dicatur
1453 2514 1611 2588 quod
1660 2531 1873 2572 nomen
1922 2512 2163 2570 sedenti
2210 2529 2385 2589 super
2414 2509 2546 2581 Equo

474 2613 697 2690 pallido
739 2617 817 2673 sit
854 2632 1039 2687 mors;
1094 2613 1324 2688 reliqua
1377 2613 1450 2672 de
1503 2614 1617 2677 hac
1670 2632 1732 2673 re
1783 2612 2099 2671 videantur
2147 2615 2207 2671 in
2244 2612 2370 2671 loco
2401 2620 2547 2683 supra

474 2716 658 2782 citato
695 2733 763 2772 n:
810 2717 971 2774 373.

582 2815 742 2873 383.
767 2814 998 2873 Nomen
1028 2816 1116 2873 ini
1136 2832 1310 2887 morS,
1341 2823 1401 2874 et
1427 2815 1690 2873 infernus
1721 2813 2093 2891 sequebatur
2122 2831 2256 2872 cum
2282 2812 2396 2886 illo,
2426 2803 2548 2885 quod

473 2912 770 2990 significet.
808 2913 1245 2973 damnationem
1285 2921 1609 2988 aeternam,
1653 2923 1886 2974 constat
1919 2917 1992 2972 ex
2020 2916 2441 2990 significat-ione
2465 2923 2548 2965 no-

475 3016 680 3086 minis,
738 3014 896 3088 quod
941 3017 1019 3072 sit
1067 3016 1245 3091 quale
1288 3018 1376 3074 rei
1389 3060 1409 3090 ,
1466 3016 1539 3074 de
1579 3033 1695 3091 qua
1723 3033 1907 3092 supra
1943 3033 2014 3072 n:
2071 3018 2236 3076 102.
2277 3013 2435 3085 148,
2476 2998 2547 3065 hic

478 3114 657 3191 quale
696 3113 884 3171 Verbi
919 3104 1106 3202 [apud
1136 3105 1297 3203 illos]
1338 3119 1440 3193 qui
1485 3119 1543 3173 in
1578 3116 1752 3175 malis
1791 3123 1853 3174 et
1890 3114 2027 3173 inde
2067 3116 2241 3175 falsis
2293 3119 2452 3187 sunt3
2496 3121 2549 3165 ex

476 3214 909 3291 significatione
945 3219 1153 3274 mortis
1166 3261 1183 3290 ‚
1242 3217 1402 3292 quod
1435 3220 1516 3276 sit
1551 3217 1883 3287 damnatiO,
1939 3216 2012 3274 de
2042 3235 2162 3293 qua
2198 3218 2375 3275 etiam
2405 3221 2551 3285 supra

473 3336 543 3376 n:
590 3320 617 3373 1
639 3317 758 3391 863
801 3334 957 3375 mors
996 3319 1151 3373 enim
1190 3318 1520 3392 spiritualis
1557 3336 1674 3375 non
1711 3317 1874 3378 aliud
1902 3322 2012 3392 est3
2052 3335 2127 3376 ex
2157 3313 2547 3394 significatione

470 3418 715 3493 inferni,
783 3417 942 3492 quod
980 3420 1058 3475 sit
1092 3417 1316 3478 malum
1355 3426 1415 3478 et
1450 3418 1586 3477 inde
1636 3417 1890 3493 falsum,
1954 3419 2235 3494 quoniam
2284 3412 2476 3474 inillis
2504 3410 2549 3463 θῐ

472 3536 546 3579 ex
581 3519 701 3579 illis
741 3525 834 3577 est
877 3518 1173 3576 infernus:
1241 3525 1301 3575 et
1345 3527 1670 3594 praeterea
1712 3536 1824 3595 per
1875 3520 2167 3578 infernum
2222 3514 2549 3593 significatur

469 3620 665 3682 simile
729 3617 889 3695 quod
943 3635 1050 3694 per
1105 3604 1384 3688 mortem,
1461 3636 1675 3695 nempe
1729 3612 2247 3690 damnat10,'sed
2308 3616 2437 3693 quia
2475 3607 2547 3665 hic

472 3728 789 3796 utrumque
827 3719 1059 3791 dicitur,
1103 3725 1163 3777 et
1197 3720 1284 3778 sic
1322 3719 1707 3795 distinguitur
1743 3737 1778 3777 a
1819 3726 2026 3793 morte,
2079 3718 2435 3795 significatur
2463 3721 2547 3785 per

469 3820 760 3879 infernum
803 3819 1101 3878 damnatio
1139 3825 1418 3893 aeterna,
1457 3837 1595 3877 nam
1633 3821 1735 3895 qui
1767 3822 1827 3877 in
1860 3820 2157 3878 infernum
2197 3819 2449 3885 veniunt,
2484 3805 2548 3865 ibi

468 3925 712 3977 manent
746 3922 807 3976 in
842 3927 1185 3992 aeternum,
1236 3936 1422 3995 quare
1463 3922 1642 3978 etiam
1681 3919 1896 3979 dicitur
1943 3927 2003 3978 et
2049 3920 2312 3979 infernus
2358 3924 2543 3987 seque·

467 4017 645 4076 batur
675 4034 808 4075 cum
847 4017 968 4091 illo,
1009 4038 1146 4080 nam
1181 4037 1292 4093 per
1328 4022 1502 4096 sequi
1536 4037 1672 4079 cum
1706 4020 1810 4084 illo
1847 4021 2215 4097 significatur
2246 4008 2547 4077 manere-in

468 4113 601 4184 illa,
644 4129 859 4187 nempe
894 4116 953 4171 in
991 4116 1367 4178 damnatione
1404 4122 1468 4177 in
1504 4125 1832 4179 aeternum.
1885 4121 1976 4179 Ex
2012 4121 2106 4180 his
2135 4126 2403 4180 constare
2434 4112 2545 4188 pot·
