2791 4778
390 360 605 415 οΑΡυΤ
647 359 949 429 sExTUM.
1657 359 1864 413 vens=
1914 371 1963 419 τ.
2010 370 2058 420 8.
2218 371 2326 422 ρει-ε)

261 520 471 598 aspice.-
519 526 577 580 ει
624 517 764 579 vidi
813 523 874 578 et
919 535 1048 578 ecce
1089 516 1322 597 Equus
1359 513 1696 596 pallidus,
1750 523 1807 577 et
1861 515 2081 577 sedena
2142 538 2329 598 super

257 618 353 681 illo
385 637 593 679 nomen
633 617 739 679 illi
780 637 983 694 mors,
1039 622 1098 677 et
1138 618 1431 697 infernus·
1481 618 1849 698 sequebatur
1889 636 2029 677 cum
2068 614 2214 694 illo,
2268 625 2328 679 et

256 720 387 781 data
421 715 556 780 illis
583 724 873 801 potestas
906 717 1331 799 interficiendi
1358 737 1550 797 super
1584 723 1880 797 quartam
1905 722 2159 797 partem
2196 723 2322 780 ter-
2393 776 2399 781 .

253 840 344 884 rae
371 819 436 880 in
472 820 810 900 romphaea
851 826 911 880 et
947 819 1018 879 in
1043 820 1227 899 same
1260 824 1319 878 et
1360 819 1432 879 in
1467 825 1692 893 morte,
1735 825 1794 879 et
1828 836 1869 877 a
1890 818 2064 898 semis
2100 823 2321 880 terrae.

252 922 464 981 Etcum
504 925 846 997 aperuisset
880 920 1139 997 sigillum
1179 928 1470 995 quartum,
1528 918 1824 996 significat
1858 919 2325 995 praedictionem
2365 919 2527 985 [540]

251 1022 653 1083 manifestatam
692 1022 978 1079 ulterius:
1036 1019 1482 1080 audivivocem
1530 1023 1726 1096 quarti
1773 1020 2063 1079 Animalis
2117 1020 2322 1079 dicen-

251 1128 375 1194 tem,
426 1122 713 1198 significat
762 1140 795 1180 e
849 1120 1031 1181 Coelo
1080 1122 1286 1179 intimo
1338 1138 1375 1178 a
1426 1121 1719 1180 Domino:
1788 1122 1927 1178 veni
1983 1126 2043 1179 et
2098 1124 2325 1198 aspice,

249 1221 507 1297 significat
551 1225 940 1281 attentionem
978 1230 1037 1280 et
1071 1223 1552 1297 perceptionem:
1593 1228 1653 1280 et
1687 1221 1809 1280 vidi
1846 1228 1905 1279 et
1942 1238 2082 1280 ecce
2118 1221 2323 1298 Equus

248 1322 501 1397 pallidus,
567 1323 863 1399 significat
901 1321 1271 1380 intellectum
1306 1321 1494 1380 Verbi
1535 1321 1789 1391 nullum,
1849 1339 1923 1380 ex
1960 1322 2130 1380 malis
2167 1324 2324 1382 vitae

253 1430 300 1479 et
332 1423 452 1481 inde
496 1422 667 1483 salsis
715 1431 882 1482 tunc:
939 1429 997 1480 et
1045 1421 1265 1480 sedens
1317 1439 1502 1497 super
1547 1422 1651 1481 illo
1690 1421 1986 1498 significat
2026 1422 2323 1485 Verbum:

248 1539 429 1581 nomen
465 1522 550 1582 illi
601 1541 789 1593 morS,
854 1530 915 1583 et
952 1523 1218 1580 infernus
1257 1522 1626 1598 sequebatur
1663 1540 1797 1582 cum
1841 1521 1975 1596 ille,
2030 1524 2327 1600 significat

249 1621 648 1683 damnationem
703 1630 1044 1682 aeternam:
1111 1630 1174 1681 et
1232 1622 1372 1680 data
1433 1622 1550 1681 illis
1603 1631 1873 1700 potestas
1931 1624 2323 1682 interficiendi

249 1738 403 1798 super
436 1731 705 1799 quartam
741 1732 976 1800 partem
1018 1730 1231 1797 terrae,
1283 1723 1578 1799 significat
1626 1724 2096 1800 deprivationem
2135 1726 2324 1784 omnis

248 1821 363 1881 boni
405 1832 461 1882 et
504 1825 642 1883 inde
694 1826 820 1883 veri
867 1842 941 1883 ex
983 1823 1220 1897 Verbo,
1292 1829 1353 1882 ct
1395 1823 1534 1882 inde
1585 1826 1646 1882 in
1693 1825 1961 1884 doctrina
2013 1824 2325 1886 Ecclesiae

248 1939 423 1983 eorum
462 1943 533 1985 ex
580 1924 819 1984 Verbo:
872 1927 932 1983 in
978 1923 1338 2000 romphaea,
1390 1925 1685 2001 significat
1717 1943 1828 2001 per
1861 1926 2114 1986 salsum:
2170 1930 2326 1986 etin

244 2022 404 2098 same,
462 2025 756 2102 significat
807 2043 918 2101 per
970 2025 1472 2101 deprivationem,
1524 2021 1860 2100 desectum,
1928 2033 1988 2083 et
2035 2027 2321 2102 ignoran-

248 2125 375 2191 tiam,
407 2127 800 2202 cognitionum
845 2127 971 2186 veri
1025 2132 1085 2183 et
1130 2125 1299 2183 boni:
1357 2132 1418 2184 et
1460 2127 1521 2182 in
1561 2132 1780 2199 morte,
1849 2126 2143 2201 significat
2185 2126 2323 2187 inde

251 2227 666 2286 exstinctionem
722 2229 881 2285 vitae
930 2225 1290 2302 spiritualis:
1359 2232 1420 2283 et
1468 2242 1505 2281 a
1550 2224 1692 2283 seris
1740 2231 1964 2299 terrae,
2028 2226 2326 2302 significat

247 2325 383 2383 mala
423 2329 597 2403 vitae,
672 2344 783 2385 seu
832 2327 1193 2403 cupiditates
1248 2332 1306 2384 et
1365 2324 1501 2383 inde
1554 2324 1850 2383 falsitates
1914 2324 2194 2384 oriundas
2250 2325 2324 2382 ab

255 2440 425 2485 amore
458 2431 542 2487 sui
591 2435 655 2489 et
693 2428 926 2497 mundi,
964 2445 1118 2505 quae
1159 2434 1403 2486 vastant
1438 2429 1634 2485 omnia
1671 2426 1982 2486 Ecclesiae
2018 2426 2180 2503 apud
2215 2427 2328 2486 lio-,-

255 2525 457 2584 minem.

386 2608 525 2688 378.
595 2632 678 2689 Et
729 2648 861 2688 cum
909 2633 1249 2705 aperuisset
1293 2630 1552 2705 sigillum
1591 2635 1900 2704 quartum,
1942 2627 2100 2703 quod
2134 2629 2322 2704 signi·-

246 2722 363 2784 ficet
412 2732 874 2804 praedictionem
929 2731 1366 2788 manifestatam
1419 2730 1698 2804 ulteriuS,
1771 2735 2007 2789 constat
2070 2747 2145 2788 ex
2206 2727 2324 2788 illis

246 2841 375 2898 quae
407 2846 580 2905 supra
619 2850 690 2888 n:
736 2833 896 2889 351.
945 2833 1105 2890 352.
1152 2832 1311 2903 361,
1353 2830 1514 2888 dicta
1551 2837 1611 2888 et
1649 2837 1893 2889 ostensa
1928 2837 2087 2889 sunt.

377 2931 528 2991 379.
584 2928 1052 2998 Audivivocem
1089 2933 1287 3007 quarti
1321 2930 1612 2989 Animalis
1650 2931 1979 3003 dicentem,
2029 2931 2189 3007 quod
2237 2933 2323 2990 si-

241 3027 451 3102 gnificet
492 3049 525 3091 e
565 3031 753 3092 Coelo
786 3034 991 3091 intimo
1030 3050 1066 3088 a
1100 3031 1375 3105 Domino,
1417 3037 1652 3091 constat
1691 3035 1869 3091 etiam
1908 3050 1981 3090 cx
2014 3033 2134 3092 illis
2172 3050 2328 3108 quae

237 3141 399 3205 snpra
453 3151 518 3192 nt
563 3134 728 3192 353.
761 3134 922 3191 362.
961 3133 1124 3207 370,
1164 3132 1325 3189 dicta
1360 3138 1420 3190 et
1457 3138 1701 3191 ostensa
1735 3141 1887 3191 sunt.

371 3233 525 3292 380.
579 3232 741 3292 Veni
778 3241 837 3292 et
863 3236 1088 3309 aspice,
1124 3233 1419 3309 significat
1456 3235 1843 3292 attentionem
1879 3241 1939 3293 et
1972 3235 2321 3310 perceptio-

235 3343 379 3402 nem,
420 3340 707 3410 utsupra
740 3353 811 3392 n:
856 3335 1019 3403 354.
1056 3335 1217 3392 371.

370 3434 523 3493 381.
559 3435 637 3492 Et
665 3436 786 3493 vidi
824 3439 884 3493 et
918 3450 1058 3493 ecce
1085 3434 1293 3508 Equus
1317 3431 1602 3510 pallidus,
1636 3433 1795 3509 quod
1824 3433 2117 3509 significet
2143 3433 2323 3491 intel-

235 3524 428 3592 lectum
454 3533 642 3593 Verbi
680 3535 906 3593 nullum
950 3552 1023 3593 ex
1062 3534 1233 3593 malis
1260 3537 1418 3593 vitae
1451 3539 1512 3592 et
1538 3534 1673 3592 inde
1703 3533 1872 3591 salsis
1910 3538 2049 3590 tunc
2092 3531 2136 3608 [‚
2177 3548 2324 3589 coum

237 3630 398 3693 stabit
430 3652 500 3693 ex
537 3634 987 3712 sequentibus];
1045 3637 1241 3711 agitur
1290 3637 1350 3693 in
1399 3633 1517 3693 vhoc
1554 3641 1614 3691 ct
1649 3637 1938 3708 sequente
1991 3630 2200 3707 Capite
2251 3631 2326 3691 de

237 3736 571 3794 successivis
621 3736 877 3794 statibus
926 3734 1270 3810 Ecclesiae,
1325 3736 1441 3794 hoc
1485 3741 1609 3807 est,
1666 3733 1968 3791 hominnm
2013 3730 2327 3791 Ecclesiae

239 3833 410 3901 quoad
443 3836 816 3910 spiritualem
853 3853 1059 3894 eorum
1092 3839 1304 3912 vita1n3
1362 3853 1433 3893 ac
1469 3835 1697 3910 primus
1737 3841 1929 3892 status
1969 3851 2172 3892 eorum
2216 3831 2325 3893 dc-

237 3934 473 4008 scriptus
524 3942 617 3995 est
652 3953 762 4013 per
796 3937 1034 4012 Equum
1070 3936 1300 4011 album,
1357 3934 1659 3995 secundus
1695 3952 1806 4011 per
1839 3935 2074 4009 Equum
2109 3935 2326 4010 rusum,

237 4033 424 4091 tertius
458 4053 570 4112 per
596 4036 830 4112 Equum
870 4038 1130 4113 nigrum,
1181 4044 1241 4096 et
1281 4043 1531 4113 quartus
1573 4053 1683 4112 per
1726 4035 1959 4112 Equum
2004 4035 2329 4112 pallidum3

237 4132 374 4202 quod
426 4152 537 4210 per
586 4135 817 4211 Equum
859 4138 1076 4196 ‘album
1137 4137 1504 4215 significatus
1552 4138 1630 4196 sit
1681 4137 2022 4197 intellectus
2071 4138 2200 4196 veri
2254 4155 2328 4195 ex

234 4224 452 4302 Verbo,
516 4231 786 4298 videatur
845 4256 1030 4314 supra
1081 4258 1149 4299 n:
1225 4240 1398 4313 3553
1480 4237 1638 4314 quod
1692 4256 1802 4316 per
1854 4239 2085 4316 Equum
2137 4238 2333 4298 rusum
