2791 4778
390 396 626 451 CAPUT
666 398 978 453 SEXTUM.
1723 405 1933 461 vens:
1981 417 2071 470 14,
2243 423 2350 475 451

238 563 483 635 guntur,
536 559 713 614 etiam
764 556 1175 633 intelliguntur
1230 560 1316 618 illi
1367 563 1469 638 qui
1518 563 1574 619 in
1627 565 2059 641 cognitionibus
2111 576 2239 631 veri
2294 582 2356 635 et

241 659 375 717 boni
410 663 566 716 sunt.
659 655 842 734 Apud
886 657 1130 735 Esajam
1190 659 1376 735 „Qui
1425 659 1533 722 illi
1572 663 1740 725 sicut
1790 667 1979 726 nubes
2028 671 2352 751 advola-nt,

241 765 297 819 et
340 758 509 818 sicut
534 755 877 818 columbae
929 757 1019 817 ad
1053 760 1381 839 fenestras
1434 782 1615 839 suae,
1679 766 1834 845 quia
1883 768 2057 832 Mihi
2104 772 2358 836 insulae

238 857 575 939 confident,
638 865 698 918 et
735 876 926 917 naves
976 858 1405 922 Tharsclzisch
1447 864 1515 925 in
1546 866 1870 947 Jm'ncipio
1910 867 2001 931 ad
2032 873 2356 937 adducen-

237 960 388 1020 dum
412 955 599 1039 filios
657 964 801 1017 tuos
847 978 880 1018 e
925 956 1315 1039 Zonyiuun
1367 964 1513 1024 LX:
1565 970 1620 1025 8.
1662 970 1696 1025 9
1714 989 1731 1043 3
1787 970 1938 1031 haec
1991 991 2225 1051 quoque
2278 978 2351 1037 de

234 1062 489 1120 Domino
527 1059 686 1117 dicta
740 1067 907 1135 sunt3
966 1068 1025 1118 et
1074 1080 1185 1138 per
1232 1064 1336 1122 illa
1386 1067 1754 1141 significatur
1803 1074 1960 1147 quod
2005 1073 2211 1151 Ipsum
2248 1094 2349 1137 re-

234 1163 467 1239 cepturi
505 1168 566 1219 et
602 1163 859 1236 agnituri
895 1164 995 1236 qui
1029 1164 1089 1220 in
1125 1165 1382 1239 simplici
1421 1184 1562 1225 vero
1594 1175 1653 1227 et
1679 1169 1836 1229 bono
1865 1181 2033 1248 sunt,
2075 1178 2175 1251 qui
2212 1185 2351 1237 sunt

236 1267 331 1340 qui
360 1279 510 1320 vera
544 1260 731 1319 Verbi
768 1264 1104 1338 percipiunt
1140 1266 1395 1347 naturali
1434 1268 1634 1342 modo,
1694 1271 1852 1345 quod
1891 1282 1984 1333 est
2020 1278 2349 1336 secundum

235 1381 475 1423 sensum
527 1362 766 1436 literae,
834 1367 893 1419 et
940 1363 1166 1422 faciunt
1211 1365 1343 1442 illa3
1398 1368 1631 1428 insulae
1683 1372 2015 1447 significant
2062 1377 2197 1436 illos
2248 1383 2352 1460 qui

234 1465 502 1524 Verbum
552 1461 805 1520 naturali
860 1464 1065 1537 modo,
1122 1466 1234 1524 hoc
1290 1474 1411 1541 cst,
1468 1471 1798 1528 secundum
1850 1491 2091 1534 sensum
2139 1478 2349 1540 literae

232 1566 591 1642 percipiunt,
650 1571 709 1620 et
745 1581 926 1620 naves
966 1564 1368 1627 Tharschisch
1406 1571 1461 1626 in
1490 1573 1785 1649 principio
1822 1583 1962 1634 sunt
1997 1576 2155 1635 bona
2192 1597 2348 1655 quae

233 1668 429 1725 ferunt
464 1670 524 1723 et
558 1664 780 1722 faciunt
793 1684 808 1739 3
867 1664 1273 1727 Tharschisch
1312 1672 1467 1728 enim
1513 1672 1811 1748 significat
1845 1678 2181 1737 naturalem
2229 1678 2343 1740 ho-

233 1769 448 1825 minem
487 1764 685 1842 quoad
713 1767 1106 1841 cognitiones,
1150 1776 1209 1826 et
1238 1770 1642 1832 Tharschisch
1675 1776 1737 1832 in
1764 1780 2056 1855 principio
2094 1785 2345 1841 natura-

232 1868 343 1926 lem
383 1867 684 1925 hominem
724 1866 916 1940 quoad
948 1871 1312 1944 cognitiones
1341 1872 1499 1947 boni,
1541 1877 1814 1950 quoniam
1854 1881 1913 1936 in
1943 1879 2350 1943 Tharschisch

235 1976 358 2026 erat
414 1985 651 2039 aurum,
736 1972 793 2023 et
856 1976 1195 2044 argentum,
1280 1981 1340 2030 et
1400 1991 1587 2032 naves
1646 1977 1782 2035 inde
1844 1981 2165 2055 portabant
2226 1982 2348 2054 illa,

232 2069 261 2127 Ι
283 2068 441 2143 Reg:
483 2067 598 2125 X2·
621 2070 742 2138 22,
801 2085 869 2126 ac
905 2071 965 2126 in
1001 2072 1290 2146 principio
1329 2090 1535 2130 aurum
1554 2118 1570 2147 ,
1630 2090 1738 2149 per
1775 2078 1938 2151 quod
1975 2082 2348 2155 significatur

235 2169 483 2244 bonum3
541 2174 601 2226 et
638 2170 775 2242 quia
825 2187 897 2226 ex
946 2169 1100 2228 bono
1149 2178 1287 2229 sunt
1336 2190 1507 2245 vera,
1566 2175 1701 2232 ideo
1748 2179 1928 2234 etiam
1965 2179 2212 2256 dicitur,
2268 2182 2348 2241 ad

235 2269 642 2328 adducendum
680 2269 834 2327 filios
873 2276 1008 2328 tuos
1065 2289 1095 2327 e
1144 2271 1467 2348 longinquo
1483 2294 1498 2348 3
1558 2282 1616 2333 ct
1664 2278 1805 2351 quia
1846 2295 1956 2353 per
2002 2282 2231 2341 insulas
2287 2289 2348 2341 et

240 2385 426 2427 naves
464 2369 860 2429 Tharschisch
901 2372 1309 2448 significantur
1338 2377 1704 2451 cognitiones
1729 2380 1857 2436 veri
1894 2385 1954 2436 et
1988 2380 2130 2440 boni
2164 2387 2343 2441 natu-

248 2470 384 2527 ralis
425 2469 699 2544 hominis,
757 2473 891 2531 ideo
942 2473 1184 2541 dicitur,
1245 2479 1344 2551 qui
1400 2477 1494 2534 hic
1549 2479 1703 2535 sicut
1752 2479 1941 2537 nubes
1996 2482 2227 2556 volant,
2286 2490 2346 2542 et

240 2573 390 2629 sicut
426 2571 731 2630 columbae
771 2574 847 2630 ad
882 2574 1177 2631 fenestras
1216 2592 1386 2645 suaS‚
1429 2578 1617 2635 nubes
1655 2579 1988 2654 significant
2023 2599 2166 2640 vera
2201 2599 2342 2642 sen·-

238 2688 333 2729 sus
382 2671 592 2730 literae
633 2672 847 2743 Verbi,
903 2674 1215 2734 columbae
1265 2676 1422 2734 bona
1479 2679 1583 2748 ibi,
1639 2697 1707 2736 ac
1747 2680 2044 2740 fenestrae
2087 2699 2231 2745 vera
2268 2701 2346 2743 ex

232 2773 382 2832 bono
420 2774 480 2830 in
516 2773 682 2831 luce:
741 2774 902 2850 quod
936 2791 1123 2832 naves
1161 2777 1496 2852 significent
1525 2782 1894 2855 cognitiones
1942 2784 2069 2843 veri
2113 2789 2172 2841 et
2206 2784 2346 2843 boni

230 2891 297 2932 ex
365 2873 601 2947 Verbo,
668 2875 939 2933 videatur
992 2894 1056 2932 n:
1136 2879 1341 2936 1977.
1407 2881 1629 2938 6385:
1710 2886 1770 2937 et
1832 2882 1990 2956 quod
2043 2884 2346 2945 fenestrae

227 2974 562 3050 significent
598 2993 743 3033 vera
779 2978 836 3033 in
873 2977 1037 3050 luce,
1097 2985 1156 3035 et
1191 2979 1328 3038 inde
1366 2978 1803 3051 intellectuale,
1851 3002 1918 3042 n:
1965 2986 2126 3045 655.
2174 2987 2336 3046 658.

234 3077 445 3134 3391.
539 3075 716 3150 Apud
757 3076 1027 3135 Eundem
1077 3075 1392 3160 „Ejulate
1426 3100 1617 3140 naves
1650 3080 2106 3145 TharschiSclzi
2130 3128 2146 3155 ,
2189 3085 2346 3164 quia

226 3174 564 3235 devastata
613 3181 707 3235 est
756 3176 1002 3256 Tyrus,
1066 3183 1138 3237 ut
1183 3199 1307 3241 ‘nou
1345 3180 1437 3241 cit
1471 3181 1727 3259 domuc,
1784 3204 1892 3245 uec
1933 3185 2127 3246 intret
2161 3185 2341 3264 quis·-

222 3295 415 3354 quam
437 3320 451 3347 ,
535 3294 567 3333 e
628 3282 799 3337 terra
860 3276 1147 3338 Kitthim
1209 3280 1545 3360 manifeste
1612 3286 1810 3344 veniet
1887 3282 2065 3358 illis;
2154 3283 2346 3347 silent

224 3375 612 3437 habitatores
673 3375 952 3453 insulae,
1036 3388 1343 3440 mercator
1415 3381 1698 3442 Zidouis
1768 3385 2090 3445 transiens
2148 3404 2342 3455 mare,
2383 3387 2541 3449 [642]

223 3470 639 3556 impleverunt
682 3483 756 3537 te.
851 3477 1166 3539 Erubesce
1214 3481 1458 3553 Zidon,
1523 3500 1674 3540 nam
1716 3480 1877 3542 dicit
1928 3501 2133 3559 viare,
2196 3504 2340 3545 mu-

222 3573 601 3637 ’timentum'
646 3578 851 3638 maris·
866 3622 883 3653 ,
976 3600 1100 3640 non
1161 3580 1522 3659 parturivi,
1621 3600 1729 3641 uec
1779 3583 2026 3662 peperi,
2100 3591 2160 3645 et
2219 3602 2344 3646 non

225 3677 497 3738 educavi
528 3678 819 3760 juvenes,
887 3677 1238 3741 adolescere
1279 3682 1414 3761 feci
1463 3681 1775 3761 viminea,
1846 3701 1987 3743 cum
2019 3683 2216 3762 fama
2258 3703 2341 3746 eoe

223 3778 547 3858 Aeyypt0‚
630 3777 844 3839 dolore
903 3780 1354 3860 corripientur,
1447 3782 1614 3843 sicut
1676 3781 1765 3842 ad
1822 3784 2083 3864 famam
2154 3782 2337 3864 Tyri,

224 3878 498 3938 transite
515 3878 585 3939 in
615 3878 1063 3955 Tharschicch,
1102 3878 1333 3962 ejulate
1357 3881 1744 3945 habitatores
1773 3881 2070 3946 ins·ulae“
2098 3883 2337 3945 XXIII:

232 3983 288 4036 l.
337 3984 397 4036 2.
442 3982 504 4037 4.
547 3981 604 4038 5.
652 3983 721 4056 63
778 3981 1262 4040 ita—describitur
1291 3982 1581 4043 desolatio
1610 3988 1742 4044 veri
1776 3990 1837 4045 in
1870 3985 2163 4060 Ecclesia,
2203 4003 2342 4044 nam

222 4096 334 4154 per
367 4096 555 4139 naves
597 4080 1002 4141 Tharschisch
1030 4083 1439 4159 significantur
1469 4087 1840 4162 cognitiones
1876 4087 2017 4144 boni
2054 4104 2087 4144 e
2115 4085 2339 4162 Verb0,

224 4184 283 4236 et
317 4198 428 4255 per
466 4180 691 4257 Tyrum
727 4184 1092 4259 cognitiones
1133 4186 1258 4242 veri
1286 4184 1456 4262 inde3
1499 4186 1660 4262 quod
1687 4205 1805 4246 non
1833 4189 1913 4245 sit
1945 4185 2168 4246 bonum
2204 4188 2344 4265 quia

221 4296 337 4337 non
372 4298 534 4355 vera,
575 4282 942 4358 significatur
978 4302 1087 4359 per
1125 4284 1346 4362 ejulate
1379 4303 1568 4345 naves
1610 4286 2015 4346 Tharschisch
2056 4290 2194 4372 quia
2230 4288 2336 4347 de-

1750 4391 1835 4445 29
1881 4383 1917 4421 i<
