2791 4778
406 321 637 379 CAPUT
675 321 986 380 SEXTUM.
1749 324 1957 378 VERS:
2004 335 2094 389 14.
2251 338 2359 390 423

254 486 495 545 Israelis
561 502 636 543 ex
686 485 1003 562 Aegypte,
1076 490 1137 543 et
1188 485 1548 545 introductio
1613 487 1674 543 in
1734 493 1955 545 terram
2004 484 2363 558 Canaanem,

253 586 404 647 unde
476 585 766 663 expulsae
829 592 970 649 sunt
1038 592 1278 661 gentes,
1352 603 1462 661 per
1524 585 1674 644 haec
1736 586 2175 663 intelligantur,
2246 605 2359 664 pa-

250 694 357 763 tet3
434 686 548 745 sed
621 703 815 761 usquc
883 704 992 761 per
1051 685 1259 745 eadem
1312 684 1418 744 illa
1481 687 1542 744 in
1600 702 1783 744 sensu
1842 690 2073 746 interno
2134 687 2358 747 intelli-

250 795 468 865 guntur
516 804 672 863 quac
725 786 1025 862 explicata
1072 793 1240 860 sunt3
1325 803 1437 844 nec
1482 786 1645 845 aliud
1708 804 1817 863 per
1868 787 2363 847 introductionem

247 889 500 946 filiorum
556 886 802 945 Israelis
854 888 914 944 in
967 893 1188 944 terram
1238 885 1612 955 Canaanem,
1674 894 1734 945 et
1788 905 1899 965 per
1949 888 2361 963 expulsionem

250 990 519 1065 gentium
580 987 747 1061 inde,
829 994 1346 1063 repraesentatum
1410 994 1471 1045 et
1521 987 1916 1062 significatum
1972 994 2096 1063 est3
2165 991 2363 1047 omnia

249 1092 398 1147 enim
435 1090 743 1147 Historica
769 1087 956 1146 Verbi
993 1104 1185 1164 aeque
1223 1104 1291 1144 ac
1321 1086 1682 1163 Prophetica
1719 1088 1850 1164 ejus
1885 1088 2195 1147 involvunt
2229 1091 2358 1165 spi·-

246 1188 505 1247 ritualia.
561 1187 741 1263 Apud
780 1188 1081 1263 Esajam‚
1079 1185 1341 1260 ,Omnes
1376 1194 1619 1247 montes
1645 1188 1756 1265 qui
1791 1184 2042 1249 sarculo
2078 1188 2359 1249 smen-

247 1295 375 1361 tur‚
457 1307 586 1349 non
649 1287 849 1347 veniet
905 1305 973 1345 eo
1040 1285 1234 1347 timor
1283 1286 1570 1347 senticem·
1626 1294 1685 1348 et
1744 1288 1979 1367 vepretz·
1990 1333 2007 1363 ,
2078 1287 2192 1348 sed
2241 1288 2363 1348 erit

247 1389 473 1449 missio
529 1388 702 1448 bovis
751 1394 810 1448 et
854 1383 1123 1448 calcatio
1170 1387 1351 1448 ovis“
1418 1388 1570 1447 VII:
1626 1390 1750 1464 255
1820 1406 1930 1465 per
1976 1397 2207 1449 montes
2262 1392 2363 1464 qui

247 1491 486 1550 sarculo
534 1490 891 1561 sarrientur,
952 1488 1364 1564 intelliguntur
1417 1490 1516 1564 qui
1567 1506 1640 1548 ex
1690 1506 1891 1549 amore
1946 1488 2086 1548 boni
2137 1490 2361 1548 faciunt

247 1589 426 1667 bona3
489 1589 632 1665 quid
668 1606 778 1664 per
814 1598 1056 1648 caetera
1092 1588 1492 1664 significatur,
1546 1588 1819 1648 videatur
1854 1606 2043 1666 supra
2084 1609 2152 1650 n:
2198 1592 2360 1659 304,

247 1691 344 1749 ubi
391 1691 697 1767 explicata
732 1697 888 1748 sunt.
970 1689 1151 1765 Apud
1204 1689 1474 1747 Eundem
1539 1688 1954 1764 „Producam
1994 1710 2076 1751 em
2126 1688 2364 1750 Jacobo.

248 1810 482 1865 semen,
540 1796 601 1851 et
651 1808 731 1849 eoe
795 1789 1094 1850 Jehudah,
1163 1788 1485 1849 haeredem
1533 1788 1852 1852 Montium
1911 1810 2218 1862 meorum,
2288 1797 2361 1854 ut

238 1890 619 1969 possideant
680 1909 821 1950 eum
887 1878 1094 1950 eleeti'
1122 1890 1278 1965 mei,
1359 1895 1417 1949 et
1469 1891 1638 1951 servi
1700 1893 1823 1951 mei
1882 1892 2162 1953 habitent
2220 1890 2360 1954 ibi“

252 1991 447 2051 LXV:
495 1994 529 2050 9
549 2011 565 2066 3
618 2009 729 2067 per
765 1991 1060 2050 Jacobum
1101 1998 1161 2051 et
1194 2009 1304 2066 per
1331 1990 1633 2049 Jehudam
1663 1992 2030 2067 significatur
2063 1994 2359 2067 Ecclesia,

251 2109 357 2167 per
392 2092 688 2151 Jacobum
723 2092 998 2150 Ecclesia
1047 2098 1309 2163 externa,
1350 2108 1503 2167 quae
1548 2093 1608 2149 in
1656 2092 2089 2166 cognitionibus
2117 2093 2259 2152 boni
2303 2099 2363 2151 et

258 2195 399 2265 veri,
461 2199 519 2250 et
553 2210 661 2267 per
697 2192 995 2253 Jehudam
1025 2192 1300 2251 Ecclesia
1335 2192 1578 2269 quaein
1604 2189 1758 2249 bono
1796 2194 2013 2249 amoris
2050 2194 2109 2249 in
2144 2193 2357 2251 Domi-

257 2309 430 2361 num,
491 2310 667 2368 quare
717 2311 827 2369 per
874 2272 1079 2351 semen
1125 2311 1199 2350 ex
1254 2291 1488 2351 Jacobo
1537 2291 1947 2368 significantur
1993 2294 2361 2368 cognitiones

260 2389 402 2450 boni
439 2399 496 2450 et
529 2396 676 2467 veri,
736 2401 795 2452 et
830 2393 966 2451 inde
1004 2396 1044 2451 ii
1081 2396 1182 2469 qui
1216 2396 1276 2452 in
1311 2394 1430 2452 illis
1468 2399 1606 2450 sunt
1618 2412 1634 2468 3
1697 2410 1808 2469 per
1843 2399 2073 2452 montes
2111 2411 2362 2470 quorum

261 2489 543 2552 haeredes
594 2511 665 2552 ex
715 2494 1030 2561 Jehudah‚
1094 2493 1463 2570 significatur
1509 2493 1727 2552 bonum
1770 2495 1987 2552 amoris
2034 2495 2096 2552 in
2146 2494 2360 2552 Domi-

256 2610 421 2668 num,
463 2602 522 2651 et
558 2595 692 2653 inde
732 2598 772 2653 ii
810 2598 910 2671 qui
946 2600 1005 2654 in
1043 2595 1170 2667 i1103
1210 2612 1320 2671 per
1357 2595 1580 2653 electos
1621 2596 1721 2670 qui
1756 2594 2150 2669 possidebunt
2184 2611 2357 2651 mon-

254 2700 366 2751 tem
403 2695 815 2769 significantur
851 2693 950 2771 qui
989 2699 1047 2753 in
1088 2696 1243 2754 bono
1281 2701 1447 2768 sunt,
1489 2700 1550 2752 et
1582 2712 1692 2770 per
1728 2711 1937 2753 servos
1969 2697 2070 2770 qui
2103 2698 2163 2753 in
2198 2696 2358 2752 veris

253 2810 320 2852 ex
353 2795 528 2855 bono.
610 2796 792 2871 Apud
826 2796 1153 2855 Jeremiam
1217 2794 1598 2869 „Reducam
1627 2791 1810 2874 filios
1844 2792 2121 2855 Israelis
2173 2814 2364 2874 super

248 2897 478 2956 temam
516 2915 773 2966 eorunm
815 2915 943 2956 ecee
984 2895 1134 2975 Eyo
1172 2894 1430 2955 mittens
1467 2893 1557 2954 ad
1588 2895 1940 2974 piscatores
1981 2894 2217 2957 multos
2251 2895 2365 2975 qui

246 2997 660 3072 piscabuntur
709 2994 893 3072 illos,
972 3002 1031 3055 et
1088 2996 1345 3056 mittam
1413 2994 1502 3056 ad
1559 2995 1797 3057 multos
1867 3005 2190 3060 venatores
2252 2997 2363 3076 qui

246 3099 632 3158 venabuntur
670 3115 775 3155 eos
820 3116 1011 3176 super
1055 3098 1224 3158 omni
1271 3101 1504 3172 moute,
1559 3102 1618 3157 et
1663 3096 1931 3178 desuper
1977 3099 2151 3160 omui
2186 3095 2357 3168 colle,

246 3202 301 3255 et
341 3217 423 3258 ece
453 3196 894 3276 foraminibus
939 3200 1309 3276 petrarum“
1370 3198 1558 3257 XVI:
1606 3205 1634 3257 l
1657 3201 1712 3258 5.
1757 3203 1784 3257 1
1807 3204 1875 3275 63
1940 3203 2134 3277 agitur
2168 3200 2251 3258 ibi
2286 3197 2360 3258 dc

247 3298 680 3358 instauratione
722 3297 1034 3357 Ecclesiae
1079 3316 1306 3372 novae,
1369 3315 1522 3373 quae
1558 3300 2128 3375 repraesentabatur
2169 3307 2228 3358 et
2269 3301 2356 3357 si-

247 3398 637 3473 gnificabatur
670 3416 782 3473 per
817 3398 1224 3459 reductionem
1266 3397 1642 3459 ,ludaeorum
1679 3416 1711 3457 e
1749 3401 2097 3474 captivitate
2129 3416 2161 3457 e
2197 3404 2360 3456 terra

248 3496 488 3559 Babelis
548 3500 608 3556 in
663 3506 880 3557 terram
930 3499 1305 3574 Canaanem3
1380 3501 1483 3573 qui
1540 3516 1658 3556 non
1710 3500 1822 3555 scit
1872 3498 2013 3572 quid
2066 3496 2359 3572 significat

251 3603 473 3674 piscari
511 3604 570 3657 et
605 3600 839 3673 venari,
900 3600 1039 3676 quid
1083 3617 1284 3673 mom,
1344 3598 1543 3667 colliS‚
1596 3605 1655 3656 et
1694 3597 1982 3655 foramina
2028 3604 2354 3674 petrarum,

248 3715 360 3759 non
401 3698 565 3758 aliud
603 3700 844 3776 colliget
892 3718 965 3760 ex
1016 3701 1133 3759 illis
1174 3700 1375 3759 verbis
1426 3716 1602 3775 quam
1652 3698 1772 3757 tale
1810 3697 1968 3772 quod
2013 3714 2203 3773 usque
2238 3713 2358 3756 non

247 3803 507 3876 capitur3
565 3801 723 3875 quod
773 3818 846 3859 ex
887 3800 1004 3859 illis
1043 3799 1429 3859 instauranda
1479 3802 1557 3858 sit
1606 3797 1914 3872 Ecclesia,
1972 3799 2163 3874 quiin
2199 3795 2355 3855 bono

245 3900 500 3958 naturali
555 3906 615 3959 et
664 3903 724 3958 in
772 3901 930 3959 bono
986 3900 1283 3977 spirituali
1335 3906 1500 3969 sunt,
1566 3898 1914 3975 intelligitur
1965 3917 2076 3976 per
2128 3900 2357 3956 mittam

246 4003 576 4074 piscatores
614 4003 714 4076 qui
748 4001 1141 4077 piscabuntur
1178 4000 1346 4073 illoS‚
1388 4007 1449 4060 et
1483 4006 1802 4059 venatores
1842 4000 1945 4076 qui
1980 3998 2356 4059 venabuntur
2397 4000 2556 4062 [624]

249 4099 411 4177 illos3
469 4118 834 4179 congregare.
872 4102 1006 4160 illos
1051 4103 1152 4178 qui
1186 4103 1248 4159 in
1294 4101 1452 4160 bono
1487 4100 1744 4160 naturali
1777 4108 1946 4176 sunt,
2009 4099 2358 4177 intelligitur

246 4215 349 4274 per
391 4205 626 4262 mittere
676 4204 1009 4279 piscatores
1061 4204 1161 4277 qui
1207 4200 1603 4276 piscabuntur
1650 4201 1818 4279 illos;
1887 4209 1948 4262 et
1994 4218 2357 4281 congregare
