2791 4778
511 406 619 458 212
932 393 1422 449 APOCALYPSIS
1481 393 1911 453 EXPLICATA.
1969 396 2013 463 ὖ.
2060 404 2177 458 364.

516 555 730 613 9868.
786 552 973 611 9905
1000 572 1016 628 3
1077 558 1137 609 et
1187 550 1346 628 quod
1393 552 1531 610 inde
1579 549 1900 627 Responsa
1947 551 2088 609 data
2131 552 2239 609 sint
2279 566 2369 626 per
2401 548 2533 607 Lucis

514 653 956 734 variegationes
996 659 1054 711 et
1091 651 1714 728 exsplendescentiaS,
1757 657 1817 709 et
1854 651 2030 709 simul
2065 668 2169 727 per
2200 652 2407 709 tacitam
2430 665 2533 724 per·

507 755 872 829 ceptionem,
929 751 1024 810 vel
1069 768 1179 827 per
1228 753 1426 809 vivam
1470 769 1682 810 vocem
1725 769 1759 810 e
1808 749 2013 826 Coelo,
2065 770 2128 808 n:
2184 752 2379 810 3862:
2424 746 2537 824 quod

511 851 761 912 Colores
825 859 1109 928 quantum
1171 852 1412 910 trahunt
1477 869 1552 910 ex
1614 851 1793 910 rubro
1856 850 2185 928 significent
2239 850 2449 917 bonum,
2498 851 2538 905 et

509 960 794 1029 quantum
831 970 903 1011 ex
941 950 1191 1010 candido
1227 968 1453 1025 verum,
1492 970 1561 1010 n:
1607 953 1793 1010 9467
1820 972 1833 1009 ε
1889 952 1963 1011 de
2016 951 2178 1009 Luce
2215 950 2385 1023 Coeli,
2427 945 2537 1005 unde

393 1131 399 1136 ,
509 1059 568 1112 et
606 1053 774 1130 quid,
814 1052 1089 1110 videatur
1124 1051 1183 1108 in
1222 1049 1425 1127 Opere
1464 1051 1538 1110 de
1577 1050 1787 1111 Coeno
1830 1070 1908 1110 m*
1944 1051 2217 1110 INFEnNo
2250 1068 2313 1107 n:
2353 1050 2459 1105 126
2488 1042 2540 1103 ad

516 1156 673 1212 140.
719 1154 880 1211 275.
968 1152 1295 1210 Praeterea
1331 1151 1635 1210 sciendum
1691 1158 1813 1225 est,
1870 1151 2029 1227 quod
2071 1150 2245 1209 Color
2275 1148 2541 1206 rubertum

505 1253 798 1329 significet
829 1252 1005 1328 quale
1042 1252 1129 1309 rei
1167 1250 1362 1326 quoad
1399 1250 1651 1324 bonum,
1707 1258 1833 1308 tum
1888 1251 2064 1326 quale
2114 1252 2203 1308 rei
2248 1247 2419 1325 quoad
2451 1262 2541 1304 ma·

505 1353 659 1428 lum3
717 1353 914 1410 existit
953 1353 1107 1409 enim
1142 1351 1244 1409 ille
1282 1350 1461 1410 Color
1500 1369 1572 1410 ex
1610 1350 1774 1410 Luce
1810 1352 2109 1424 flammea,
2168 1366 2313 1426 quae
2345 1348 2454 1405 Lux
2479 1348 2541 1403 est

507 1473 579 1511 ox
619 1452 758 1512 Sole
797 1452 965 1511 Coeli
997 1451 1108 1525 ibi,
1164 1457 1229 1509 ut
1265 1467 1452 1526 supra
1488 1451 1708 1510 dietum
1747 1458 1866 1525 est,
1925 1457 1984 1509 et
2019 1468 2256 1527 quoque
2306 1448 2474 1507 existit
2498 1460 2548 1502 ex

501 1552 777 1611 flammeo
814 1554 872 1609 in
908 1551 1166 1620 inferno,
1222 1550 1378 1626 quod
1419 1557 1511 1609 est
1547 1569 1620 1610 ex
1656 1552 1792 1627 igne
1826 1552 1947 1621 ibi,
1998 1552 2100 1627 qui
2137 1553 2286 1627 ignis
2321 1553 2401 1607 est
2429 1544 2547 1603 simi·

500 1653 575 1711 lis
615 1654 739 1728 igni
775 1651 1157 1725 carbonari03
1212 1650 1350 1709 inde
1384 1649 1629 1708 rubrum
1678 1653 1736 1708 in
1784 1650 1967 1710 Coelo
2020 1655 2112 1709 est
2169 1664 2399 1725 prorsus
2438 1641 2550 1703 aliud

500 1753 774 1819 rubrum,
817 1768 991 1826 quam
1022 1751 1262 1809 rubrum
1299 1752 1361 1808 in
1395 1751 1623 1808 inferno
1636 1770 1651 1825 3
1690 1751 1939 1810 rubrum
1974 1752 2033 1808 in
2064 1749 2249 1809 Coelo
2287 1753 2370 1805 est
2399 1743 2551 1821 splen·

503 1851 706 1909 didum
762 1856 822 1906 et
872 1852 1102 1923 vivum,
1163 1850 1411 1908 rubrum
1446 1857 1646 1909 autem
1680 1853 1743 1909 in
1784 1851 2012 1909 inferno
2063 1856 2158 1909 est
2202 1854 2347 1908 tetre
2390 1844 2553 1905 obscu-

501 1968 632 2008 rum
671 1954 731 2008 et
772 1956 1099 2023 mortuum,
1158 1952 1338 2008 etiam
1382 1950 1626 2008 rubrum
1682 1949 1852 2009 Coeli
1902 1950 2199 2024 vivificat,
2269 1954 2328 2006 at
2372 1944 2559 2004 rubrum

498 2050 713 2108 inferni
770 2048 1110 2107 mortificat:
1180 2066 1365 2107 eausa
1436 2057 1558 2122 est,
1629 2052 1769 2123 quia
1824 2051 1977 2125 ignis
2046 2067 2116 2107 ex
2175 2065 2295 2125 qua
2352 2045 2557 2114 rubrum,

501 2151 688 2209 estin
722 2166 834 2208 sua
885 2150 1108 2225 origine
1157 2149 1368 2224 Amor,
1425 2151 1577 2225 ignis
1627 2149 1908 2208 eoelestis
1956 2154 2048 2207 est
2102 2166 2180 2207 ex
2229 2162 2418 2206 amore
2457 2157 2557 2201 eoe-

495 2252 667 2324 lesti,
735 2256 795 2307 et
839 2252 991 2325 ignis
1036 2247 1342 2307 infernalis
1393 2256 1485 2307 est
1543 2267 1617 2308 ex
1677 2267 1877 2308 amore
1939 2248 2253 2320 infernali,
2327 2245 2451 2303 inde
2499 2244 2563 2300 est

459 2350 463 2354 ’
496 2350 657 2434 quod
691 2352 843 2427 ignis
880 2352 940 2408 in
977 2348 1179 2408 Verbo
1217 2349 1515 2425 significet
1554 2348 1836 2409 Amorem
1870 2350 1930 2407 in
1968 2354 2229 2424 utroque
2266 2362 2466 2417 sensu,
2496 2341 2564 2401 vi·

499 2453 711 2511 deatur
736 2469 793 2509 n:
837 2452 1050 2509 4906.
1099 2451 1308 2509 5071.
1354 2451 1568 2508 5215.
1613 2451 1821 2510 6314.
1856 2451 2066 2507 6832.
2106 2445 2562 2515 7575.10747;

500 2554 638 2611 etin
665 2550 864 2627 Opere
891 2550 962 2608 de
1001 2549 1211 2608 Coeno
1241 2566 1317 2608 ΕΤ
1346 2549 1622 2608 INFssnNo
1649 2569 1717 2609 n:
1765 2550 1924 2607 134.
1967 2550 2102 2609 566
2138 2548 2216 2606 ad
2249 2549 2419 2620 575;
2454 2558 2567 2621 qua·

497 2658 744 2727 propter
778 2650 1021 2708 rubrum
1056 2650 1192 2708 inde
1232 2651 1495 2708 existens
1532 2650 1830 2725 signifieat
1867 2649 2043 2724 quale
2098 2650 2319 2706 amoris
2352 2651 2409 2705 in
2442 2651 2567 2703 utro·

499 2767 616 2826 que
653 2766 866 2808 sensu:
920 2750 1116 2807 rufum
1153 2751 1330 2808 etiam
1366 2749 1507 2822 hoe,
1548 2765 1659 2808 seu
1693 2750 1888 2808 rusum
1924 2748 2105 2825 hujus
2141 2749 2326 2824 Equi,
2380 2749 2436 2806 in
2463 2745 2569 2803 Lin-

300 2861 460 2924 [486]
500 2866 618 2926 gua
671 2847 905 2907 Graeca
952 2849 1225 2924 originali
1276 2848 1493 2908 dieitur
1542 2865 1617 2907 ex
1662 2851 1832 2926 igne=
1904 2865 1981 2907 ex
2030 2847 2153 2923 hie,
2210 2855 2271 2907 et
2319 2845 2486 2907 simul
2519 2858 2569 2900 ex

500 2949 898 3023 descriptione
944 2948 1121 3024 hujus
1157 2949 1313 3024 Equi
1346 2951 1407 3006 in
1442 2949 1556 3006 hoe
1590 2948 1823 3018 Versu,
1876 2955 2070 3030 patet,
2127 2947 2292 3008 unde
2333 2954 2424 3008 est
2457 2937 2575 3021 quod

496 3046 705 3123 Equus
756 3047 922 3105 rusus
976 3048 1268 3123 significet
1319 3047 1690 3107 intellectum
1751 3048 1942 3107 Verbi
1994 3047 2376 3123 deperditum
2420 3038 2572 3123 quoad

497 3149 737 3206 bonum.
809 3146 984 3222 Quod
1036 3148 1243 3223 Equus
1292 3147 1590 3224 significet
1646 3147 1871 3223 aliquid
1918 3149 2037 3218 rei,
2102 3156 2383 3208 constare
2418 3144 2577 3226 potest

497 3247 811 3307 manifeste
858 3264 930 3305 ex
984 3264 1085 3320 eo,
1160 3247 1318 3322 quod
1378 3248 1534 3322 Equi
1587 3249 1702 3306 visi
1752 3251 1871 3306 sint
1920 3249 2155 3322 quando
2209 3254 2426 3324 aperta
2472 3246 2574 3303 sunt

497 3347 728 3424 sigilla,
783 3363 851 3405 ac
890 3348 1102 3407 dieitur
1147 3348 1306 3422 quod
1352 3349 1672 3423 exiverint,
1730 3364 1848 3405 non
1887 3349 2042 3406 enim
2088 3353 2421 3424 potuerunt
2462 3340 2579 3418 Equi

497 3450 661 3508 exire
713 3465 787 3507 ex
834 3447 1049 3521 Libro,
1113 3446 1222 3505 sed
1271 3446 1642 3505 manifestari
1690 3446 1831 3506 illae
1885 3463 1983 3504 res
2034 3464 2188 3523 quae
2246 3465 2364 3524 per
2415 3447 2577 3521 Equos

495 3548 933 3625 significantur:
1003 3546 1162 3623 quod
1212 3548 1418 3622 Equus
1482 3547 1773 3623 significet
1826 3545 2255 3622 intellectuale,
2341 3554 2407 3606 et
2456 3542 2581 3605 color

496 3650 674 3725 quale
713 3647 871 3723 ejus,
926 3647 1002 3705 ab
1041 3648 1409 3722 experientia
1456 3648 1828 3705 notissimum
1881 3646 2026 3704 mihi
2060 3646 2280 3704 sactum
2320 3653 2449 3721 est3
2497 3637 2582 3698 visi

497 3751 650 3805 enim
687 3747 831 3804 mihi
865 3752 1002 3804 sunt
1038 3749 1284 3821 spiritus
1322 3746 1674 3821 aliquotieS,
1733 3748 1835 3821 qui
1870 3745 1943 3804 de
1980 3746 2183 3821 aliqua
2216 3763 2283 3805 re
2322 3763 2402 3805 ex
2437 3739 2583 3803 intel·

494 3843 658 3904 lectu
709 3844 979 3903 meditati
1022 3853 1194 3919 sunt,
1252 3845 1411 3921 quod
1452 3848 1851 3921 equitaverint
1895 3862 2079 3921 super
2118 3848 2323 3921 equis»,
2382 3852 2445 3904 et
2479 3854 2584 3903 eum

494 3942 631 4002 illos
669 3945 1092 4018 interrogarem
1131 3960 1270 3999 num
1306 3946 1734 4018 equitaverint,
1790 3945 2065 4004 dixerunt
2100 3944 2259 4021 quod
2294 3963 2457 4019 non,
2505 3935 2588 4001 sed

498 4041 658 4118 quod
694 4044 970 4100 steterint
1004 4040 1411 4099 meditabundi
1450 4043 1523 4102 de
1573 4046 1777 4121 aliqua
1827 4062 1926 4120 re3
1995 4044 2132 4102 inde
2167 4046 2395 4120 patuit,
2458 4034 2588 4121 quod

497 4143 787 4217 equitatio
823 4157 1004 4216 super
1042 4148 1194 4216 equo
1222 4141 1400 4200 fuerit
1431 4148 1785 4220 apparentia
1810 4150 2271 4221 repraesentans
2300 4142 2589 4220 operatio·

494 4260 627 4300 nom
666 4240 1005 4300 intellectus
1048 4258 1284 4301 eorum:
1342 4250 1434 4302 est
1479 4261 1717 4320 quoque
1770 4244 1974 4319 loeus,
2035 4220 2135 4320 qui
2173 4249 2430 4302 vocatur
2468 4255 2588 4301 con·
