2791 4778
460 355 568 408 386
903 342 1389 398 APOCALYPSIS
1432 342 1866 401 EXPLIOATA.
1933 345 1982 412 §0
2017 353 2144 407 401.
2184 383 2191 386 ,

458 515 581 578 tur,
635 505 930 564 Dominus
970 505 1123 561 enim
1162 507 1413 579 apparet
1446 501 1566 561 illis
1605 505 1706 578 qui
1742 503 1805 560 in
1828 502 1985 561 bono
2022 504 2237 561 amoris
2274 504 2335 560 in
2359 502 2550 579 Ipsum

455 611 596 666 sunt
630 611 698 662 ut
733 602 868 677 Sol,
910 609 970 663 et
1004 603 1121 662 illis
1160 605 1260 680 qui
1292 605 1353 661 in
1398 605 1559 662 veris
1598 621 1672 660 ex
1706 603 1865 662 bono
1900 603 2206 662 charitatis
2240 620 2385 679 erga
2418 620 2548 679 pro-

452 708 675 766 ximum
729 711 794 762 ut
846 703 1048 778 Luna,
1112 704 1250 764 inde
1300 722 1410 781 per
1452 702 1653 762 Solem
1716 709 1884 761 tuum
1932 704 2303 781 significatur
2349 704 2551 762 bonum

455 808 673 867 amoris
709 806 770 862 in
805 804 1153 876 Dominum,
1217 813 1277 863 et
1326 822 1438 880 per
1488 804 1717 862 Lunam
1758 811 1920 862 tuam
1969 804 2192 863 bonum
2244 804 2550 877 charitatis

457 907 619 983 quod
651 908 712 964 in
748 921 860 963 sua
897 906 1160 964 essentia
1210 911 1302 962 est
1337 905 1564 963 Verum
1605 922 1679 962 ex
1725 905 1913 979 bon03
1971 905 2130 980 quod
2164 907 2224 963 in
2262 913 2552 963 aeternum

457 1013 630 1067 erunt
670 1009 730 1064 in
766 1007 925 1063 veris
964 1022 1038 1063 ex
1072 1004 1227 1063 bono
1266 1007 1485 1064 amoris
1537 1011 1598 1063 et
1642 1007 1703 1063 in
1736 1006 1896 1063 veris
1930 1022 2007 1063 ex
2044 1005 2205 1064 bono
2242 1006 2546 1080 charitatis,

453 1105 805 1184 intelligitur
845 1122 961 1181 ¹per
1004 1104 1161 1186 quod
1212 1104 1495 1164 Jehovah
1531 1106 1644 1164 erit
1678 1106 1784 1163 tibi
1821 1106 1882 1163 in
1933 1104 2128 1164 lucem
2178 1107 2548 1173 aeternitati&

457 1215 519 1268 et
556 1208 713 1285 qnod
747 1206 1155 1282 implebuntur
1201 1205 1329 1264 dies
1382 1204 1581 1264 luctus
1632 1208 1747 1277 tui,
1803 1206 1908 1264 lux
1944 1209 2322 1264 aeternitatis
2355 1206 2547 1263 dicitur

455 1308 528 1367 de
564 1308 682 1366 illis
721 1308 823 1382 qui
858 1308 918 1363 in
946 1305 1100 1363 bono
1138 1309 1355 1365 amoris
1385 1308 1444 1363 in
1471 1307 1792 1365 Dominum
1828 1313 1996 1379 sunt,
2037 1312 2097 1365 et
2133 1307 2400 1383 impletio
2433 1305 2547 1363 die-

454 1425 582 1466 rum
619 1407 816 1465 luctus
853 1406 926 1464 de
953 1405 1081 1464 illis
1120 1407 1223 1480 qui
1257 1409 1316 1464 in
1355 1406 1513 1465 bono
1553 1406 1858 1466 charitatis
1897 1424 2041 1483 erga
2076 1410 2413 1482 proximum
2453 1422 2549 1464 seu

452 1511 514 1566 in
559 1509 716 1565 veris
768 1523 840 1564 ex
890 1506 1079 1574 bono,
1138 1505 1338 1565 luctus
1394 1509 1547 1564 enim
1597 1507 1759 1583 apud
1807 1507 1944 1566 illos
1993 1510 2096 1583 qui
2153 1508 2227 1565 ab
2282 1506 2546 1566 Ecclesiis

452 1608 733 1682 Ant-iqnis
782 1606 1046 1678 suerunt,
1116 1607 1615 1682 repraesentabat
1669 1607 1933 1666 dolorem
1985 1614 2235 1683 propter
2284 1608 2547 1666 amissum

450 1725 559 1767 seu
601 1705 973 1782 deperditum
1017 1722 1226 1764 verum
1270 1714 1329 1765 et
1380 1707 1636 1783 bonum,
1690 1707 1852 1784 quod
1896 1707 2303 1785 implebuntur
2341 1705 2545 1783 signifi-

452 1812 550 1866 eat
585 1806 743 1883 quod
782 1804 1087 1879 finientur,
1165 1814 1225 1865 et
1266 1810 1354 1866 sic
1393 1807 1556 1884 quod
1589 1809 1648 1866 in
1696 1811 1861 1867 veris>
1897 1826 1970 1867 ex
2005 1808 2163 1868 baono
2205 1815 2396 1866 erunt.
2466 1807 2545 1864 Ex

450 1907 543 1964 his
581 1912 855 1965 constare
891 1912 1119 1982 potest,
1187 1908 1329 1984 quid
1367 1908 1737 1985 significatur
1768 1927 1879 1985 per
1916 1909 2073 1984 quod
2114 1907 2220 1969 Sol
2261 1909 2446 1966 sactus
2481 1908 2549 1965 sit

452 2009 609 2065 sicut
644 2024 857 2065 saccus
894 2007 1192 2081 cilicinus,
1260 2015 1320 2066 et
1354 2009 1528 2070 Luna
1563 2009 1725 2067 facta
1772 2011 1850 2067 sit
1886 2011 2043 2067 sicut
2078 2011 2354 2086 sanguiS‚
2407 2006 2548 2083 quod

451 2124 665 2184 nempe
717 2107 934 2165 bonum
985 2109 1204 2167 amoris
1254 2109 1314 2166 in
1356 2109 1676 2197 Dominum
1726 2109 2095 2185 disparatum
2150 2112 2257 2182 sit,
2325 2117 2387 2168 et
2426 2107 2549 2167 inde

449 2226 657 2292 verum
695 2207 1067 2266 falsificatum
1078 2228 1093 2282 3
1154 2199 1371 2266 similia
1406 2226 1600 2285 paene
1636 2210 2041 2285 significantur
2075 2213 2136 2269 in
2172 2209 2549 2286 sequentibus

448 2308 543 2369 his
579 2309 756 2384 locis3
840 2307 999 2385 apud
1034 2309 1277 2385 Esajam
1332 2308 1557 2384 „Eece
1598 2308 1739 2369 dies
1774 2308 2053 2371 Jehovae
2101 2309 2272 2370 venit
2315 2325 2548 2383 saeva-9,

450 2415 509 2469 et
567 2408 1039 2488 indiynationis
1101 2415 1161 2468 et
1215 2410 1771 2470 emeandeseentiae
1828 2412 1997 2488 irae,
2059 2411 2150 2472 ad
2198 2408 2549 2490 ponendum

451 2515 689 2572 terram
739 2510 808 2570 in
860 2509 1251 2584 vastitatem,
1330 2517 1390 2571 et
1434 2516 1796 2589 peccatores
1847 2513 2001 2594 ejus
2024 2511 2263 2592 perdat
2309 2530 2391 2573 eoe
2445 2529 2548 2581 ea;

450 2629 600 2672 nam
626 2608 846 2671 stellae
886 2608 1194 2672 coetorum
1227 2616 1287 2670 et
1319 2611 1541 2672 sidera
1576 2630 1789 2672 eorum
1823 2631 1948 2672 non
1986 2610 2192 2676 lucent
2226 2609 2362 2672 luce
2398 2628 2550 2681 sum

450 2712 879 2772 obtenebratur
917 2709 1032 2772 Sol
1066 2713 1136 2772 in
1170 2718 1316 2774 ortu
1357 2730 1502 2788 sub,
1565 2717 1624 2772 et
1664 2711 1859 2774 Luna
1894 2733 2020 2773 non
2053 2711 2377 2792 splendere
2390 2711 2550 2793 facit

449 2808 660 2871 lumen
713 2829 902 2871 suum
924 2833 944 2872 .·
1012 2812 1282 2873 visitabo
1333 2832 1524 2891 super
1576 2812 1782 2873 orbem
1833 2811 2192 2889 malitiam,
2263 2820 2324 2873 et
2379 2830 2549 2893 super

359 2954 370 2959 -
448 2909 694 2990 impios·
723 2910 1127 2988 iniquitatem
1161 2916 1422 2973 eorum“
1469 2913 1656 2973 XIII:
1702 2915 1760 2971 9.
1811 2916 1917 2973 10.
1960 2918 2070 2988 113
2110 2933 2219 2991 per
2250 2915 2406 2975 diem
2440 2914 2544 2974 Je-

341 2995 346 3000 ’
448 3009 641 3069 hovae
678 3025 956 3084 saevum,
1012 3012 1431 3090 indignationis
1470 3020 1531 3073 et
1566 3014 2102 3074 excand‘escentiae
2137 3017 2284 3091 irae,
2330 3012 2540 3092 signifi-

453 3115 625 3168 catur
661 3109 787 3168 dies
824 3110 1013 3170 ultimi
1050 3113 1303 3190 Judicii3
1339 3132 1455 3192 per
1492 3114 1651 3192 quod
1685 3114 1900 3177 stellae
1938 3115 2238 3174 coelorum
2278 3124 2339 3176 et
2365 3115 2541 3175 sidera

450 3226 654 3269 eorum
691 3227 809 3268 non
845 3210 1085 3271 luceant
1117 3214 1252 3273 luce
1289 3232 1430 3288 sua,
1498 3214 1924 3274 obtenebretur
1979 3215 2084 3275 Sol
2130 3218 2193 3275 in
2244 3233 2356 3277 suo
2404 3219 2536 3286 ortu,

454 3316 516 3369 et
547 3311 868 3370 Lunanon
906 3313 1223 3391 splendere
1270 3316 1451 3374 faciat
1495 3316 1692 3375 lucem
1728 3332 1933 3389 suam,
1997 3317 2367 3392 significatur
2401 3310 2538 3392 quod

448 3415 737 3489 perierint
772 3416 1135 3490 cognitiones
1171 3415 1312 3473 boni
1349 3422 1409 3473 et
1443 3419 1597 3492 veri,
1654 3423 1777 3475 tum
1812 3415 2032 3487 bonum
2077 3420 2299 3477 amoris
2333 3420 2394 3476 in
2424 3415 2534 3475 Do·

443 3516 704 3590 minum,
770 3521 829 3574 et
867 3515 1087 3574 bonum
1124 3515 1431 3580 charitatis
1479 3534 1623 3593 erga
1656 3519 2026 3594 proximum,
2083 3524 2142 3577 et
2176 3518 2315 3578 inde
2352 3529 2536 3577 verum

452 3615 610 3690 qnod
671 3632 876 3674 verum
938 3615 1077 3674 fidei
1135 3623 1418 3689 vocatur,
1490 3635 1602 3694 per
1664 3618 1870 3676 stellas
1936 3620 2091 3678 enim
2153 3619 2537 3696 significantur

449 3717 817 3790 cognitiones
843 3716 1009 3791 boni,
1049 3736 1159 3794 per
1193 3717 1392 3776 sidera
1437 3719 1804 3794 cognitiones
1839 3722 1996 3792 veri,
2054 3734 2164 3796 per
2202 3719 2404 3779 Solem
2439 3716 2537 3774 bo-

443 3830 591 3873 num
630 3819 849 3875 amoris
878 3818 938 3875 in
973 3817 1311 3893 Dominum,
1371 3823 1431 3877 et
1456 3836 1565 3895 per
1586 3817 1785 3877 lunam
1812 3818 2034 3877 bonum
2073 3819 2380 3879 charitatis
2415 3828 2540 3891 erga

449 3917 813 3990 proximum,
871 3917 1029 3992 quod
1065 3920 1125 3976 in
1161 3936 1272 3977 sna
1307 3921 1569 3978 essentia
1607 3925 1699 3977 est
1733 3936 1941 3977 verum
1990 3937 2063 3978 ex
2106 3919 2295 3992 bone,
2351 3925 2409 3978 et
2440 3932 2538 3974 vo-

250 4026 410 4088 [ooo]
450 4021 644 4070 catur
670 4033 875 4073 verum
929 4016 1093 4086 fidei3
1163 4016 1268 4075 Sol
1320 4017 1534 4079 dieitur
1587 4018 1964 4078 obtenebrari
2018 4022 2079 4078 in
2125 4028 2260 4078 ortu
2312 4036 2444 4088 suo,
2490 4016 2542 4073 et

449 4108 623 4165 Luna
670 4127 787 4174 non
837 4111 1154 4184 splendere
1200 4113 1401 4172 facere
1458 4118 1650 4177 lucem
1701 4134 1900 4193 suam,
1973 4137 2091 4178 non
2138 4121 2298 4195 quod
2344 4118 2445 4179 Sol
2489 4118 2540 4173 οἱ

449 4201 622 4258 Luna
654 4204 714 4259 in
750 4204 949 4264 Caelis
984 4207 1289 4282 Angelicis
1342 4211 1795 4290 obtenebretur,
1862 4235 1999 4278 nam
2048 4218 2152 4279 Sol
2188 4220 2272 4280 ibi
2318 4228 2540 4293 semper
