2791 4778
2692 72 2693 119 l

377 341 524 395 2330
819 327 1311 385 APOCALYPSIS
1354 327 1792 387 EXPLchTA.
1856 328 1903 395 §.
1946 336 2073 390 388·
2692 290 2693 379 ξ

414 489 573 569 quod
628 490 805 548 etiam
850 487 1118 546 Verbum
1164 490 1225 546 in
1277 487 1479 549 Caelis
1522 490 1625 562 sit,
1685 494 1745 547 et
1801 485 1865 546 id
1910 487 2241 567 secundum
2293 503 2532 548 sensum
2652 428 2694 585 ξ

412 594 746 657 internum,
798 588 1075 647 videatur
1108 591 1168 647 in
1192 587 1410 670 ¹Opere
1446 588 1519 646 de
1559 587 1767 648 Coeno
1805 607 1881 646 m·
1917 588 2222 647 Iun-mmo·
2245 606 2316 647 n:
2373 590 2532 648 259.

418 691 580 749 260.
626 692 788 748 261.
859 688 1037 765 Apud
1075 689 1344 751 Eundem
1381 685 1742 764 „Pluviam
1785 686 2354 749 benevolentiarum
2389 685 2531 749 stil-

413 788 549 852 lare
577 788 762 870 sacis
796 787 1014 860 Deus,
1069 788 1521 850 haereditatem
1552 796 1733 850 tuam
1775 787 2162 849 laborantem
2197 789 2533 870 confirma-

411 890 554 963 bis;
577 890 732 971 fera
772 896 885 951 tua
920 889 1294 951 habitabunt
1325 890 1397 949 in
1435 892 1556 950 ea“
1608 890 1844 948 Psalm:
1893 885 2196 948 LXVIII:
2263 892 2370 948 10.
2419 893 2535 963 11;

410 992 508 1051 hic
545 1008 783 1072 quoque
820 992 947 1050 fera
983 1008 1094 1051 seu
1133 992 1364 1050 animal
1413 1008 1522 1067 pro
1559 990 1675 1050 illis
1715 994 1816 1068 qui
1854 992 1911 1049 in
1960 990 2378 1049 affectionibus
2414 993 2539 1049 veri

414 1100 476 1153 et
507 1091 648 1152 boni
698 1099 867 1162 sunt,
923 1109 1030 1149 seu
1089 1092 1389 1150 abstracte
1440 1094 1610 1168 ipsae
1650 1092 1786 1151 illae
1826 1091 2169 1150 affectiones
2186 1111 2201 1165 ;
2255 1109 2394 1149 nam
2430 1108 2538 1167 per

412 1193 681 1271 pluviam
718 1192 1266 1252 benevolentiarum
1308 1211 1487 1268 quam
1525 1192 1756 1259 stillare
1794 1194 1933 1252 facit
1975 1193 2177 1265 DeuS‚
2230 1191 2530 1267 signifiea-

413 1301 511 1353 tur
554 1294 835 1352 Divinum
874 1293 1099 1351 Verum
1140 1312 1214 1350 ex
1255 1294 1475 1351 Divino
1512 1293 1714 1368 Bon03
1754 1311 1864 1370 per
1890 1293 2325 1353 haereditatem
2361 1292 2527 1350 labo-

412 1402 643 1454 rantem
680 1411 855 1469 quam
894 1394 1263 1452 confirmabit
1303 1394 1505 1466 DeuS,
1560 1395 1926 1470 significatur
1964 1393 2241 1451 Ecclesia
2281 1410 2440 1468 quae
2478 1394 2534 1450 in

336 1492 342 1503 '
411 1496 627 1553 Divino
665 1494 826 1553 Vero
866 1500 958 1552 ost
996 1494 1192 1569 quoad
1237 1495 1588 1554 Doctrinam
1640 1504 1699 1554 et
1749 1495 1947 1571 quoad
1982 1497 2193 1568 vitam,
2250 1493 2526 1552 haeredi-

412 1604 507 1654 tas
562 1601 654 1655 est
706 1595 980 1654 Ecclesia
1033 1596 1133 1653 ubi
1183 1596 1311 1665 illa,
1379 1613 1537 1676 quae
1586 1596 1867 1654 laborans
1922 1595 2139 1653 dicitur
2202 1613 2277 1653 ex
2341 1594 2531 1653 studio

415 1696 673 1755 faciendi
725 1695 975 1777 b·onum;
1059 1696 1218 1771 quod
1285 1696 1451 1755 serae
1515 1696 1869 1755 habitabunt
1917 1698 1977 1753 in
2024 1694 2160 1766 illa,
2211 1712 2428 1772 nempe
2478 1697 2532 1752 in

413 1796 788 1854 haereditate
842 1812 951 1853 seu
1005 1796 1302 1869 Ecclesia,
1357 1798 1652 1873 significat
1696 1797 1852 1872 quod
1902 1796 2246 1855 affectiones
2299 1797 2428 1853 veri
2477 1800 2535 1852 et

212 1901 379 1964 [563]
420 1896 594 1973 boni3
652 1894 812 1972 quod
848 1914 965 1953 non
1002 1896 1166 1954 aliud
1205 1915 1315 1972 per
1351 1900 1538 1956 seram
1573 1898 1669 1956 hic
1705 1895 2108 1973 intelligatur,
2160 1903 2362 1973 patet,
2422 1912 2537 1953 non

414 2000 568 2057 enim
605 2002 809 2073 potest
843 1996 972 2055 sera
1008 2015 1221 2072 rapax,
1279 1998 1391 2057 hoc
1432 2006 1557 2071 est,
1617 1998 1913 2074 cupiditas
1953 1997 2090 2056 salsi
2127 2003 2187 2055 et
2223 1994 2383 2066 mali,
2420 1995 2531 2055 ha·

412 2097 607 2157 bitare
648 2100 708 2156 in
756 2097 1156 2175 haereditate,
1213 2101 1271 2155 in
1327 2117 1507 2174 quam
1555 2101 1724 2159 Deus
1770 2098 2036 2174 pluviam
2081 2097 2536 2156 benevolentia·

413 2217 543 2257 rum
590 2198 817 2257 stillare
858 2199 1015 2257 facit.
1099 2199 1280 2275 Apud
1316 2200 1661 2258 Hoscheam
1709 2197 1840 2272 „In
1880 2198 1985 2258 die
2018 2195 2135 2259 illo
2163 2198 2414 2278 feriam
2450 2196 2540 2258 il-

415 2297 503 2359 lie
536 2297 774 2379 foedus
824 2317 964 2360 oum
995 2299 1148 2378 fera
1193 2299 1344 2377 ayrz’
1386 2307 1445 2359 et
1485 2318 1625 2360 cam
1666 2319 1780 2359 ave
1831 2297 2166 2370 coelorum,
2229 2307 2289 2360 et
2321 2297 2545 2379 reptili

416 2409 620 2462 terrae
635 2421 660 2471 ‚·
716 2407 774 2460 et
818 2419 1037 2461 arcum
1075 2407 1134 2460 et
1169 2398 1472 2479 yladium
1518 2409 1577 2461 et
1612 2399 1841 2461 bellum
1870 2403 2190 2481 frangam·
2229 2400 2307 2460 de
2352 2408 2545 2475 terra,
2696 2471 2698 2474 ¹

414 2507 475 2561 et
519 2503 742 2563 cubare
787 2501 1042 2582 faciam
1101 2520 1204 2560 eos·
1260 2521 1504 2575 securo,
1596 2508 1655 2562 et
1710 2501 2096 2581 desponsabo
2149 2502 2255 2562 Me
2307 2502 2430 2563 tibi
2477 2502 2545 2563 iu
2653 2445 2688 2660 ς

414 2607 781 2664 aeternum“
825 2603 913 2661 II:
985 2606 1087 2662 18.
1137 2605 1256 2677 193
1324 2602 1474 2661 haec
1514 2603 1670 2662 dicta
1706 2611 1844 2662 sunt
1881 2604 1954 2661 de
1992 2623 2146 2662 nova
2185 2603 2470 2663 Ecclesia
2510 2621 2547 2661 a

414 2705 703 2777 Domin03
762 2711 822 2762 et
857 2722 965 2778 per
1004 2703 1190 2762 seram
1227 2706 1384 2779 agri,
1439 2722 1609 2762 avem
1649 2705 1949 2763 coelorum
1990 2712 2049 2762 et
2088 2704 2302 2780 reptile
2342 2713 2543 2763 terrae

416 2803 607 2861 simile
644 2803 1013 2879 significatur
1051 2804 1207 2879 quod
1244 2823 1354 2879 per
1393 2805 1495 2863 illa
1530 2822 1714 2881 supra
1757 2805 1917 2881 apud
1956 2806 2250 2864 Davidem
2304 2806 2542 2864 Psalm:

419 2902 767 2962 CXLVIII:
818 2909 875 2959 7.
926 2907 1032 2961 10.
1082 2909 1189 2977 11,
1230 2923 1385 2978 quae
1425 2906 1727 2981 explicata
1766 2914 1920 2982 sunt3
1960 2924 2070 2983 per
2105 2906 2317 2965 foedus
2352 2909 2541 2983 signi-

413 3004 627 3061 ficatur
664 3004 1034 3080 conjunctio,
1090 3006 1174 3061 ita
1209 3023 1320 3080 per
1356 3006 1565 3065 foedus
1616 3008 1793 3064 ferire
1832 3007 2200 3082 significatur
2243 3008 2541 3084 conjungi,

414 3104 695 3161 videatur
752 3121 819 3160 n:
879 3104 1038 3162 665.
1086 3106 1246 3164 666.
1296 3108 1507 3165 1023.
1555 3109 1764 3166 1038.
1811 3111 2019 3168 1864.
2069 3111 2277 3167 1996.
2327 3110 2541 3167 2003.

419 3207 631 3263 2021.
683 3206 897 3263 6804.
936 3206 1147 3265 8767.
1187 3209 1399 3266 8778.
1438 3210 1646 3272 9396.
1692 3210 1959 3284 10632;
1998 3210 2298 3267 nonenim
2337 3215 2544 3284 potest

413 3305 694 3365 Jehovah
738 3304 947 3364 foedus
989 3305 1165 3363 ferire
1204 3324 1313 3365 seu
1364 3309 1643 3385 conjungi
1679 3326 1813 3366 cum
1855 3309 2266 3368 affectionibus
2307 3308 2454 3368 mali
2489 3315 2544 3368 et

413 3408 550 3466 falsi
608 3424 717 3466 seu
773 3423 908 3465 cum
955 3406 1377 3482 cupiditatibus
1434 3426 1589 3484 quae
1652 3409 2060 3486 significantur
2107 3428 2217 3487 per
2270 3410 2437 3468 feras
2489 3413 2542 3469 in

412 3510 600 3586 priori
638 3526 855 3582 sensu,
912 3525 982 3567 ac
1021 3509 1077 3564 in
1115 3526 1334 3583 genere
1371 3527 1490 3568 non
1526 3516 1732 3586 potest
1768 3512 1943 3570 ferire
1982 3511 2194 3571 foedus
2230 3511 2538 3583 cumsfera,

413 3627 526 3670 ave
572 3617 633 3668 et
681 3609 908 3685 reptiII,
966 3609 1072 3667 sed
1132 3625 1264 3667 cum
1315 3610 1534 3668 talibus
1588 3628 1743 3686 quae
1805 3611 2213 3688 significantur
2266 3630 2379 3688 per
2428 3612 2540 3681 illa,

413 3710 522 3770 sed
558 3710 874 3768 videantur
919 3710 1073 3768 haec
1118 3711 1355 3784 plenius
1407 3711 1707 3786 explicata
1761 3730 1947 3789 supra
1992 3731 2062 3772 n:
2120 3714 2279 3773 357.
2361 3712 2540 3788 Apud

411 3809 787 3868 Ezechielem
865 3809 1045 3882 „Dio
1105 3810 1197 3870 ad
1254 3809 1663 3871 Pharaonem
1724 3812 1970 3892 Reyem
2019 3812 2306 3892 Aeyypti
2327 3832 2354 3884 ;
2419 3829 2544 3872 ecce

411 3906 671 3969 Asohur
726 3907 968 3968 Gedru-3
1025 3909 1096 3968 in
1138 3909 1417 3980 Libano,
1466 3909 1745 3990 pulchra
1793 3931 1975 3974 ramo
1995 3957 2012 3988 ,
2066 3919 2127 3973 et
2173 3910 2361 3994 sylva
2399 3931 2539 3973 um-

413 4006 602 4066 brosa,
618 4051 636 4082 ‚
699 4015 760 4067 ot
822 4004 962 4065 alta
1017 4006 1369 4068 altitudine
1379 4030 1408 4080 ;
1482 4030 1684 4089 aquae
1740 4032 2007 4074 crescere
2046 4015 2341 4094 fecerunt
2382 4031 2538 4086 eam,

411 4103 584 4161 unde
621 4105 815 4181 facta
849 4110 945 4164 est
982 4102 1264 4165 altitudo
1299 4108 1435 4187 ejus
1470 4129 1636 4189 prae
1675 4115 1963 4175 omnibus
2001 4114 2335 4176 arboribus
2371 4111 2538 4193 ayri,

417 4196 486 4256 in
533 4201 736 4259 ramis
782 4200 921 4281 ejus
973 4200 1393 4281 nidzfloarunt
1444 4226 1657 4271 omnes
1708 4230 1858 4274 avec
1911 4212 2250 4289 coelorum,
2317 4218 2378 4274 et
2430 4211 2540 4275 cub
