2791 4778
483 379 590 432 114
926 366 1419 422 APOCALYPSIS
1463 365 1894 427 EXPLICATA.
1950 367 1996 436 §.
2042 375 2174 429 329.

478 528 773 608 significat
805 526 1292 608 translucentiam
1329 525 1462 602 ejus
1498 543 1534 584 a
1569 524 1788 586 Divino
1824 524 1988 585 Vero
2039 527 2095 584 in
2146 541 2326 584 sensu
2361 528 2594 586 interno

482 648 592 689 seu
620 627 937 705 spirituali,
974 626 1144 685 Deus
1180 625 1428 685 Israelis
1465 631 1561 685 cst
1584 624 1912 684 Dominus:
1953 626 2116 702 quod
2144 625 2302 702 lapis
2330 627 2596 703 sapphiri

480 729 774 808 significet
824 726 1308 808 translucentiam
1361 743 1399 784 a
1441 727 1600 784 veris
1646 726 1926 797 internis,
1975 726 2252 787 videatur
2287 744 2342 784 n:
2385 729 2592 802 94073

481 838 543 888 et
577 828 735 906 quod
768 828 938 888 Deus
972 825 1216 887 Israelis
1252 827 1330 885 sit
1362 826 1656 886 Dominus
1693 826 1890 902 quoad
1922 826 2206 886 Divinum
2231 826 2591 901 Humanum,

483 931 758 989 videatur
792 945 979 1004 supra
1013 946 1079 986 n:
1127 929 1287 985 328.
1338 926 1487 986 Inde
1523 939 1679 985 nunc
1716 933 1916 1004 patet,
1973 928 2133 1003 quod
2168 945 2281 1003 per
2312 928 2596 987 Divinum

410 1095 439 1125 Σ
480 1031 707 1091 Verum
733 1030 956 1089 sactum
984 1030 1063 1087 sit
1087 1027 1299 1086 foedus
1327 1043 1438 1086 seu
1467 1026 1820 1104 conjunctio,
1853 1034 1915 1085 et
1943 1028 2103 1103 quod
2131 1027 2395 1103 Sanguis
2426 1045 2591 1105 spar-

480 1149 584 1193 sus
621 1147 806 1208 super
839 1128 1048 1188 Altare
1085 1134 1145 1186 et
1181 1127 1483 1203 dimidium
1534 1128 1665 1204 ejus
1713 1144 1898 1204 super
1941 1128 2231 1204 populum
2282 1128 2474 1188 suerit
2505 1146 2594 1188 re-

478 1232 987 1310 praesentativum
1050 1229 1213 1305 ejus,
1295 1229 1573 1304 quoniam
1641 1227 1899 1304 Sanguis
1960 1229 2250 1305 significat
2310 1228 2592 1288 Divinum

482 1333 707 1392 Verum
770 1330 1105 1408 procedens
1155 1346 1193 1387 a
1243 1329 1536 1400 Domino,
1603 1335 1664 1387 et
1711 1335 2024 1405 receptum
2085 1329 2161 1387 ab
2213 1328 2489 1406 homine,
2540 1335 2595 1388 ut

479 1451 665 1509 supra
700 1433 914 1491 dictum
956 1437 1065 1490 est.
1143 1428 1317 1506 Quod
1354 1428 1566 1487 foedus
1611 1429 1905 1504 significet
1939 1429 2453 1506 conjunctionem,
2507 1431 2587 1489 vi-

481 1535 693 1593 deatur
752 1550 820 1589 n:
867 1530 1025 1590 665.
1086 1532 1246 1589 666.
1307 1531 1515 1588 1023.
1577 1532 1786 1589 1038.
1855 1532 2060 1589 1864.
2121 1532 2326 1589 1996.
2384 1532 2587 1590 2003.

485 1636 698 1693 2021.
755 1633 965 1692 6804.
1021 1633 1232 1689 8767.
1290 1631 1501 1689 8778.
1560 1631 2082 1690 9396.10632.
2162 1629 2336 1706 Quod
2375 1631 2587 1692 Lexin

481 1735 687 1793 stricto
726 1749 905 1789 sensu
944 1730 1237 1806 significet
1282 1730 1492 1788 decem
1541 1738 1868 1807 praecepta
1921 1731 2219 1808 decalogi,
2281 1736 2340 1790 et
2379 1734 2445 1813 in
2479 1732 2587 1791 lato

480 1850 662 1894 sensu
715 1837 903 1890 totum
940 1831 1234 1904 Verbum,
1288 1832 1374 1889 ita
1427 1830 1931 1890 omne’Divinum
1964 1832 2221 1907 Verum,
2272 1850 2337 1889 n:
2387 1833 2584 1891 2606.

487 1936 696 1994 3382.
743 1932 953 1992 6752.
996 1934 1207 1990 7463.
1253 1935 1465 1991 9417:
1523 1931 1681 2007 quod
1716 1932 1853 1991 inde
1889 1933 2062 1992 Mons
2100 1932 2267 1993 Sinai
2301 1933 2586 2010 significet

483 2034 729 2095 Coe-lum
781 2032 882 2091 ubi
932 2032 1223 2092 Dominus
1275 2049 1348 2089 ex
1386 2030 1520 2108 Quo
1555 2031 1841 2092 Divinum
1875 2033 2135 2108 Verum,
2190 2050 2299 2092 scu
2346 2050 2426 2092 ex
2465 2033 2581 2110 Quo

481 2136 606 2195 Lex
645 2137 703 2194 in
733 2151 915 2193 sensu
943 2135 1147 2191 stricto
1185 2134 1327 2191 etin
1356 2148 1539 2190 sensu
1566 2131 1708 2205 lato,
1748 2152 1816 2192 n:
1863 2136 2075 2193 8399.
2121 2133 2578 2194 8753..8793.

487 2237 697 2298 8805.
745 2236 966 2295 942οε
1021 2239 1082 2291 et
1130 2233 1288 2308 quod
1327 2232 1532 2291 Altare
1567 2233 1748 2292 fuerit
1782 2234 2112 2311 principale
2146 2234 2578 2310 Repraesenta-

477 2341 665 2399 tivum
690 2337 929 2397 Domini
959 2341 1019 2394 et
1046 2333 1256 2394 Cultus
1281 2332 1483 2410 Ipsius
1514 2350 1586 2392 ex
1613 2333 1771 2396 bono
1801 2337 2035 2410 amoris,
2072 2353 2146 2396 n:
2183 2338 2266 2394 92
2288 2338 2342 2394 1.
2383 2337 2571 2396 2777.

485 2442 695 2499 2811.
761 2440 973 2498 4489.
1033 2437 1247 2495 4541.
1308 2436 1519 2495 8935.
1579 2436 1790 2495 8940.
1853 2439 2063 2496 9388.
2121 2439 2332 2496 9389.
2382 2436 2567 2497 9714.

486 2541 697 2599 9963.
762 2540 972 2596 9964.
1038 2536 1297 2594 10123.
1366 2536 1621 2593 10151.
1683 2539 1943 2596 10242.
2008 2539 2263 2596 10245.
2330 2536 2568 2597 10642.
2681 2509 2687 2535 ’

481 2640 774 2714 Quoniam
813 2636 1071 2713 Sanguis
1101 2635 1395 2713 significat
1428 2636 1714 2695 Divinum
1752 2637 1977 2696 Verum
2016 2638 2348 2715 procedens
2390 2657 2428 2696 a
2459 2636 2571 2695 Do-

480 2741 671 2809 mino,
712 2754 781 2796 ac
818 2745 1121 2813 receptum
1161 2738 1235 2797 ab
1272 2737 1544 2811 homine,
1601 2737 1758 2796 unde
1797 2739 2162 2816 conjunctio,
2203 2738 2335 2798 ideo
2377 2738 2570 2806 omnia,

483 2855 639 2916 quae
689 2841 1204 2913 repraesentativa
1255 2845 1459 2897 essent
1500 2838 1853 2897 Divinorum
1901 2839 2347 2915 procedentium
2389 2857 2427 2898 a
2458 2837 2571 2896 Do-

481 2941 671 3012 mine,
726 2956 881 3021 quae
919 2947 1210 3000 vocantur
1247 2938 1534 2997 coelestia
1570 2945 1630 2997 et
1664 2940 2028 3016 spiritualia,
2081 2939 2574 3017 inaugurabantur

281 3058 440 3120 [419]
480 3058 591 3119 per
619 3038 830 3101 Oleum
870 3046 930 3100 et
961 3058 1072 3117 per
1102 3039 1488 3116 Sanguinem,
1526 3046 1586 3098 et
1611 3044 1751 3100 tunc
1782 3040 1942 3100 dicta
1975 3046 2116 3098 sunt
2142 3039 2365 3100 Sancta
2374 3060 2393 3116 3
2433 3032 2574 3115 quod

480 3145 978 3219 inaugurarentur
1012 3159 1122 3217 per
1159 3138 1375 3200 Oleum
1426 3145 1486 3196 et
1517 3156 1628 3215 per
1664 3139 2030 3218 Sanguinem
2063 3146 2130 3199 ut
2163 3143 2570 3218 repraesenta-

480 3252 644 3318 rent,
687 3249 815 3301 erat
844 3258 1060 3312 causa,
1100 3242 1241 3317 quia
1276 3255 1386 3315 par
1415 3237 1632 3299 Oleum
1665 3241 2111 3318 significabatur
2144 3241 2427 3301 Divinum
2461 3239 2571 3298 Bo-

478 3364 620 3405 num
653 3345 856 3403 Divini
892 3336 1171 3410 AmoriS,
1221 3346 1279 3398 et
1317 3356 1426 3415 per
1463 3339 1823 3418 Sanguinem
1873 3343 2158 3401 Divinum
2193 3342 2423 3402 Verum
2454 3335 2572 3399 inde

476 3444 836 3524 procedens,
875 3443 1101 3502 Verum
1151 3443 1303 3500 enim
1340 3441 1611 3517 procedit
1660 3460 1736 3502 ex
1768 3443 1970 3502 Bono:
2027 3442 2188 3520 quod
2229 3460 2339 3520 per
2375 3441 2573 3502 Oleum

476 3547 966 3623 inauguratione-s
1015 3547 1075 3600 et
1109 3540 1612 3601 sanctificationes
1661 3543 1857 3602 factae
1893 3544 2141 3614 fuerint,
2201 3542 2496 3602 videbitur
2523 3538 2570 3595 in
2677 3536 2678 3555 ³

479 3643 973 3722 sequentibus-in
1009 3658 1120 3700 suo
1158 3640 1444 3716 Articulo,
1482 3642 1579 3703 hic
1615 3643 1807 3702 solum
1844 3642 2226 3703 memoranda
2260 3649 2401 3703 sunt
2435 3651 2570 3719 quae

477 3764 590 3823 per
626 3745 1019 3818 Sanguinem3
1075 3749 1142 3800 ut
1202 3788 1238 3817 „
1262 3760 1404 3802 cum
1440 3744 1651 3805 sancti
1640 3745 1995 3824 ficarentur
2032 3741 2298 3805 Aharon
2353 3749 2415 3805 et
2453 3732 2570 3823 filii

477 3844 645 3929 qius,
700 3841 867 3922 quod
908 3847 1316 3926 eparyeretur
1368 3844 1643 3925 sanyuis
1692 3863 1882 3924 super
1918 3862 2155 3906 cornua
2189 3841 2475 3917 Altaria,
2522 3837 2569 3895 ei

480 3940 888 4006 circumcirca
932 3940 1200 4016 Altarc,·
1281 3949 1339 4004 et
1402 3964 1591 4025 cuper
1639 3943 1999 4007 Aharonem
2076 3951 2137 4006 ct
2194 3943 2380 4026 filios
2431 3941 2563 4026 qim,

480 4063 787 4124 superque
832 4051 1029 4106 vestes
1066 4047 1336 4106 eorum“
1391 4047 1592 4105 Exod:
1647 4041 1883 4106 XXIX:
1955 4049 2064 4105 12.
2136 4048 2245 4105 16.
2295 4048 2406 4105 20.
2472 4040 2564 4101 21.
2673 4044 2674 4049 ’

480 4147 682 4207 Levit:
722 4146 903 4207 VIII:
948 4149 1059 4207 24.
1117 4144 1364 4223 „Quod
1399 4153 1805 4227 sparyeretur
1838 4144 2128 4227 Sanquis
2163 4152 2395 4228 septem
2427 4136 2562 4204 vici·

479 4248 593 4326 bus
630 4252 777 4311 ante
812 4244 1015 4309 velum
1054 4246 1224 4327 quod
1261 4265 1451 4326 super
1488 4245 1662 4309 Arca
1675 4291 1693 4322 ,
1736 4254 1797 4310 et
1835 4264 2027 4328 super
2059 4264 2297 4310 cornua
2328 4236 2566 4308 Altaria
