2791 4778
418 367 654 423 CAPUT
697 368 1007 425 SEXTUM.
1810 367 1988 425 VERS
2007 390 2020 423 t
2065 379 2119 432 6.
2277 378 2386 431 253

253 533 355 588 nia
404 527 580 588 Coeli
625 534 687 587 et
734 528 1085 599 Ecclesiae,
1138 545 1274 587 nam
1327 528 1617 587 terminus
1665 529 1960 607 significat
2012 530 2211 588 omnia
2251 521 2388 590 illai

253 631 440 707 adipe
480 632 812 689 triticorum
849 630 1030 687 satiat
1066 635 1159 698 te,
1210 630 1508 705 significat
1543 632 1702 689 omni
1736 629 1892 689 bono
1930 632 2151 689 amoris
2189 635 2251 689 et
2284 649 2389 692 sa-

250 733 517 809 pientia,
562 730 751 805 adeps
791 732 946 787 enim
984 730 1278 805 significat
1311 729 1533 789 bonum
1570 732 1823 802 amoris,
1871 736 1931 789 ct
1964 732 2227 790 triticum
2259 730 2392 792 o'm-

249 835 353 891 nia
393 849 561 907 quae
601 848 675 890 ex
708 828 846 898 illo,
895 846 1049 904 quae
1101 831 1243 907 quia
1292 848 1368 889 ex
1398 831 1559 889 bono
1607 837 1745 891 sunt
1795 833 1973 889 etiam
2015 830 2175 892 bona
2213 839 2355 892 sunt
2368 855 2386 910 3

254 934 402 1009 quia
443 933 602 990 haec
638 930 1079 1006 significantur,
1126 930 1261 989 ideo
1300 930 1517 990 dicitur
1560 930 1763 1007 adeps>
1787 933 2130 991 triticorum.
2208 933 2393 1010 Apud

247 1033 609 1093 Hoscheam
647 1028 908 1104 „Dixit
945 1027 1231 1090 Jehovah
1272 1029 1363 1091 ad
1394 1030 1803 1110 prophetam,
1859 1031 2061 1093 denuo
2101 1033 2209 1095 abi
2240 1052 2394 1095 ama

247 1130 597 1194 mulierem
647 1138 936 1191 amatam
983 1131 1150 1190 socio
1203 1136 1263 1190 et
1314 1129 1818 1206 adulterantem,
1867 1132 2078 1214 juxta
2113 1153 2394 1196 amorem

249 1232 544 1294 Jehovae
566 1250 723 1310 erqa
738 1228 921 1312 filios
954 1228 1261 1303 Israelis,
1300 1238 1360 1292 et
1384 1231 1457 1292 hi
1477 1231 1883 1311 respicientes
1908 1232 2000 1293 ad
2025 1232 2175 1295 deos
2203 1233 2392 1306 alios,

249 1342 308 1396 et
349 1337 656 1395 amantes
700 1327 965 1411 lagenas
1007 1350 1280 1391 uvarum
1295 1353 1315 1391 .·
1382 1338 1442 1392 et
1482 1333 1848 1411 comparavi
1883 1352 2024 1395 eam
2073 1334 2238 1397 mihi
2277 1355 2392 1416 per

248 1433 625 1515 quindecim
649 1431 919 1512 arqenti,
956 1441 1010 1492 et
1035 1449 1249 1493 corum
1271 1431 1645 1493 hordeorum
1660 1476 1679 1507 ,
1727 1438 1787 1493 et
1820 1434 2193 1497 semim-um
2239 1435 2388 1498 hor-

257 1535 581 1609 deorwm“
613 1532 725 1592 III:
763 1537 820 1591 l.
855 1536 924 1606 23
964 1550 1075 1609 per
1097 1532 1211 1591 hoc
1237 1533 1807 1609 repraesentabatur
1832 1534 2110 1613 Ecclesia
2134 1537 2394 1598 Judaica

270 1643 330 1695 et
380 1633 732 1695 Israelitica
777 1634 970 1709 qualis
1020 1639 1150 1691 erat
1189 1633 1387 1708 quoad
1440 1633 1765 1693 doctrinam
1811 1641 1869 1694 et
1922 1637 2177 1712 cultum,
2232 1637 2393 1714 quod

250 1753 492 1813 nempe
528 1752 640 1811 per
665 1734 1016 1793 traditiones
1045 1749 1232 1792 vanas
1258 1733 1667 1793 falsificaverit
1690 1738 1888 1795 omnia
1912 1735 2118 1811 Verbi,
2149 1739 2391 1798 tametsi

254 1836 317 1897 id
354 1845 435 1895 ut
495 1840 768 1893 sanctum
817 1834 1157 1909 coluerunt3
1210 1834 1425 1893 mulier
1472 1841 1672 1894 amata
1715 1838 1877 1895 socio
1929 1844 1989 1895 et
2043 1836 2389 1898 adulterans

258 1955 452 2014 quam
497 1935 798 2011 propheta
846 1940 1100 2007 amaret,
1168 1933 1461 2010 significat
1505 1935 1834 1994 Ecclesiam
1897 1936 2112 2007 talem,
2178 1938 2391 1999 mulier

254 2037 638 2104 Ecclesiam,
693 2042 892 2093 amata
942 2037 1106 2094 socio
1162 2040 1222 2094 et
1269 2034 1613 2094 adulterans
1649 2036 2123 2096 falsificationem
2161 2041 2291 2098 veri
2328 2045 2391 2099 et

261 2138 774 2198 adulterationem
797 2135 967 2210 boni;
998 2137 1177 2212 juxta
1216 2153 1479 2195 amorem
1508 2135 1782 2195 Jehovae
1821 2124 1965 2212 erga
1998 2136 2153 2197 filios
2187 2138 2389 2198 Israe'·

258 2238 373 2314 lis,
433 2243 495 2295 et
528 2237 590 2294 hi
625 2239 1019 2313 respicientes
1049 2235 1124 2293 ad
1162 2236 1307 2295 deos
1345 2237 1516 2310 aIiOS,
1560 2236 1857 2312 significat
1895 2236 2051 2295 falsa
2086 2237 2387 2298 doctrinae

265 2346 329 2398 et
362 2338 529 2397 mala
563 2337 792 2408 cultus,
825 2337 977 2397 haec
1007 2337 1415 2414 significantur
1448 2354 1558 2414 per
1583 2338 1886 2413 respicere
1917 2336 1993 2395 ad
2021 2335 2165 2397 deos
2203 2337 2384 2414 alios;

275 2446 545 2497 amantes
579 2438 826 2515 lagenas
862 2456 1147 2513 uvarum,
1197 2438 1494 2514 significat
1528 2436 1797 2496 Verbum
1832 2438 1893 2494 in
1929 2437 2058 2497 solo
2094 2454 2279 2497 sensu
2314 2438 2389 2497 li.

169 2601 176 2608 ,
272 2545 475 2611 teme,
528 2557 658 2597 nam
693 2542 898 2597 vinum
945 2539 1240 2615 significat
1286 2556 1432 2597 vera
1479 2537 1781 2596 doctrinae
1830 2555 1905 2597 ex
1938 2538 2175 2614 Verb0,
2230 2555 2386 2598 uvae

270 2640 439 2700 bona
475 2640 600 2715 ejus
658 2657 734 2698 ex
784 2640 998 2716 quibus
1034 2657 1211 2713 vera,
1271 2646 1331 2698 et
1375 2639 1595 2715 lagena
1640 2637 1702 2696 id
1752 2638 1910 2714 quod
1961 2639 2249 2714 continet,
2302 2640 2390 2698 ita

265 2741 544 2800 ultimum
587 2739 776 2799 Verbi
827 2756 1101 2809 sensum,
1162 2742 1262 2815 qui
1300 2745 1393 2798 est
1434 2755 1647 2798 sensus
1682 2739 1895 2800 literae
1907 2780 1952 2815 ‚.
1982 2757 2158 2816 quem
2187 2738 2384 2817 appli—

267 2846 411 2901 cant
457 2842 584 2900 suis
637 2839 806 2899 falsis
858 2848 919 2900 et
967 2840 1171 2917 malis3
1229 2840 1388 2918 quod
1435 2842 1876 2916 comparaverit
1918 2840 2033 2900 sibi
2076 2839 2242 2899 illam
2273 2858 2389 2917 per

271 2941 613 3018 quindecim
650 2942 911 3015 argenti,
968 2940 1264 3018 significat
1300 2942 1515 3017 exiguo
1551 2943 1772 3017 pretio,
1826 2940 2161 3018 quindecim
2195 2943 2384 3019 signi·

261 3043 450 3101 fleant
506 3044 815 3117 exiguum3
889 3058 1065 3101 corus
1119 3041 1480 3101 hordeorum
1528 3048 1588 3099 et
1634 3044 1961 3101 semicorus
2009 3042 2387 3111 hordeorum,

269 3141 569 3219 significat
605 3147 725 3200 tam
761 3159 974 3218 parum
1007 3143 1148 3201 boni
1195 3150 1255 3201 et
1291 3144 1419 3201 veri
1465 3147 1530 3199 ut
1564 3144 1664 3200 vix
1698 3142 1941 3218 aliquid.
2009 3141 2191 3221 Apud
2224 3143 2386 3203 Mat-

260 3243 516 3302 thaeum
580 3239 951 3315 „Johannes
1000 3241 1077 3301 de
1134 3240 1325 3317 Jesu,
1386 3238 1518 3302 nze
1570 3260 1679 3301 vos
1741 3242 2089 3323 baptizabit
2144 3242 2386 3322 spiritu

264 3348 488 3404 saneto
529 3347 586 3401 et
615 3341 642 3400 i
641 3360 790 3421 qne,
835 3342 1016 3425 cujus
1053 3340 1468 3405 ventilabrum
1503 3325 1575 3402 iri
1601 3361 1799 3404 manu
1839 3341 2094 3424 Ipsius,
2150 3347 2210 3401 et
2225 3360 2380 3420 per-
2425 3341 2584 3404 [513]

260 3441 572 3523 puryabit
624 3459 842 3503 aream
892 3444 1104 3517 suam,
1176 3449 1237 3504 et
1287 3439 1544 3522 colliyet
1598 3442 1888 3503 triticum
1947 3442 2019 3501 in
2072 3438 2382 3515 horreum,

258 3540 523 3624 palea-m
560 3546 774 3602 autem
800 3544 1107 3604 comburet
1147 3541 1294 3622 iyne
1332 3539 1902 3622 ineoeetinyuibili“
1942 3539 2067 3599 111:
2113 3542 2143 3597 1
2166 3542 2223 3598 1.
2258 3542 2286 3597 1
2307 3543 2382 3615 23

263 3661 378 3722 per
423 3644 735 3718 baptizare
782 3645 998 3720 spiritu
1045 3650 1253 3703 sancto
1301 3650 1362 3702 et
1399 3646 1569 3720 igne,
1643 3642 2010 3718 significatur
2057 3639 2385 3698 reformare

265 3744 605 3804 Ecclesiam
644 3749 705 3802 et
738 3759 1094 3820 regenerare
1129 3744 1430 3803 hominem
1456 3743 1763 3802 Ecclesiae
1800 3758 1911 3818 per
1943 3740 2227 3802 Divinum
2256 3738 2383 3799 Ve-

265 3863 404 3904 rum
460 3851 523 3903 et
576 3843 860 3902 Divinum
908 3844 1174 3917 Bonum,
1246 3844 1557 3920 baptizare
1611 3843 1906 3919 significat
1948 3842 2275 3901 reformare
2329 3847 2390 3902 et

264 3961 666 4023 regenerare,
732 3946 981 4021 spiritus
1027 3951 1274 4003 sanctus
1318 3945 1604 4003 Divinum
1652 3942 1877 4002 Verum
1924 3943 2257 4020 procedens
2308 3941 2386 4002 ab

265 4045 441 4123 Ipso,
509 4051 570 4104 et
611 4044 769 4120 ignis
815 4045 1103 4104 Divinum
1149 4045 1382 4103 Bonum
1431 4044 1638 4103 Divini
1692 4043 1932 4102 Amoris
1977 4043 2183 4122 Ipsius
2196 4064 2214 4122 3
2274 4060 2388 4122 per

263 4149 529 4206 triticum
570 4144 731 4222 quod
767 4145 1009 4222 colliget
1041 4148 1104 4204 in
1138 4145 1449 4219 horreum,
1489 4151 1549 4203 et
1577 4161 1688 4220 per
1721 4143 1964 4220 paleam
1999 4162 2181 4221 quam
2217 4161 2384 4205 com·

262 4245 442 4306 buret
488 4247 626 4322 igne
660 4245 1156 4324 inexstinguibili,
1213 4243 1584 4323 significatur
1625 4243 1847 4303 bonum
1897 4248 2085 4306 omnis
2120 4245 2385 4321 generis,
