2791 4778
510 361 619 412 378
917 348 1416 406 APOCALYPSIS
1462 324 1891 404 EmecA'rA.
1960 350 2005 418 ς.
2046 357 2163 414 400·
2644 359 2645 414 r

501 513 691 571 fames
731 518 791 568 et
843 515 1039 568 terrae
1079 516 1274 569 motus
1324 511 1383 568 in
1426 511 1609 568 variis
1647 509 1831 585 locis,
1886 509 2230 586 significatur
2273 509 2412 584 quod
2442 525 2530 566 non
2624 423 2646 570 ⁴

502 617 676 671 eruut
715 610 970 686 amplius
1008 611 1165 668 bona
1203 618 1262 669 et
1308 627 1454 668 vera
1503 628 1573 668 ac
1624 613 1990 687 cognitiones
2040 610 2174 668 boni
2210 615 2266 667 et
2306 610 2441 682 veri,
2483 625 2534 667 ac
2646 613 2647 630 ἢ

499 715 586 771 ita
622 711 780 787 quod
818 711 1128 771 Ecclesiae
1158 717 1351 769 status
1389 713 1467 769 sit
1501 718 1764 770 mutatus
1781 757 1798 786 ‚
1839 711 1995 788 quod
2026 717 2115 770 est
2144 717 2325 768 terrae
2356 716 2537 767 motus:

500 814 562 871 in
596 812 690 872 his
731 811 1044 888 Capitibus
1084 811 1248 888 apud
1289 812 1708 888 Evangelistas
1754 812 2171 888 praedicuntur
2218 815 2389 869 status
2433 825 2535 867 suc-

501 915 721 973 cessivi
754 913 1062 972 Ecclesiae
1106 929 1297 988 usque
1333 912 1411 970 ad
1449 915 2018 972 consummationem
2056 913 2202 988 ejus„
2238 909 2334 968 sed
2365 909 2536 967 descri-

503 1014 725 1073 buntur
763 1013 849 1071 illi
893 1031 1003 1090 per
1037 1031 1233 1071 meras
1285 1012 1873 1090 correspondentias‚
1937 1031 2090 1089 quae
2140 1010 2461 1087 explicantur
2495 1011 2539 1066 in

501 1116 782 1175 AucAms
829 1113 1244 1174 Coensswums
1297 1131 1366 1173 n:
1432 1114 1620 1173 3353
1664 1114 1738 1172 ad
1782 1115 1994 1174 3356.
2053 1114 2234 1173 3486
2275 1111 2341 1169 ad
2375 1109 2535 1167 3489.

510 1217 701 1276 3650
743 1216 818 1273 ad
852 1217 1062 1274 3655.
1109 1215 1291 1273 3751
1331 1214 1409 1271 ad
1450 1216 1662 1274 3759.
1709 1217 1892 1273 3897
1938 1215 2015 1273 ad
2057 1215 2263 1273 3901.
2303 1212 2452 1270 4055
2484 1207 2541 1264 ad

505 1318 723 1375 4060.
781 1319 969 1374 4229
1017 1315 1094 1376 ad
1142 1317 1356 1374 4231.
1419 1317 1608 1375 4332
1657 1316 1733 1372 ad
1777 1316 1990 1375 4335.
2052 1317 2235 1374 4422
2279 1312 2346 1370 ad
2381 1312 2540 1368 4424.
2652 1373 2653 1380 ἵ

503 1416 872 1475 Memoratur
925 1417 1103 1474 etiam
1153 1418 1215 1473 in
1274 1415 1509 1490 Verbo,
1576 1417 1736 1491 quod
1787 1424 1983 1475 terrae
2032 1421 2227 1475 motus
2275 1414 2441 1472 factus
2478 1412 2546 1476 sit,

501 1532 635 1575 cum
675 1516 966 1573 Dominus
1009 1533 1230 1592 passus
1276 1523 1367 1575 est
1417 1534 1602 1592 super
1638 1534 1833 1592 cruce,
1875 1523 1934 1575 et
1970 1533 2212 1594 quoque
2240 1531 2359 1573 cum
2390 1508 2543 1585 Ange-

499 1617 597 1676 lus
635 1616 943 1675 descendit
991 1623 1050 1674 et
1086 1616 1349 1675 devolvit
1384 1617 1647 1693 lapidem
1691 1618 1765 1677 ab
1816 1620 1966 1676 ostio
2015 1616 2337 1694 sepulchri,
2396 1618 2548 1685 etpcr

502 1723 820 1793 utrumque
869 1725 1065 1775 terrae
1114 1724 1340 1775 motum
1378 1718 1825 1794 significabatur
1874 1721 2124 1777 mutatio
2172 1723 2353 1776 status
2386 1710 2549 1770 Eccle·
2654 1737 2655 1782 3

502 1820 665 1893 siae3
723 1817 796 1877 de
838 1825 1033 1878 terrae
1082 1825 1247 1876 motu
1301 1836 1438 1877 cum
1490 1818 1781 1878 Dominus
1828 1835 2050 1895 passus
2102 1826 2219 1892 est,
2274 1820 2348 1874 ita
2388 1813 2552 1887 legitur

506 1961 545 1992 „
569 1914 793 1980 Velum
826 1916 896 1978 in
940 1914 1201 1997 Templo
1245 1917 1617 1998 disruptum
1656 1926 1752 1980 est
1792 1919 1863 1979 in
1901 1918 2073 1979 duas
2101 1903 2318 1998 partes
2349 1934 2387 1974 a
2418 1928 2549 1971 eum-

505 2036 607 2077 mo
646 2019 735 2080 ad
790 2019 1020 2091 imum,
1084 2025 1144 2079 et
1193 2024 1367 2079 terra
1412 2024 1721 2080 commota
1754 2026 1877 2095 eet,
1935 2026 1994 2079 et
2037 2027 2259 2100 petrae
2304 2013 2553 2076 discissae

501 2126 690 2181 aunt:
748 2118 1042 2180 Centurio
1078 2125 1136 2179 et
1183 2120 1296 2199 qui
1337 2139 1480 2180 oum
1518 2138 1586 2178 eo
1623 2120 2048 2182 custodientes
2092 2119 2334 2192 Jesum·‚
2384 2110 2553 2173 viden·
2656 2103 2657 2116 ¹

504 2226 598 2283 tes
634 2227 839 2282 terrae
871 2228 1141 2290 motum,
1195 2226 1254 2280 et
1291 2240 1451 2299 quae
1477 2220 1669 2299 faeta
1708 2229 1886 2294 sunt,
1938 2221 2273 2300 perterriti
2300 2221 2431 2277 sunt
2451 2207 2556 2274 val·

503 2323 608 2399 de,
654 2322 957 2398 dicentes,
1009 2340 1224 2382 revera
1264 2320 1404 2381 Dei
1441 2319 1664 2382 Filius
1703 2331 1840 2384 erat
1873 2322 2050 2383 1150«
2091 2322 2305 2382 Matth:
2338 2310 2556 2378 XXVII:

511 2427 620 2485 51.
664 2429 784 2484 54:
842 2432 902 2484 et
937 2424 1009 2482 de
1065 2431 1260 2482 terrae
1299 2432 1487 2493 motu,
1528 2426 1627 2500 qui
1662 2427 1857 2484 factus
1896 2443 2028 2484 cum
2071 2424 2331 2500 Angelus
2357 2420 2556 2476 descen·

501 2526 588 2584 dit
628 2531 687 2584 et
734 2525 997 2585 devolvit
1030 2524 1294 2599 lapidem
1346 2525 1421 2581 ab
1460 2528 1610 2583 ostio
1647 2526 1984 2602 sepulchri,
2041 2528 2129 2584 ita
2164 2527 2367 2600 legitur
2399 2512 2559 2591 „Cam

506 2626 684 2687 venit?
731 2624 957 2687 Maria
1016 2622 1415 2703 Moydalena
1474 2632 1533 2685 et
1585 2623 1790 2686 altera
1826 2625 2051 2689 Maria
2106 2627 2353 2686 visurae
2399 2608 2562 2695 88pr-

506 2726 758 2800 chrum,
814 2733 872 2786 et
907 2745 1038 2786 ecoe
1083 2731 1286 2786 terrae
1322 2731 1535 2786 motus
1560 2728 1789 2805 factus
1824 2735 1918 2788 est
1955 2745 2237 2806 maynus
2249 2744 2274 2796 ;
2331 2712 2562 2796 Anqeltw

505 2825 673 2886 enim
726 2825 1008 2886 Domini
1059 2825 1381 2887 descendit
1427 2846 1459 2885 e
1507 2824 1720 2901 Coelo,
1780 2827 2075 2888 accedens
2128 2822 2389 2887 devolvit
2432 2812 2561 2896 lapi·

505 2925 650 2986 dem
688 2926 765 2985 ab
809 2925 1008 3000 ostio,
1065 2932 1123 2985 et
1161 2926 1328 2986 aedit
1376 2946 1567 3007 super
1605 2926 1765 2987 ἱίἰοῑί
1817 2930 2044 2988 Matth:
2083 2924 2382 2988 XXVIII:
2421 2924 2467 2978 1.
2509 2917 2559 2984 23

502 3026 589 3087 illi
630 3033 827 3085 terrae
865 3034 1059 3084 motus
1098 3028 1240 3086 facti
1278 3035 1443 3101 sunt,
1485 3037 1549 3086 ut
1584 3029 1947 3088 indicaretur
1985 3031 2147 3106 quod
2183 3035 2368 3088 status
2400 3016 2561 3079 Eccle-

507 3130 635 3188 siae
678 3134 816 3185 tunc
852 3134 1117 3185 mutatus
1153 3128 1361 3198 fuerit,
1422 3129 1714 3189 Dominus
1771 3133 1924 3188 enim
1976 3149 2084 3207 per
2137 3131 2395 3189 ultimam
2435 3130 2561 3178 suam

509 3227 952 3299 Tentationmu,
1017 3246 1192 3304 quam
1243 3232 1527 3288 sustinuit
1570 3232 1627 3288 in
1667 3230 2072 3290 Gethscmane
2112 3238 2173 3290 et
2208 3244 2382 3304 super
2411 3231 2560 3284 cruce,

507 3330 654 3388 vicit
686 3329 947 3403 inferna,
1022 3345 1092 3386 ac
1147 3331 1344 3389 omnia
1387 3331 1472 3389 ibi
1511 3337 1571 3388 et
1607 3333 1666 3389 in
1703 3332 1886 3391 coelis
1927 3334 1987 3389 in
2031 3331 2237 3391 ordine
2272 3325 2478 3405 posuit,
2521 3318 2561 3372 et

510 3447 746 3507 quoque
787 3430 1130 3489 Humanum
1170 3446 1344 3488 suum
1381 3430 1767 3507 glorificavit,
1816 3432 1930 3490 hoc
1969 3438 2089 3501 est,
2137 3432 2410 3491 Divinum
2441 3416 2556 3484 fecit,

505 3532 642 3592 ideo
679 3540 873 3591 terrae
917 3538 1112 3589 motus
1153 3530 1348 3589 factus
1388 3539 1508 3604 est,
1568 3539 1627 3591 et
1662 3540 1870 3608 petrae
1909 3532 2199 3592 discissae
2237 3534 2386 3589 sunt.
2433 3509 2561 3595 Quod

510 3632 726 3693 Velum
786 3632 1025 3709 Templi
1088 3631 1421 3707 disruptum
1481 3635 1560 3691 sit
1611 3635 1671 3692 in
1725 3633 1875 3691 duas
1933 3640 2138 3709 parte-s
2188 3650 2224 3691 a
2267 3638 2475 3690 summo
2511 3608 2562 3671 ad

502 3735 715 3811 imum,
755 3733 1129 3811 significabat
1166 3732 1323 3809 quod
1357 3732 1701 3792 Humanum
1738 3750 1914 3792 suum
1948 3734 2234 3793 Divinum
2274 3730 2471 3787 factum
2494 3714 2560 3779 slt,

507 3851 641 3892 nam
686 3838 842 3893 intra
879 3834 1077 3893 velum
1117 3841 1245 3892 erat
1285 3833 1446 3892 Arca
1479 3837 1540 3892 in
1578 3852 1697 3909 qua
1734 3834 2198 3906 Testimonium,
2251 3841 2308 3891 et
2343 3843 2438 3905 per
2471 3816 2559 3875 Τθ·

506 3934 849 3993 stimonium
902 3934 1350 4011 significabatur
1387 3934 1684 3993 Dominus
1724 3936 1921 4010 quoad
1966 3934 2246 3993 Divinum
2280 3928 2559 3992 Humanum

506 4050 715 4106 suum,
770 4041 836 4092 ut
875 4052 1059 4110 supra
1109 4053 1182 4093 n:
1242 4036 1378 4093 392
1427 4043 1734 4095 ostensum
1770 4035 2076 4109 videatur3
2131 4034 2346 4093 Velum
2378 4011 2558 4101 signifi·

508 4132 683 4191 cahat
718 4134 1041 4193 Externum
1078 4133 1420 4204 Ecclesiae,
1475 4136 1634 4213 quod
1682 4136 1844 4212 apud
1880 4135 2151 4196 Judaeos
2188 4141 2246 4193 et
2287 4120 2558 4192 Israelita-⁴³2

508 4230 665 4306 quod
706 4232 929 4291 obtexit
977 4233 1184 4291 oculos
1237 4249 1471 4311 eorum,
1537 4242 1603 4296 ut
1646 4253 1763 4294 non
1812 4236 2083 4297 viderent
2129 4235 2456 4298 Dominum,
2509 4223 2559 4269 ³⁰
