2791 4778
453 347 564 401 430
898 338 1390 394 APOCALYPSIS
1436 337 1874 397 EXPLICATA.
1937 338 1982 405 §.
2026 346 2153 400 405.

455 495 763 557 deductus
819 514 966 557 sum
1011 515 1200 579 super
1250 502 1490 558 terram
1535 493 1816 558 Israelis
1830 541 1849 571 ‚
1930 494 2189 556 demisit
2243 514 2341 555 me
2386 515 2552 577 super

454 602 724 657 montem
765 595 972 658 altum
1020 594 1234 673 valde,
1300 616 1490 677 super
1531 615 1651 675 quo
1700 595 1892 675 quasi
1934 601 2262 657 structura
2305 596 2477 657 urbis
2520 616 2554 658 a

458 695 724 758 meridie
743 701 775 731 ‘⁶
844 699 988 758 XL:
1034 704 1105 774 23
1155 699 1238 758 de
1286 699 1502 776 quibus
1551 703 1768 773 postea
1812 700 1874 756 in
1931 696 2243 773 Capitibus
2283 715 2436 775 quae
2467 714 2551 757 se·

461 805 753 874 quantur,
805 799 1005 858 multis
1043 802 1256 875 agitur.
1341 799 1524 875 Apud
1570 797 1867 856 Davidem
1919 796 2257 876 „Maynus
2297 796 2552 859 Jelzovalt

458 904 519 958 et
552 895 958 960 collaudatus
997 897 1183 959 valde
1216 899 1287 959 in
1329 898 1586 959 civitate
1612 897 1749 957 Dea·
1789 898 2032 972 nostri,
2079 897 2148 957 in
2183 904 2390 958 monte
2420 917 2549 959 san-

260 1003 420 1066 [628]
463 999 712 1060 ebibatis
751 1018 930 1075 suae,
964 998 1231 1079 pulcher
1273 1004 1513 1074 tractu,
1560 996 1879 1078 qaudium
1920 999 2119 1059 totius
2161 1003 2363 1059 terrae
2381 996 2551 1058 Mons

466 1099 719 1174 Zionz's,
764 1098 970 1161 latera
1003 1100 1466 1181 septentrionis,
1520 1099 1752 1159 civitas
1778 1098 1990 1179 Reyis
2015 1098 2261 1178 mayni,
2295 1098 2460 1159 Deus
2481 1098 2547 1159 in

455 1197 736 1279 palatiis
761 1199 898 1281 ejus
921 1207 1128 1273 notuS,
1160 1207 1465 1280 tanquam
1488 1199 1863 1280 refuyium“
1884 1200 2109 1259 Psalm:
2139 1199 2412 1261 XLVIII:
2436 1188 2549 1286 [2.]

474 1304 532 1360 3.
559 1306 620 1376 43
649 1319 759 1376 per
785 1302 934 1361 haec
964 1302 1318 1362 describitur
1347 1301 1542 1360 cultus
1559 1301 1802 1358 Domini
1830 1317 1903 1359 ex
1935 1302 2096 1359 veris
2125 1318 2281 1377 quae
2308 1318 2381 1360 ex
2397 1300 2552 1369 bono:

468 1402 661 1459 cultus
715 1402 915 1479 Ipsius
969 1421 1041 1462 ex
1095 1406 1252 1462 veris
1312 1408 1373 1461 et
1416 1402 1588 1461 bonis
1648 1401 2092 1477 spiritualibuS,
2162 1407 2224 1460 et
2270 1417 2555 1461 amoenum

469 1504 700 1562 animae
737 1504 901 1576 inde,
972 1504 1335 1580 significatur
1371 1520 1482 1579 per
1516 1518 1767 1578 magnus
1806 1508 1900 1561 est
1937 1501 2217 1561 Jehovah
2254 1509 2317 1562 et
2349 1502 2553 1561 collau-

471 1604 646 1663 datus
682 1604 859 1661 valde
900 1606 958 1661 in
999 1606 1237 1662 civitate
1275 1603 1394 1662 Dei
1429 1605 1644 1677 nostri,
1708 1605 1769 1660 in
1804 1609 2002 1662 monte
2039 1605 2374 1662 sanctitatis
2412 1618 2555 1670 suae,

471 1704 723 1780 pulcher
758 1710 980 1777 tractu,
1030 1703 1225 1761 cultus
1263 1702 1616 1780 intelligitur
1650 1721 1759 1779 per
1789 1719 2038 1780 magnus
2076 1720 2215 1762 esse
2254 1711 2315 1763 et
2349 1702 2552 1762 collau-

466 1805 640 1861 datus
680 1803 884 1876 valde,
951 1820 1156 1862 verum
1208 1804 1522 1880 spirituale
1571 1803 1729 1881 quod
1779 1822 1853 1861 ex
1899 1804 2054 1863 bono
2091 1804 2421 1881 spirituali,
2464 1818 2555 1878 per

464 1907 522 1961 in
571 1904 811 1961 civitate
864 1905 982 1962 Dei
1033 1905 1247 1977 nostri,
1310 1922 1480 1962 mons
1532 1906 1866 1963 sanctitatis
1914 1921 2094 1975 suae,
2161 1910 2223 1963 et
2269 1920 2556 1963 amoenum

472 2007 702 2064 animae
768 2004 905 2062 inde
958 2022 1068 2081 per
1128 2004 1379 2081 pulcher
1427 2011 1622 2064 tractu
1637 2023 1652 2080 ;
1736 2005 1928 2064 cultus
1987 2005 2231 2064 Domini
2292 2023 2366 2064 ex
2408 2004 2556 2063 bonis

468 2113 528 2170 et
573 2109 728 2165 veris
767 2105 1164 2180 coelestibus,
1242 2106 1602 2165 describitur
1653 2124 1763 2182 per
1811 2106 2095 2181 gaudium
2144 2108 2328 2165 totius
2365 2113 2554 2176 terrae,

467 2224 636 2265 mons
673 2207 907 2279 ZioniS,
957 2206 1150 2293 latera
1186 2209 1642 2282 septentrioniS,
1700 2207 1910 2265 civitas
1945 2207 2130 2283 Regis
2167 2209 2399 2284 magni,
2444 2205 2553 2264 cul-

466 2317 563 2366 tus
617 2326 690 2365 ex
742 2307 897 2365 bono
949 2306 1199 2365 coelesti
1246 2306 1598 2383 intelligitur
1641 2325 1752 2383 per
1795 2307 2078 2383 gaudium
2127 2310 2312 2367 totius
2366 2314 2555 2379 terrae,

465 2426 632 2467 mons
681 2410 924 2485 ZioniS,
998 2414 1058 2466 et
1108 2425 1253 2465 vera
1302 2425 1372 2465 ex
1418 2409 1520 2468 illo
1571 2409 1726 2467 bono
1772 2409 2185 2485 intelliguntur
2232 2427 2342 2486 per
2387 2410 2559 2466 latera

468 2511 920 2585 septentrionis,
958 2511 1258 2568 civitatem
1292 2508 1475 2585 Regis
1505 2511 1721 2585 magni,
1767 2509 1964 2568 latera
1991 2512 2411 2586 septentrionis
2440 2513 2560 2567 sunt

467 2628 614 2668 vera
641 2629 715 2670 ex
743 2610 898 2667 bono
930 2610 1206 2681 coelesti,
1253 2609 1319 2668 et‘
1338 2613 1551 2668 civitas
1583 2610 1767 2686 Regis
1795 2613 1996 2687 magni
2033 2619 2127 2668 est
2157 2610 2424 2669 doctrina
2450 2608 2559 2666 veri

464 2709 622 2782 inde3
654 2711 810 2785 quod
851 2727 993 2781 vera
1030 2713 1146 2769 sint
1177 2710 1327 2782 illis,
1377 2713 1479 2787 qui
1506 2713 1564 2768 in
1591 2710 1745 2768 bono
1781 2711 2030 2769 coelesti
2065 2719 2235 2786 sunt,
2273 2713 2556 2786 inscripta,

470 2810 837 2886 significatur
875 2829 985 2885 per
1020 2811 1191 2869 Deus
1227 2813 1287 2868 in
1323 2811 1564 2886 palatiis
1604 2811 1733 2888 ejus
1769 2817 1966 2869 notus,
2042 2811 2218 2887 Quod
2251 2812 2445 2871 latera
2473 2825 2556 2868 sc-

468 2911 824 2985 ptentrionis
855 2911 1188 2984 significent
1215 2928 1359 2971 vera
1388 2929 1463 2971 ex
1498 2912 1654 2971 bono
1684 2910 1951 2981 coelesti,
1988 2920 2080 2970 est
2110 2914 2251 2988 quia
2274 2912 2363 2970 illi
2398 2913 2492 2989 qui
2511 2911 2560 2966 in

468 3009 676 3084 Regno
713 3008 961 3066 coelesti
986 3010 1230 3067 Domini
1260 3018 1418 3086 sunt,
1449 3014 1510 3070 in
1529 3011 1697 3071 coelo
1723 3010 1993 3070 habitant
2026 3015 2086 3070 in
2125 3015 2373 3088 oriente,
2413 3017 2468 3072 et
2492 3007 2559 3067 illi

474 3110 577 3185 qui
612 3110 673 3165 in
700 3109 876 3167 Veris
906 3125 975 3166 ex
1003 3109 1107 3167 illo
1134 3109 1289 3168 bono
1318 3120 1476 3187 sunt,
1507 3128 1721 3171 versus
1751 3116 2217 3189 septentrionem
2241 3114 2346 3172 ibi.
2403 3108 2558 3188 Apud

466 3210 705 3285 Esaiam
750 3206 1066 3289 „Luczjfer
1089 3214 1159 3268 tu
1188 3208 1433 3272 dixisti
1458 3212 1529 3272 in
1555 3211 1739 3272 corde
1774 3217 1908 3284 cuc,
1968 3211 2186 3273 Coelos
2221 3212 2554 3283 ascendam,

466 3329 668 3390 supra
716 3306 941 3370 stellas
989 3309 1127 3370 Dei
1171 3309 1467 3371 emaltabo
1508 3312 1801 3374 thronum
1853 3332 2087 3387 meum,
2150 3318 2211 3372 et
2245 3313 2458 3375 sedebo
2503 3312 2558 3371 in

466 3417 671 3473 monte
721 3418 1086 3481 conventus,
1150 3412 1221 3473 in
1276 3409 1581 3474 lateribus
1638 3414 2139 3492 septentrioni-9⁶⁶
2210 3415 2398 3476 XIV:
2458 3414 2556 3487 135

466 3532 577 3591 per
619 3512 961 3572 Luciferum
1002 3513 1351 3591 intelligitur
1385 3513 1611 3587 Babel,
1670 3520 1737 3573 ut
1771 3522 1944 3590 patet
1980 3533 2055 3575 ex
2091 3514 2558 3576 antecedentibus
2670 3564 2671 3585 ἶ

469 3621 531 3673 et
567 3614 1071 3689 consequentibus
1101 3617 1178 3673 in
1227 3631 1298 3674 eo
1346 3613 1587 3689 Capite:
1647 3631 1812 3672 amor
1858 3616 2193 3692 imperandi
2229 3618 2362 3695 ejus
2399 3628 2561 3693 super
2670 3590 2671 3635 7

470 3714 716 3775 Coelum
757 3721 817 3772 et
864 3715 1229 3790 Ecclesiam,
1295 3714 1652 3774 describitur
1690 3732 1799 3791 per
1834 3716 1995 3792 quod
2036 3716 2324 3776 ascendet
2360 3717 2561 3787 coeloe,

469 3821 530 3875 et
564 3831 748 3891 super
783 3814 991 3873 stellas
1044 3817 1163 3874 Dei
1213 3815 1502 3874 exaltabit
1551 3814 1823 3875 thronum
1872 3833 2075 3893 suum,
2138 3834 2249 3893 per
2294 3834 2448 3894 quae
2482 3818 2562 3873 in-
2670 3836 2671 3907 ss

465 3915 756 3990 telligitur
792 3914 1086 3973 affectatio
1140 3914 1380 3973 dominii
1431 3932 1615 3992 super
1653 3915 1869 3975 Coelos
1904 3917 2042 3977 illos
2081 3920 2183 3994 qui
2218 3918 2567 3977 constituunt

466 4015 737 4091 Regnum
776 4015 1085 4090 spirituale
1121 4014 1381 4089 Domini,
1421 4034 1558 4074 nam
1593 4034 1739 4076 vera
1767 4033 1837 4075 ac
1867 4020 2232 4094 cognitiones
2265 4021 2394 4078 veri
2424 4010 2569 4094 apud
2670 4066 2671 4095 ἶ

466 4113 601 4171 illos
649 4122 945 4188 apparent
998 4116 1154 4173 sicut
1204 4114 1415 4174 stellae
1430 4136 1446 4191 3
1504 4122 1565 4174 et
1615 4134 1727 4192 per
1773 4118 1930 4193 quod
1991 4117 2227 4177 sedebit
2278 4121 2340 4177 in
2383 4120 2564 4177 monte

470 4215 828 4280 conventus,
884 4212 1173 4270 lateribus
1221 4218 1674 4288 septentrionis,
1737 4218 2104 4294 significatur
2155 4236 2340 4296 super
2380 4215 2564 4277 coelos
2670 4238 2671 4271 ;
