2791 4778
378 365 619 424 CAPUT
655 366 969 426 SEXTUM.
1749 370 1963 429 VERS:
2008 381 2063 434 2.
2223 384 2331 435 177

233 529 289 584 et
313 523 468 599 quod
501 540 617 599 per
649 539 752 582 aes
787 522 1008 583 bonum
1043 524 1333 598 naturale,
1371 541 1559 602 supra
1591 543 1662 584 n:
1698 527 1808 586 70.
1858 527 2043 604 Apud
2070 523 2335 591 Hlobum

231 668 267 698 „
291 620 594 683 Oblivisci
623 622 785 702 fecit
820 620 1008 683 illam
1032 621 1662 703 Deuaeapz’entiam,
1703 644 1811 686 neo
1848 627 2213 706 impertitus
2235 633 2334 689 est

225 721 324 783 illi
355 720 891 801 intelliyentiam;
942 740 1063 802 quo
1094 729 1364 802 tempore
1403 723 1473 784 in
1507 721 1711 785 altum
1739 743 1806 784 ee
1839 724 2111 798 attollit,
2160 727 2333 789 ridet

224 821 477 900 Equum
504 827 569 881 et
604 820 908 900 Equitem
948 822 1131 903 eju-ff
1186 819 1495 884 XXXIX:
1542 828 1650 883 17.
1699 827 1813 900 18;
1867 826 2020 886 haec
2056 827 2332 889 dicuntur

227 922 296 979 de
332 940 472 995 ave,
530 939 644 998 per
681 939 858 997 quam
895 923 1262 1000 significatur
1295 924 1692 1001 intelligentia
1727 942 1800 983 ex
1836 929 2081 1002 proprio
2099 971 2117 1001 ,
2172 945 2329 1003 quae

227 1024 283 1080 in
310 1038 380 1080 se
412 1021 585 1079 nulla
618 1022 1010 1098 intelligentia
1046 1029 1167 1092 est,
1219 1040 1357 1081 nam
1389 1023 1566 1082 homo
1617 1041 1690 1082 ex
1724 1027 1966 1100 proprio
2014 1042 2133 1084 non
2166 1026 2331 1086 videt

225 1124 334 1179 nisi
366 1122 555 1193 salsa,
614 1130 675 1180 et
722 1139 839 1180 non
896 1140 1040 1181 vera
1051 1165 1071 1196 ,
1127 1128 1188 1180 et
1222 1140 1298 1180 ex
1332 1125 1493 1181 veris
1538 1131 1630 1182 est
1680 1124 2070 1200 intelligentia
2115 1132 2175 1183 et
2210 1143 2329 1186 non

226 1238 293 1278 ex
324 1220 522 1293 falsis3
581 1239 768 1295 quare
817 1221 1034 1280 dicitur
1080 1222 1155 1280 de
1205 1221 1335 1290 illa,
1372 1221 1550 1298 ,quod
1586 1222 1859 1282 oblivisci
1907 1225 2118 1283 fecerit
2163 1224 2329 1284 illam

225 1318 383 1378 Deus
418 1322 800 1396 sapientiam,
839 1339 949 1380 nec
982 1324 1318 1397 impertitus
1357 1328 1452 1381 est
1478 1321 1563 1380 illi
1594 1323 2065 1399 intelligentiam,
2106 1331 2328 1384 etcum

230 1421 379 1477 sein
413 1418 603 1479 altum
654 1420 914 1494 attollit,‘
960 1422 1114 1479 ridet
1160 1438 1380 1497 equum
1431 1429 1491 1480 et
1539 1425 1798 1498 equitem
1845 1424 1975 1499 ejus
1987 1467 2007 1497 ‚
2059 1423 2175 1482 hoc
2211 1432 2324 1499 est,

224 1518 581 1578 intellectum
636 1522 765 1578 veri
818 1537 889 1578 ac
933 1521 1380 1596 intelligentem.
1438 1521 1619 1596 Apud
1665 1522 1961 1581 Davidem
2012 1520 2327 1597 „Praeda

212 1616 377 1694 facti
416 1625 567 1678 aunt
588 1619 803 1699 fortes
841 1619 1025 1679 eorde
1035 1664 1054 1695 ,
1100 1619 1535 1680 domitat-unt
1566 1638 1857 1682 somnum
1891 1640 2080 1682 suum
2091 1643 2120 1694 ;
2162 1640 2329 1702 prae

222 1715 635 1797 increpatione
683 1725 797 1779 tua
816 1762 832 1791 ,
904 1718 1096 1780 Deus
1143 1719 1368 1779 Jacobz·
1379 1764 1394 1790 ,
1451 1720 1828 1782 obdormivit
1866 1726 1927 1781 et
1979 1719 2225 1783 Cum-ue
2264 1715 2326 1783 et

225 1813 483 1894 Equus“
537 1818 775 1877 Psalm:
812 1818 1106 1877 LXXVI:
1141 1822 1201 1878 6.
1237 1826 1309 1894 7;
1344 1838 1457 1896 per
1488 1821 1674 1879 fortes
1704 1821 1880 1880 corde
1916 1822 2326 1898 significantur
2363 1839 2523 1905 [463]

226 1918 406 1989 quiin
432 1920 592 1975 veris
633 1936 707 1976 ex
743 1918 898 1977 bono
936 1925 1110 1993 sunt;
1147 1937 1258 1994 per
1294 1919 1453 1995 quod
1485 1922 1714 1996 praeda
1747 1922 1891 1980 sacti
1923 1925 2060 1992 sint,
2095 1929 2157 1981 et
2182 1921 2322 1982 dor·

228 2016 549 2075 mitaverint
584 2034 857 2075 somnum
895 2035 1099 2091 suum,
1156 2019 1524 2095 significatur
1560 2021 1719 2096 quod
1764 2038 1801 2079 a
1836 2021 2008 2080 malis
2059 2025 2120 2080 in
2168 2021 2325 2080 falsa

227 2112 371 2189 lapsi
403 2119 549 2190 sint3
589 2135 707 2193 per
738 2121 1205 2193 increpationem
1233 2120 1351 2178 Dei
1384 2119 1622 2188 Jacobi‚
1659 2120 2028 2196 significatur
2061 2123 2322 2180 inversio

231 2223 408 2272 status
443 2233 652 2275 eorum
684 2217 767 2274 ‘ab
802 2220 984 2292 ipsis3
1044 2226 1105 2276 et
1135 2236 1247 2294 per
1283 2218 1645 2277 obdormivit
1681 2226 1740 2277 et
1774 2236 1984 2278 currus
2022 2227 2083 2278 et
2112 2235 2323 2296 equus,

228 2314 569 2388 significatur
613 2316 769 2393 quod
803 2318 1212 2397 intellectuale
1248 2335 1457 2376 eorum
1485 2321 1744 2394 sopitum
1780 2320 1884 2387 sit,
1924 2321 2065 2395 quia
2098 2320 2324 2377 factum

231 2399 379 2473 mere
409 2417 711 2492 naturale3
752 2418 910 2492 quod
934 2436 1045 2494 per
1071 2420 1321 2494 vigilare
1350 2418 1720 2492 significetur
1745 2420 1928 2476 vitam
1953 2418 2328 2494 spiritualem

236 2510 340 2568 sibi
371 2529 738 2590 comparare,
797 2526 855 2574 et
891 2533 1001 2592 per
1039 2517 1299 2576 dormire
1334 2517 1559 2575 habere
1597 2520 1778 2575 vitam
1814 2516 2143 2575 naturalem
2180 2516 2326 2575 abs-

233 2624 338 2684 que
354 2615 653 2688 spirituali,
674 2616 945 2673 videatur
966 2634 1150 2692 supra
1164 2637 1223 2676 n:
1259 2619 1338 2675 18
1356 2623 1414 2675 7.
1441 2617 1621 2693 Apud
1640 2615 2017 2675 Ezechielem
2043 2614 2322 2693 „Javam

234 2706 461 2771 Thubal
493 2719 551 2774 et
594 2713 918 2775 Meeohech
955 2734 1094 2775 oum
1141 2717 1363 2776 anima
1400 2714 1674 2776 hominis
1712 2721 1771 2775 et
1811 2715 1989 2775 vasis
2016 2716 2186 2776 aeris
2215 2714 2326 2775 de·-

228 2805 434 2870 derunt
454 2814 958 2892 neyotiatz'oiwm
996 2823 1210 2876 tuam:
1247 2835 1326 2875 ex
1353 2815 1796 2895 Betkoyarma
1822 2813 2061 2892 Equos,
2107 2814 2320 2894 Equi-

228 2911 311 2966 tes
333 2915 387 2968 et
406 2910 624 2972 Malos
650 2913 954 2974 dederunt
974 2916 1508 2994 neyotz'atiom'bus
1534 2915 1714 2976 Μῶα
1744 2914 2018 2974 XXVII:
2064 2920 2093 2973 1
2113 2918 2173 2975 3.
2210 2918 2239 2973 l
2257 2917 2320 2991 43

230 3011 403 3083 agitur
435 3012 515 3070 ibi
551 3012 633 3070 de
675 3014 853 3090 Tyro,
893 3033 1004 3089 per
1039 3033 1216 3090 quam
1252 3015 1659 3090 significantur
1701 3017 2066 3090 cognitiones
2103 3017 2232 3074 veri
2264 3021 2325 3073 et

227 3103 351 3166 boni
371 3127 518 3185 quae
545 3112 857 3174 Ecclesiae
887 3120 1169 3172 externae
1201 3122 1259 3172 et
1283 3117 1583 3173 internae:
1614 3132 1723 3190 per
1749 3113 1968 3183 Javan,
1998 3114 2235 3186 Thub‘al
2263 3120 2323 3172 et

228 3202 525 3269 Mesehech
554 3212 966 3288 significantur
1006 3216 1105 3288 qui
1141 3215 1202 3271 in
1230 3214 1395 3273 cultu
1421 3221 1684 3287 externe,
1725 3220 1783 3271 et
1818 3216 1859 3271 ii
1883 3230 1958 3272 ex
1981 3213 2322 3289 Bethogar-

227 3319 315 3362 ma
343 3312 439 3383 qui
470 3313 528 3368 in
567 3312 735 3370 cultu
773 3315 1038 3385 interno,
1079 3331 1263 3389 quare
1301 3312 1515 3372 dieitur
1552 3312 1710 3389 quod
1743 3312 1806 3371 hi
1841 3312 2111 3372 dederint
2130 3328 2321 3387 nego-

234 3404 554 3469 tiationibus
590 3410 734 3487 Tyri
770 3429 991 3494 equos,
1028 3414 1259 3487 equites
1295 3419 1356 3471 et
1381 3413 1607 3483 mulos,
1646 3419 1705 3470 et
1738 3411 1898 3488 quod
1932 3410 2018 3468 illi
2052 3409 2325 3468 dederint

231 3506 459 3567 animam
494 3510 753 3569 hominis
798 3519 858 3569 et
899 3519 1048 3569 'vasa
1087 3515 1245 3570 aeris
1278 3514 1775 3588 negotiationem,
1832 3517 1891 3568 et
1924 3524 2035 3583 per
2066 3509 2324 3565 animam

228 3597 457 3666 hominis
474 3609 844 3685 significatur
872 3627 1076 3672 verum
1102 3611 1242 3669 fidei
1270 3611 1470 3685 quoad
1499 3613 1913 3687 cognitionem,
1949 3612 2012 3665 et
2035 3623 2149 3684 per
2170 3621 2324 3665 vasa

228 3703 366 3761 aeris
383 3707 787 3783 significantur
814 3727 957 3767 vera
988 3709 1125 3768 boni
1152 3710 1471 3786 naturalis3
1511 3727 1581 3769 ac
1606 3726 1717 3786 per
1745 3723 1963 3783 equos,
2000 3708 2233 3783 equites
2257 3710 2326 3764 et

226 3800 398 3862 mulos
430 3807 796 3883 significatur
830 3808 1169 3873 intellectus
1201 3811 1329 3867 veri
1367 3818 1426 3867 et
1463 3810 1628 3883 boni,
1677 3824 1788 3885 per
1841 3823 2028 3882 equos
2075 3806 2322 3865 intelle-

229 3903 342 3957 ctus
374 3909 526 3979 veri,
577 3925 689 3982 per
724 3910 957 3983 equites
1007 3909 1436 3984 intelligentia,
1501 3916 1562 3967 et
1607 3925 1719 3985 per
1753 3907 1946 3965 mulos
1999 3906 2287 3966 rationale
2302 3925 2320 3983 3

228 3998 368 4067 (lussd
423 4021 530 4078 per
577 4006 797 4064 mulum
859 4007 1224 4083 significetur
1285 4009 1615 4082 rationale,
1665 4007 1939 4065 videatur
1987 4025 2059 4066 n:
2105 4007 2320 4066 2781.

234 4091 423 4158 5741.
467 4104 685 4164 9212:
743 4108 994 4181 quisque
1036 4107 1236 4167 videre
1275 4114 1506 4182 potest,
1547 4106 1709 4183 quod
1741 4123 1852 4182 per
1887 4107 2323 4182 negotiationes

229 4187 373 4268 Tyri,
410 4216 556 4274 quae
590 4206 653 4261 in
684 4204 787 4262 illo
823 4204 1034 4282 Capite
1075 4214 1135 4265 et
1170 4205 1313 4264 alibi
1346 4213 1787 4289 enumerantur,
1830 4222 1948 4262 non
1982 4203 2325 4279 intelligan-

317 4306 728 4370 sermonen-g.
773 4318 964 4370 Apocal.
997 4319 1111 4372 expl.
1146 4319 1208 4359 11.
1917 4306 1999 4359 12
