2791 4778
403 354 641 416 CAPUT
679 353 995 412 SEXTUM.
1795 351 1975 424 VERS
1993 372 2003 402 :
2050 360 2101 411 2.
2263 361 2367 414 181

244 514 328 573 lia
349 557 366 587 ,
442 531 522 571 ex
592 503 808 595 quibus
861 526 1071 571 omnes
1122 509 1457 584 falsitates,
1524 508 1769 588 plateae
1830 526 2010 585 quas
2054 525 2166 586 per
2233 508 2369 570 illas

244 611 658 684 conculcabit,
694 618 835 670 sunt
869 627 1015 670 vera
1049 609 1354 669 doctrinae
1387 610 1729 682 Ecclesiae,
1781 625 1936 683 quae
1971 624 2221 685 prorsus
2257 609 2369 668 de-

242 715 487 789 struet3*
559 727 670 789 per
721 710 1011 788 populum
1069 712 1174 785 qui
1233 708 1433 786 gladio
1491 709 1696 783 cadet,
1763 707 2176 783 significantur
2237 727 2366 771 om·-

238 829 349 871 nes
386 814 501 888 qui
556 814 618 869 in
655 813 815 869 veris
854 815 1009 884 sunt,
1053 817 1112 869 et
1155 809 1457 868 abstracte
1494 809 1690 869 omnia
1734 825 1896 866 vera.
1966 807 2149 884 Apud
2183 808 2366 870 Jere-

238 915 422 971 miam
466 907 762 985 „Gladie
784 915 1002 969 contra
1025 906 1354 968 mendaces
1377 916 1451 969 ut
1475 906 1866 980 stultescaut,
1901 903 2125 985 gladie
2151 914 2370 969 eontra

225 1012 457 1091 farte-a¹
496 1014 570 1071 ut
618 1013 1113 1083 constementur,
1162 1005 1386 1087 ⁸qladz‘e
1422 1012 1639 1069 eontra
1663 1025 1850 1084 equos
1876 1004 2013 1085 ejus
2049 1011 2107 1065 et
2150 1012 2371 1070 contra

235 1130 478 1171 currus
517 1109 684 1191 ey'us,
736 1105 960 1188 yladie
1005 1112 1224 1168 contra
1264 1107 1593 1169 thesauros
1630 1105 1767 1187 ejus
1817 1113 1890 1166 ut
1930 1105 2368 1185 diripiantur;

236 1210 517 1274 siccitas
561 1227 752 1288 super
789 1227 992 1286 aquas
1029 1212 1105 1267 ut
1144 1214 1542 1282 exarescant,
1581 1206 1735 1285 quia
1770 1210 1945 1266 terra
1969 1202 2371 1283 sculptilium

236 1309 406 1371 illa“
430 1310 509 1369 L:
547 1299 614 1396 [3
630 1298 715 1395 6.]
740 1311 776 1368 3
794 1314 851 1366 7.
881 1310 992 1366 38:
1021 1325 1132 1383 per
1158 1308 1420 1382 gladium
1447 1306 1813 1383 significatur
1839 1313 2043 1381 pugna
2068 1307 2196 1365 veri
2222 1323 2366 1364 con-

243 1418 336 1470 tra
371 1410 600 1468 falsum
638 1425 708 1467 ac
735 1408 871 1465 falsi
896 1414 1099 1465 contra
1125 1425 1334 1465 verum
1362 1414 1426 1465 et
1456 1407 1592 1466 inde
1631 1408 1912 1476 vastatio,
1949 1407 2047 1466 hic
2076 1407 2363 1480 vastati03

237 1527 351 1588 per
386 1509 716 1568 mendaces
768 1514 829 1565 et
860 1525 970 1582 per
1004 1507 1188 1566 sortes
1225 1506 1631 1582 significantur
1665 1506 1819 1564 salsa
1868 1513 1927 1566 et
1961 1507 2368 1563 ratiocinatio-

239 1627 347 1669 nes
386 1605 659 1682 ex'illis,
717 1607 932 1665 similia
981 1624 1093 1683 per
1128 1623 1314 1681 equos
1365 1614 1425 1665 et
1458 1623 1699 1682 cun-1133
1754 1623 1865 1681 per
1914 1605 2227 1664 thesauros
2264 1606 2369 1681 qui

243 1710 628 1785 diripientur,
658 1707 1070 1783 significantur
1098 1708 1292 1765 omnia
1320 1697 1651 1781 doctrinae3
1688 1723 1799 1781 per
1826 1708 2157 1764 siccitatem
2184 1720 2368 1779 super

240 1826 436 1884 aquas
497 1813 564 1864 ut
599 1814 983 1879 exarescant,
1040 1795 1406 1881 significatur
1456 1805 1747 1864 desolatio
1785 1809 1947 1874 veri,
1999 1806 2236 1863 siccitas
2275 1811 2368 1863 est

239 1908 546 1967 desolatio
559 1949 576 1980 ‚
618 1914 676 1963 et
705 1923 898 1981 aquae
936 1913 1076 1963 sunt
1107 1923 1280 1963 vera:
1321 1912 1382 1963 et
1419 1908 1557 1981 quia
1591 1907 1789 1964 omnia
1824 1905 1977 1963 falsa
2013 1923 2083 1963 ex
2122 1905 2368 1980 propria

241 2008 643 2083 intelligentia
697 2012 865 2074 sunt,
928 2005 1065 2064 ideo
1112 2005 1354 2078 dicitur,
1416 2007 1556 2080 quia
1615 2010 1778 2064 terra
1829 2003 2193 2080 sculptilium
2241 2002 2363 2077 illa,

238 2114 399 2165 terra
451 2106 540 2163 ibi
606 2104 900 2181 significat
952 2105 1261 2178 haeresin,
1339 2111 1401 2162 et
1456 2105 1762 2181 sculptilia
1823 2104 2157 2179 significant
2211 2118 2365 2177 quae

236 2224 320 2265 ex
368 2205 619 2282 propria
674 2204 1101 2281 intelligentia3
1175 2203 1333 2280 quod
1384 2204 1534 2263 haec
1594 2221 1703 2279 per
1756 2203 2083 2277 sculptilia,
2164 2199 2368 2264 fusilia

246 2312 310 2363 et
356 2306 525 2364 idola
585 2287 1018 2380 significentur,
1087 2304 1360 2363 videatur
1419 2322 1486 2362 n:
1548 2304 1759 2361 esee.
1815 2304 2028 2359 8941.
2103 2300 2367 2357 10406,

260 2408 520 2465 10503.
576 2405 758 2480 Apud
792 2404 1059 2463 Eundem
1099 2403 1312 2478 „Ec-ce
1350 2403 1519 2462 sicut
1553 2401 1743 2462 nubes
1768 2399 2078 2474 ascendet,
2115 2403 2176 2458 et
2200 2397 2368 2458 sicut

248 2501 527 2582 procella
564 2521 793 2565 currus
843 2504 1015 2585 ejus,
1071 2502 1294 2564 celeres
1347 2507 1498 2562 sunt
1523 2519 1687 2580 prae
1730 2496 1970 2579 aquilis
2007 2499 2151 2578 equi
2186 2496 2365 2579 ejus,·

259 2622 371 2669 vae
403 2604 577 2663 nobis
612 2604 769 2681 quia
802 2603 1123 2664 devastati
1147 2621 1371 2663 sumus
1386 2622 1415 2675 ;
1453 2597 1636 2661 ablue
1666 2619 1707 2660 a
1732 2596 1992 2659 malitia
2034 2618 2139 2660 cor
2165 2604 2364 2669 tuum,

250 2710 324 2763 ut
360 2705 633 2764 serveris
647 2724 675 2774 ;
716 2703 1026 2781 quamdiu
1054 2702 1603 2762 commorabuntur
1631 2700 1701 2761 iu
1736 2699 1942 2760 medio
1985 2699 2083 2760 tui
2121 2698 2366 2777 coyz'ta-

251 2804 451 2864 tiones
516 2803 905 2880 iniquitatis.
1016 2801 1306 2864 Vastitas
1361 2801 1484 2861 erit
1548 2807 1682 2862 tota
1744 2807 1940 2875 terra,
2008 2818 2171 2879 prae
2228 2816 2368 2858 voce

249 2900 523 2981 Equitis
562 2911 621 2963 et
646 2901 1157 2982 Sayittam‘orum
1183 2902 1372 2981 suyit
1407 2907 1541 2962 tota
1577 2901 1727 2961 urbs
1739 2920 1766 2972 ;
1803 2899 2130 2961 intrarunt
2154 2899 2364 2973 nubes,

248 3007 308 3062 et
343 3003 416 3063 in
444 3009 672 3082 petras
710 3002 1151 3072 ascenderunt,
1204 3008 1339 3061 tota
1378 3001 1530 3061 urbs
1580 2999 1887 3062 deserta“
1943 3001 2051 3059 IV:
2099 3001 2207 3059 13.
2255 3001 2364 3057 14.

253 3105 362 3161 27.
409 3105 537 3176 293
603 3103 958 3160 describitur
1010 3102 1108 3159 hic
1157 3104 1417 3159 vastatio
1464 3100 1776 3159 Ecclesiae
1831 3118 1941 3176 per
2002 3100 2157 3159 falsa
2204 3097 2359 3168 mali,

244 3202 398 3261 falsa
437 3201 843 3278 significantur
875 3220 987 3277 per
1022 3200 1279 3274 nubem,
1321 3206 1381 3258 et
1418 3199 1632 3275 cupido
1668 3201 2060 3259 ratiocinandi
2097 3218 2171 3257 ex
2194 3196 2361 3256 falsis

247 3309 459 3360 contra
491 3319 668 3375 vera,
723 3319 832 3376 per
869 3317 1056 3376 equos
1105 3302 1205 3376 qui
1251 3316 1398 3376 prae
1448 3298 1661 3374 aquilis
1696 3301 1971 3372 veloces,
2029 3316 2099 3357 ac
2136 3297 2359 3355 doctri-

246 3401 406 3460 nalia
442 3401 581 3459 falsi
614 3418 726 3476 per
761 3416 968 3463 currus
1007 3403 1110 3475 qui
1144 3402 1299 3457 sicut
1324 3398 1593 3474 procella
1606 3419 1621 3474 3
1662 3400 1822 3474 quod
1854 3398 1991 3455 inde
2030 3413 2201 3453 omne
2240 3394 2363 3450 Ec-

250 3500 471 3560 clesiae
510 3506 571 3558 et
606 3516 777 3559 omne
827 3501 1132 3559 doctrinae
1182 3499 1314 3576 ejus
1351 3503 1593 3575 pereat,
1643 3498 2008 3573 significatur
2055 3510 2166 3570 per
2201 3491 2362 3568 quod

193 3643 201 3648 .
249 3603 498 3658 vastitas
538 3602 651 3658 erit
690 3606 818 3659 tota
853 3607 1046 3672 terra,
1103 3604 1165 3657 et
1197 3616 1342 3674 prae
1380 3614 1529 3657 voce
1569 3600 1785 3673 equitis
1824 3601 1883 3653 et
1918 3593 2361 3670 sagittariorum
2400 3596 2559 3662 [466]

250 3699 398 3776 sugit
436 3705 563 3759 tota
598 3700 776 3772 urbs,
816 3705 977 3757 terra
1014 3704 1107 3756 est
1141 3697 1446 3770 Ecclesia,
1504 3702 1563 3755 et
1599 3696 1739 3756 urbs
1778 3702 1870 3754 est
1904 3694 2174 3752 doctrina
2210 3690 2360 3767 ejus,

250 3813 362 3858 vox
402 3801 622 3875 equitis
661 3803 720 3858 et
756 3800 1196 3875 sagittariorum
1235 3804 1328 3856 est
1362 3798 1737 3854 ratiocinatio
1802 3812 1874 3853 ex
1911 3794 2030 3852 illis
2070 3798 2129 3851 et
2160 3794 2361 3868 impu-

252 3902 489 3973 guado,
526 3905 586 3957 et
619 3899 828 3975 fugere
879 3903 976 3956 est
1022 3899 1250 3976 perire3
1292 3896 1452 3973 quod
1488 3896 1626 3955 dein
1661 3911 1822 3954 mere
1857 3895 2077 3954 falsum
2110 3885 2179 3952 ac
2214 3892 2365 3952 fides

249 3996 383 4056 salsi
432 4004 757 4075 regnatura
809 3999 956 4072 sint,
1026 3996 1392 4072 significatur
1440 4011 1550 4072 per
1596 3999 1892 4055 intrarunt
1946 3994 2139 4053 nubes
2190 4010 2260 4052 ac
2302 3995 2365 4050 in

250 4103 450 4172 petras
499 4095 923 4170 ascenderunt,
977 4095 1168 4155 nubes
1205 4103 1346 4155 sunt
1379 4095 1560 4170 falsa,
1612 4113 1681 4154 ac
1724 4102 1934 4172 petrae
1983 4100 2123 4153 sunt
2159 4110 2366 4153 corum

251 4194 428 4274 fides3
485 4196 655 4275 quod·
679 4195 1362 4256 devastatioEce‘lesiae
1402 4201 1462 4255 et
1498 4197 1628 4273 ejus
1667 4196 1968 4256 doctrinae
2004 4197 2091 4254 ita
2131 4192 2361 4251 descri-
