2791 4778
390 427 627 482 CAPUT
670 427 982 486 SEXTUM.
1742 429 1950 485 VERS:
1997 442 2083 493 16.
2242 442 2351 495 4⁹9

243 587 307 648 in
361 584 796 648 Tabernaculo
858 587 1018 648 dieti
1059 586 1313 667 fuerint
1358 586 1616 662 „Panes
1642 588 1996 668 facierum,
2075 607 2149 651 ac
2205 590 2354 670 ipsa

244 707 455 749 mensa
506 707 727 748 mensa
752 678 1124 766 facierum“
1173 688 1376 747 Exod:
1436 689 1809 749 XXV2‘30.
1867 691 2060 751 Num:
2112 690 2229 750 IV:
2288 700 2348 768 7,

244 797 365 850 erat
401 790 544 866 quia
577 808 688 866 per
723 790 919 848 Panes
962 789 1044 847 ibi
1080 807 1271 866 aeque
1309 806 1378 847 ac
1429 808 1539 866 per
1585 792 1770 850 facies
1807 792 2082 854 Jehovae
2118 793 2345 869 signifi-

241 898 436 951 catum
474 896 568 948 est
601 891 882 949 Divinum
919 892 1151 950 Bonum
1186 890 1389 948 Divini
1426 891 1681 966 Amoris,
1722 893 1994 952 videatur
2024 894 2352 953 Docrnnu

239 992 453 1052 Noun
508 991 994 1050 Humosoumn
1059 1010 1128 1050 n:
1182 995 1345 1049 212.
1391 994 1557 1052 213.
1619 996 1783 1053 218.
1894 993 2186 1070 Quoniam
2239 1012 2351 1071 per

236 1095 419 1153 facies
456 1091 734 1153 Jehovae
782 1108 888 1150 seu
927 1092 1167 1150 Domini
1210 1092 1579 1167 significatur
1612 1094 1894 1152 Divinum
1943 1096 2175 1155 Bonum
2211 1096 2347 1153 uni-

239 1202 356 1254 tum
394 1193 618 1252 Divino
655 1193 817 1251 Vero
851 1195 1071 1251 exiens
1119 1200 1178 1251 et
1220 1192 1552 1268 procedens
1595 1211 1667 1252 ex
1710 1194 1930 1254 Divino
1982 1197 2203 1255 Amore
2239 1194 2345 1271 Ip-

239 1297 393 1365 sius,
448 1294 587 1352 ideo
634 1310 869 1369 quoque
905 1310 1015 1369 per
1049 1293 1233 1351 facies
1276 1293 1549 1352 ‚Jehovae
1599 1294 2007 1370 significantur
2056 1295 2350 1354 Interiora

237 1396 579 1466 Ecclesiae,
638 1393 827 1452 Verbi
864 1402 924 1452 et
979 1393 1224 1468 Cultus,
1293 1411 1431 1452 nam
1465 1394 1523 1450 in
1560 1395 1937 1454 interioribus
1981 1394 2220 1455 illorum
2257 1394 2351 1455 es't

234 1497 411 1574 illud3
464 1495 778 1553 Exteriora
813 1494 1156 1566 Ecclesiae,
1231 1491 1413 1552 Verbi
1461 1502 1520 1552 et
1556 1493 1767 1553 Cultus
1810 1504 1947 1554 sunt
1987 1495 2161 1555 modo
2198 1495 2346 1555 effe-

236 1606 367 1657 ctus
428 1602 489 1655 et
536 1613 723 1671 opera
767 1595 936 1653 inde:
1004 1595 1293 1653 Interiora
1346 1594 1689 1670 Ecclesiae,
1779 1595 1964 1655 Verbi
2019 1604 2080 1657 et
2133 1594 2347 1658 Cultus

238 1698 648 1775 significantur
682 1713 793 1771 per
828 1695 1060 1769 videre,
1120 1713 1410 1772 quaerere.
1449 1702 1507 1754 et
1561 1695 1874 1773 deprecari
1919 1698 2105 1757 facies
2150 1697 2344 1758 Jeho·

236 1816 378 1874 vae,
459 1796 621 1872 apud
657 1797 898 1873 Esajam
958 1795 1191 1871 „Quid
1245 1795 1418 1856 Mihi
1469 1794 1817 1859 multitado
1864 1799 2349 1879 sacrificiorum,
2387 1797 2547 1862 [6⁷3]

238 1898 490 1977 quando
543 1896 839 1957 veneritis
892 1895 981 1956 ad
1040 1896 1380 1958 videndum
1436 1898 1653 1978 facies
1724 1898 2041 1959 Jehovae“
2106 1898 2166 1959 I:
2240 1905 2346 1961 11.

250 2004 356 2057 12.
436 1998 618 2076 Apud
671 1997 1015 2057 Sachariam
1072 1996 1314 2072 „Ibunt
1358 1996 1747 2058 habitatores
1800 2000 1995 2059 unius
2048 1998 2139 2059 ad
2186 1998 2348 2061 alte·

239 2118 411 2176 ram,
477 2097 773 2174 dicende,
842 2117 1060 2159 eamus
1110 2097 1313 2158 eundo
1359 2097 1452 2156 ad
1485 2097 1945 2175 deprecandum
1977 2099 2195 2177 facies
2233 2100 2348 2161 Je-

249 2199 464 2275 hovae,
519 2205 578 2259 et
622 2198 712 2260 ad
753 2198 1175 2277 quaerendum
1224 2196 1530 2257 Jehovam
1577 2196 1897 2257 Zebaoth:
1975 2197 2070 2259 sio
2109 2199 2352 2262 venient

239 2298 465 2377 populi
524 2298 711 2361 multi
763 2306 822 2360 et
857 2306 1072 2379 yentes
1117 2317 1486 2359 numerosae
1535 2296 1624 2357 ad
1673 2297 2096 2377 quaerendum
2155 2299 2348 2361 Jeho-

252 2418 392 2460 vam
434 2400 710 2462 Zebaoth
754 2403 821 2461 in
872 2398 1359 2481 fflerosolyma,
1417 2407 1475 2460 et
1509 2399 1599 2460 ad
1635 2399 2092 2479 deprecandum
2135 2401 2353 2481 facies

254 2498 557 2562 Jelzovae“
603 2503 785 2562 VIII:
834 2507 943 2561 21.
993 2507 1104 2561 22.
1187 2501 1369 2578 Apud
1405 2502 1697 2560 Davidem
1765 2499 1964 2575 „Tibi
2015 2500 2194 2561 dimit
2246 2519 2352 2562 cor

249 2619 470 2679 meum,
525 2604 806 2682 quaerite
826 2601 1039 2684 facies
1073 2621 1279 2677 meas,
1325 2602 1539 2682 facies
1583 2609 1730 2662 tuas
1765 2599 2047 2661 Jehovalz
2073 2604 2352 2680 quaero“

247 2702 474 2764 Psalm:
531 2704 805 2764 XXVII:
864 2708 924 2764 8.
1024 2704 1205 2780 Apud
1255 2703 1523 2762 Eundem
1591 2697 2069 2776 „Jubilabimus
2120 2699 2354 2762 Petrae

242 2802 475 2868 salutis
520 2811 805 2880 nostrae,
879 2803 1195 2864 veniemus
1247 2808 1392 2862 ante
1439 2803 1654 2881 jacies
1704 2800 1932 2880 Ipsius
1984 2800 2052 2861 in
2106 2801 2350 2882 conses-

241 2904 460 2966 sione“
514 2906 749 2963 Psalm:
804 2904 1007 2964 XCV:
1058 2908 1112 2962 1.
1167 2907 1227 2961 2.
1316 2902 1499 2979 Apud
1549 2901 1907 2960 Malachiam
1959 2900 2351 2982 „Depreca-

239 3006 401 3067 mini
435 3006 650 3087 facies
692 3005 857 3080 Dei,
914 3010 988 3065 ut
1037 3003 1416 3064 misereatur
1451 3000 1704 3063 uostri“
1760 3002 1821 3060 1:
1876 3005 1932 3063 9.
2006 3004 2188 3081 Apud
2220 3003 2352 3064 Da-

235 3108 430 3166 videm
485 3103 698 3181 „Sitit
743 3105 963 3165 anima
1014 3124 1153 3164 mea
1199 3104 1452 3180 Deum,
1518 3103 1738 3164 Deum
1788 3103 2034 3181 vivum,
2102 3101 2357 3184 quando

235 3225 454 3268 venero
516 3210 588 3266 ut
649 3205 872 3266 videar
919 3204 1214 3286 faciebus
1260 3205 1417 3266 Dei.
1499 3203 1830 3284 Exspecta
1881 3203 2129 3280 Deum,
2203 3222 2356 3265 nam

234 3307 448 3368 adhue
499 3307 828 3387 confitebor
864 3304 1011 3385 Ipsi
1055 3303 1296 3367 salutes
1322 3306 1538 3386 facies
1581 3303 1851 3383 Ipsius“
1890 3306 2110 3364 Psalm:
2147 3304 2354 3364 XLII:

239 3411 299 3469 3.
361 3411 433 3483 63
504 3410 565 3465 in
614 3407 707 3465 his
746 3407 894 3465 locis
945 3425 1055 3484 per
1104 3406 1288 3465 facies
1339 3406 1613 3464 Jehovae
1671 3422 1742 3462 ac
1789 3405 1906 3462 Dei
1960 3422 2067 3463 seu
2114 3404 2359 3463 Domini

232 3508 648 3584 intelliguntur
708 3510 990 3566 interiora
1031 3506 1371 3577 Ecclesiae,
1443 3503 1631 3562 Verbi
1685 3507 1747 3561 et
1794 3501 2034 3576 Cultus,
2107 3504 2247 3578 quia
2292 3503 2357 3562 in

231 3611 355 3670 illis
402 3617 496 3667 est
527 3582 809 3667 Divinum
844 3607 1078 3665 Bonum
1113 3623 1185 3664 ac
1211 3606 1494 3663 Divinum
1529 3602 1784 3675 Verum,
1842 3605 1928 3659 ita
1966 3600 2108 3677 Ipse
2143 3600 2355 3660 Domi.

234 3726 359 3770 nus
372 3754 389 3784 ,
449 3716 508 3768 et
546 3711 605 3767 in
646 3710 907 3767 externis
954 3713 1047 3766 est
1096 3724 1171 3765 ex
1217 3706 1372 3780 illis,
1454 3711 1515 3762 et
1568 3705 1781 3762 nonin
1821 3702 2098 3762 Externis
2137 3718 2354 3779 nempe

233 3810 581 3883 Ecclesiae,
648 3809 833 3867 Verbi
885 3815 945 3867 et
998 3806 1209 3867 Cultus
1267 3806 1495 3883 absque
1549 3804 1686 3865 illis.
1777 3803 1936 3880 Quia
1994 3818 2199 3861 omnes
2254 3803 2358 3877 qui

235 3910 720 3986 Hierosolymam
766 3909 932 3967 ibant
978 3908 1054 3966 ad
1090 3908 1302 3983 Festa,
1359 3923 1566 3965 secum
1608 3904 1819 3964 afferre
1865 3902 2164 3962 debebant
2210 3900 2357 3960 talia

238 4028 396 4088 quae
435 4010 629 4069 cultus
685 4016 882 4084 erant,
951 4017 1012 4068 et
1048 4010 1236 4066 omnis
1275 4007 1473 4066 cultus
1513 4012 1605 4064 est
1639 4023 1722 4066 ex
1773 4003 2151 4063 interioribus
2200 4018 2354 4076 quae

233 4120 375 4168 sunt
420 4110 614 4170 cordis
669 4117 728 4169 et
762 4109 930 4181 fidei,
986 4115 1045 4167 et
1093 4109 1245 4167 haec
1291 4125 1403 4184 per
1455 4123 1733 4177 munera,
1800 4122 1952 4181 quae
2003 4103 2357 4162 offerrentur

235 4210 526 4286 Domino,
591 4210 1028 4286 significantur,
1098 4209 1232 4267 ideo
1270 4206 1614 4266 mandatum
1656 4213 1780 4279 est,
1837 4213 1902 4263 ut
1943 4204 2358 4279 unusquisque

239 4311 480 4387 aliquod
540 4327 754 4369 munus
801 4308 1062 4383 offerret,
1150 4307 1310 4384 quod
1368 4305 1720 4380 intelligitur
1781 4322 1890 4380 per
1961 4303 2173 4384 „quod
2235 4319 2358 4362 non

1770 4406 1855 4460 32
1891 4397 1927 4437 ἧς
