2791 4778
392 370 618 426 CAPUT
657 369 969 426 SEXTUM.
1770 371 1952 427 VERS
1970 394 1981 427 :
2030 383 2083 434 9.
2241 384 2348 435 313

238 533 508 592 buntur“
568 530 807 589 Psalm:
847 526 1182 591 XXXVII:
1230 532 1341 591 18.
1386 534 1508 609 193
1564 531 1691 591 dies
1726 534 2093 609 integrorum
2128 531 2352 608 signifi-

237 638 367 692 cant
408 636 602 689 status
644 649 855 691 eorum
894 633 995 706 qui
1030 634 1091 689 in
1126 632 1281 690 bono
1319 639 1458 690 sunt
1494 639 1554 691 et
1586 632 1723 691 inde
1760 636 1920 691 veris
1931 677 1947 706 ,
2005 650 2112 691 seu
2154 635 2255 708 qui
2289 635 2352 691 in

236 733 518 790 charitate
558 737 620 789 et
660 732 809 790 inde
833 732 986 806 fide,
1023 749 1135 808 per
1170 731 1330 807 quod
1355 733 1636 792 Jehovah
1670 734 2013 792 haereditas
2052 750 2252 791 eorum
2290 735 2351 791 in

237 840 541 891 aeternum
583 833 722 905 erit,
764 832 1130 909 significatur
1156 833 1314 908 quod
1341 833 1545 909 Ipsius
1580 836 1961 911 proprii-sint
1997 840 2055 892 et
2089 835 2152 891 in
2189 832 2348 892 Coc-

230 934 313 1008 lo;
352 951 467 1010 per
503 951 625 991 non
665 932 972 1010 pudefient
1006 935 1066 990 in
1103 938 1371 1009 tempore
1399 932 1570 1007 mali,
1618 934 1985 1010 significatur
2023 934 2181 1008 quod
2216 935 2351 991 vin-

231 1040 357 1092 cent
392 1050 537 1093 cum
577 1039 884 1091 tentantur
923 1050 959 1089 a
995 1031 1201 1104 malis;
1256 1039 1316 1092 et
1355 1051 1466 1109 per
1504 1035 1662 1110 quod
1697 1037 1757 1092 in
1795 1033 2004 1093 diebus
2042 1033 2214 1091 samis
2244 1050 2349 1091 sa-

230 1133 572 1207 tiabuntur,
625 1132 995 1209 significatur
1031 1133 1190 1208 quod
1224 1134 1721 1193 sustentabuntur
1762 1153 1798 1192 a
1841 1136 2001 1194 veris
2041 1150 2173 1192 cum
2213 1140 2347 1192 ten-

228 1240 419 1293 tantur
481 1240 547 1292 et
598 1234 957 1291 infestantur
1010 1249 1047 1290 a
1099 1233 1267 1293 falsis
1283 1254 1300 1310 3
1381 1240 1618 1311 tempus
1680 1234 1820 1292 mali
1882 1239 1943 1293 et
1993 1234 2119 1293 dies
2174 1234 2347 1292 samis

228 1333 556 1411 significant
590 1341 786 1392 status
823 1334 1250 1408 tentationum,
1307 1351 1378 1394 ac
1416 1338 1786 1393 tentationes
1823 1341 1961 1391 sunt
2003 1352 2036 1390 a
2078 1334 2250 1392 malis
2289 1340 2351 1393 et

225 1452 258 1492 a
297 1434 488 1493 salsis,
583 1434 653 1492 In
700 1433 882 1491 Libro
928 1433 960 1491 I
1009 1432 1305 1493 Samuelis
1363 1434 1639 1508 „Areus
1675 1434 1956 1513 fortium
1986 1433 2229 1511 fracti,
2291 1440 2351 1493 et

223 1535 324 1613 qui
358 1531 639 1614 impulsi
674 1541 857 1594 erant
892 1534 1084 1594 robur
1130 1518 1740 1606 eircumcinoeeri‘mt,
1796 1534 2010 1594 saturi
2032 1551 2156 1613 pro
2186 1553 2352 1612 pane

224 1633 550 1708 conducti,
604 1640 664 1694 et
692 1630 992 1713 famelici
1026 1642 1390 1708 cessarunt,
1447 1653 1644 1712 usque
1682 1634 1834 1694 dum
1883 1632 2127 1694 sterilia
2155 1653 2348 1713 pepe-

221 1734 304 1794 rit
343 1740 616 1814 septem,
673 1730 1076 1813 multiproli8
1125 1734 1402 1814 defecit“
1439 1735 1532 1792 II:
1575 1739 1638 1794 4.
1691 1738 1723 1794 5
1747 1755 1762 1809 3
1818 1752 1927 1810 per
1967 1742 2206 1793 saturos
2243 1753 2353 1810 pro

222 1853 368 1910 pane
407 1835 747 1893 conductos
791 1841 851 1892 et
897 1853 1008 1910 per
1061 1835 1368 1895 famelicos
1421 1836 1522 1911 qui
1558 1843 1898 1904 cessarunt,
1950 1836 2356 1911 significantur

220 1937 314 2014 qui
350 1935 569 1993 volunt
614 1942 677 1993 et
713 1935 1058 1994 desiderant
1098 1936 1255 1994 bona
1297 1942 1357 1994 et
1397 1953 1575 2010 vera3
1627 1935 1861 2010 reliqua
1895 1937 2208 1994 videantur
2244 1955 2353 1994 cx-

217 2036 429 2110 plicata
468 2052 656 2111 supra
711 2053 774 2093 n:
818 2038 952 2093 257
998 2040 1057 2091 et
1106 2036 1266 2094 357.
1320 2036 1501 2111 Apud
1540 2036 1781 2111 Esajam
1846 2032 2149 2110 „Stultus
2187 2034 2352 2097 stul-

219 2134 428 2195 titiam
474 2132 785 2212 loquitur,
848 2139 907 2194 et
947 2153 1052 2194 cor
1086 2134 1222 2217 ejus
1250 2136 1429 2215 facit
1497 2135 1929 2213 iniquitat-em,
1987 2134 2076 2194 ad
2096 2135 2352 2215 facien-

223 2233 373 2294 dum
412 2233 799 2316 hypocrisin,
840 2242 899 2294 et
934 2234 1024 2295 ad
1050 2234 1428 2314 loquendum
1455 2240 1674 2294 contra
1709 2231 2014 2293 Jehovam
2052 2253 2342 2309 errorem,

217 2333 303 2394 ad
337 2334 773 2396 evacuandum
814 2334 1101 2397 animam
1128 2335 1534 2409 esurientem,
1576 2340 1636 2395 et
1658 2341 1886 2414 potum
1914 2333 2196 2394 sitientia
2231 2333 2343 2394 de-

209 2435 401 2513 ficere
428 2435 686 2513 faciat“
743 2432 1021 2495 XXXII:
1068 2439 1143 2512 63
1199 2437 1423 2496 stultus
1458 2437 1556 2495 hic
1595 2436 1810 2494 dicitur
1846 2437 1948 2512 qui
1983 2437 2040 2492 in
2079 2434 2245 2492 salsis
2286 2443 2345 2492 et

221 2534 399 2593 malis
458 2541 548 2594 est
600 2554 673 2594 ex
734 2554 935 2596 amore
988 2541 1114 2610 sui,
1191 2537 1445 2614 proinde
1502 2554 1573 2594 ex
1625 2537 1873 2613 propria
1916 2534 2341 2611 intelligentia,

216 2634 371 2692 salsa
409 2635 824 2712 intelliguntur
876 2654 987 2713 per
1025 2638 1339 2696 stultitiam
1392 2654 1568 2713 quam
1605 2636 1896 2710 loquitur,
1947 2641 2005 2692 et
2041 2634 2198 2692 mala
2235 2651 2343 2711 per

215 2736 586 2811 iniquitate-m
636 2754 819 2811 quam
869 2754 972 2797 cor
1021 2739 1151 2814 ejus
1201 2738 1371 2814 facit3
1427 2738 1587 2795 mala
1627 2754 1782 2814 quae
1829 2735 2090 2810 loquitur
2140 2742 2347 2794 contra
2389 2732 2547 2794 [5552]

213 2836 368 2894 bona
405 2836 830 2912 intelliguntur
881 2855 991 2912 per
1042 2838 1387 2915 hypocrisin
1434 2855 1609 2913 quam
1662 2838 1832 2907 facit,
1891 2841 1949 2893 et
1997 2835 2152 2895 falsa
2189 2854 2343 2912 quac

213 2935 488 3012 loquitur
524 2946 734 2995 contra
769 2954 914 2995 vera
948 2954 1058 3012 per
1096 2955 1358 2997 errorem
1398 2956 1573 3015 quem
1609 2938 1873 3012 loquitur
1908 2943 2114 2995 contra
2148 2937 2341 2997 Jeho-

209 3053 381 3112 vam3
439 3036 602 3112 quod
650 3037 729 3095 sit
765 3037 841 3094 ad
890 3037 1381 3112 persuadendum
1432 3045 1492 3095 et
1539 3037 1617 3094 ad
1662 3037 2031 3113 perdendum
2070 3037 2206 3096 illos
2245 3039 2349 3111 qui

212 3135 559 3194 desiderant
594 3135 754 3195 bona
796 3143 855 3194 et
893 3155 1066 3208 vera,
1103 3138 1460 3214 intelligitur
1494 3154 1604 3214 per
1645 3137 1722 3195 ad
1760 3138 2171 3195 evacuandum
2210 3138 2342 3194 ani-

209 3253 365 3294 mam
418 3223 817 3311 esurientem,
890 3243 949 3295 et
1001 3244 1210 3312 potum
1265 3240 1522 3295 sitientis
1570 3236 1823 3295 deficere
1874 3238 2091 3311 saciat,
2148 3239 2345 3294 anima

209 3338 483 3394 esuriens
521 3343 665 3393 sunt
692 3340 792 3412 qui
830 3336 1178 3395 desiderant
1219 3338 1408 3410 bona,
1451 3355 1520 3396 ac
1558 3345 1767 3413 potum
1793 3339 2001 3395 sitiens
2043 3339 2143 3412 qui
2179 3337 2343 3393 desi-

207 3434 422 3493 derant
459 3454 623 3494 vera.
685 3437 868 3513 Apud
904 3437 1174 3495 Eundem
1217 3435 1342 3511 „Si
1379 3436 1812 3514 empromseris
1849 3435 2157 3494 esurienti
2191 3433 2339 3493 ani-

205 3553 381 3595 mam
433 3540 641 3612 tuam,
710 3542 770 3595 et
826 3536 1116 3596 animam
1166 3535 1486 3616 afflictam
1530 3534 1927 3595 saturaveris
1948 3578 1963 3606 ,
2020 3531 2344 3593 eoeorietur

205 3634 276 3695 in
315 3636 587 3695 tenebris
626 3634 744 3697 lux
788 3644 902 3697 tua
915 3681 932 3711 ,
988 3641 1048 3695 et
1083 3634 1292 3715 caliyo
1338 3643 1451 3697 tua
1493 3635 1660 3695 sieut
1701 3632 2047 3693 mmdies“
2103 3626 2336 3690 LVIII:

215 3737 342 3810 103
402 3735 755 3795 describitur
801 3754 914 3813 per
956 3737 1108 3795 haec
1146 3736 1410 3796 charitas
1450 3754 1593 3812 erga
1628 3735 1998 3811 proximum,
2060 3733 2156 3791 hic
2195 3747 2339 3807 erga

207 3833 345 3893 illos
386 3838 575 3910 quiin
610 3839 946 3913 ignorantia
982 3843 1040 3894 et
1077 3837 1254 3894 simul
1289 3839 1349 3894 in
1398 3836 1694 3894 desiderio
1732 3833 1959 3892 sciendi
1997 3850 2142 3892 vera
2179 3838 2336 3904 sunt,

206 3949 278 3992 ac
314 3937 376 3992 in
426 3935 631 3995 dolore
668 3945 917 4013 propter
960 3935 1115 3995 salsa
1151 3936 1366 4012 quibus
1424 3940 1825 4013 occupantur,
1884 3940 1943 3991 et
1981 3933 2140 4009 quod
2179 3932 2340 4009 apud

204 4032 342 4093 illos
383 4038 486 4112 qui
521 4038 585 4094 in
621 4053 694 4095 ea
731 4038 1021 4103 charitate
1064 4043 1232 4112 sunt,
1298 4037 1455 4095 falsa
1503 4035 1906 4095 discutiantur
1949 4050 2019 4092 ac
2059 4049 2202 4092 vera
2236 4032 2335 4090 lu-

206 4140 381 4208 ceant
444 4141 505 4193 et
558 4136 862 4213 fulgeant3
927 4136 1189 4210 charitas
1242 4154 1386 4213 erga
1435 4135 1573 4195 illos
1637 4138 1740 4212 qui
1789 4136 1850 4192 in
1897 4135 2236 4211 ignorantia
2283 4138 2344 4191 et

205 4233 380 4292 simul
424 4235 722 4296 desiderio
762 4237 987 4296 sciendi
1025 4254 1168 4296 vera
1208 4244 1375 4311 sunt,
1434 4235 1786 4312 intelligitur
1821 4252 1931 4311 per
1967 4236 2018 4292 si
2058 4249 2340 4310 exprom-
