2791 4778
339 362 451 414 2915
772 350 1268 416 APOCAYLPSIS
1310 351 1747 411 EXPUCATA.
1818 356 1868 430 §a
1910 363 2039 416 381.

2686 318 2689 353 l

338 511 710 590 significatus
748 514 826 570 sit
860 510 1206 572 intellectus
1245 511 1437 571 Verbi
1482 512 1833 590 deperditus
1871 513 2069 590 quoad
2104 513 2350 584 bonum,
2400 535 2482 575 n:
2654 519 2692 609 ἦ

344 615 519 686 364;
587 611 747 686 quod
806 628 919 688 per
978 612 1217 688 Equum
1266 614 1500 689 nigrum
1549 614 1921 690 significatus
1988 616 2068 673 sit
2125 615 2486 676 intellectus
2690 616 2691 657 ¹

338 711 529 772 Verbi
579 711 929 787 deperditus
986 712 1184 787 quoad
1221 730 1469 785 verum,
1521 732 1588 773 n:
1640 716 1814 788 3723
1882 715 2021 774 inde
2072 732 2226 774 nunc
2276 723 2483 792 patet,

338 812 500 892 quod
533 829 645 888 per
686 812 927 889 Equum
973 812 1261 889 pallidum
1308 814 1677 889 significetur
1724 815 2068 874 intellectus
2105 814 2294 874 Verbi
2327 817 2485 876 nul-

336 913 434 972 lus
474 930 548 973 ex
584 912 757 971 malis
791 916 950 972 vitae
990 920 1051 971 et
1089 913 1226 972 inde
1266 912 1468 987 salsis3
1526 931 1660 972 cum
1700 916 1853 972 enim
1890 911 2231 975 intellectus
2281 916 2491 976 Verbi

340 1012 693 1090 deperditus
733 1019 826 1071 est
863 1012 1060 1088 quoad
1107 1012 1331 1073 bonum
1371 1021 1433 1071 et
1470 1014 1668 1090 quoad
1706 1031 1950 1089 verum,
2000 1017 2273 1092 sequitur
2308 1017 2491 1091 quod

339 1113 684 1173 intellectus
715 1112 901 1171 Verbi
938 1113 1138 1172 nullus
1176 1116 1252 1172 sit
1265 1135 1281 1189 3
1339 1122 1399 1172 et
1436 1114 1595 1190 quod
1629 1114 1826 1173 nullus
1865 1117 1970 1189 sit,
2029 1123 2123 1174 est
2159 1118 2298 1191 quia
2332 1135 2488 1174 ma-

337 1213 461 1272 lum
499 1216 656 1271 vitae
702 1220 764 1272 et
798 1213 934 1273 inde
972 1212 1189 1272 salsum
1227 1221 1470 1290 regnat3
1525 1214 1741 1273 dicitur
1775 1215 1994 1273 malum
2031 1219 2190 1275 vitae
2228 1223 2288 1274 et
2323 1217 2490 1277 inde

336 1314 590 1387 falsum,
630 1332 766 1372 nam
803 1314 904 1372 ubi
941 1312 1163 1373 malum
1199 1316 1357 1372 vitae
1398 1321 1521 1384 est,
1556 1314 1639 1373 ibi
1673 1317 1851 1373 etiam
1888 1316 2101 1375 falsum
2134 1323 2243 1386 est,
2280 1335 2487 1375 unum

338 1416 497 1473 enim
549 1415 773 1474 faciunt
822 1416 882 1472 in
931 1416 1141 1491 spiritu
1200 1415 1488 1489 hominis;
1555 1418 1614 1473 in
1664 1418 1877 1492 spiritu
1928 1416 2180 1475 hominis
2227 1417 2489 1491 dicitur,

337 1517 617 1593 quoniam
667 1514 860 1573 malus
909 1514 1086 1574 homo
1140 1522 1343 1591 potest
1390 1532 1583 1591 aeque
1650 1532 1721 1573 ac
1773 1515 1964 1575 bonus
2012 1517 2187 1576 homo
2238 1517 2488 1576 bonum

335 1614 563 1688 facere,
617 1622 676 1673 et
714 1633 919 1676 verum
963 1614 1157 1693 loqui,
1214 1616 1326 1675 sed
1359 1617 1474 1675 hoe
1512 1633 1549 1673 a
1584 1616 1742 1674 malo
1769 1616 2005 1675 homine
2042 1617 2107 1676 fit
2141 1618 2335 1677 solum
2398 1636 2484 1676 ex

335 1715 598 1775 naturali
642 1714 878 1775 homine
928 1722 988 1775 et
1037 1717 1175 1775 inde
1223 1733 1504 1793 corpore,
1563 1723 1626 1775 at
1670 1719 1829 1775 intus
1882 1717 2044 1792 apud
2090 1717 2286 1790 illum,
2345 1717 2487 1778 hoe

338 1820 462 1888 est,
506 1817 561 1872 in
602 1816 818 1891 spiritu
858 1817 1020 1892 ejus,
1085 1834 1202 1877 non
1242 1823 1334 1876 est
1366 1816 1645 1876 voluntas
1684 1816 1824 1875 boni
1864 1824 1925 1874 et
1956 1818 2093 1876 inde
2128 1835 2239 1877 nec
2273 1818 2482 1877 intel-

336 1915 535 1975 lectus
574 1918 733 1988 veri,
786 1919 870 1974 ita
905 1935 1024 1975 non
1060 1917 1279 1977 bonum
1316 1934 1429 1976 nee
1479 1934 1687 1975 verum
1700 1937 1716 1990 3
1774 1917 1932 1994 quod
1968 1920 2253 1994 imprimis
2288 1926 2489 1996 patet

339 2033 416 2075 ex
454 2015 666 2074 iisdem
705 2033 840 2075 etun
891 2016 1040 2075 fiunt
1076 2008 1357 2095 spiritus,
1411 2025 1550 2076 tunc
1601 2020 1742 2093 quia
1775 2020 1834 2075 in
1874 2020 2086 2093 spiritu
2122 2025 2286 2089 sunt,
2348 2037 2490 2078 uon

341 2115 508 2175 aliud
547 2116 760 2176 volunt
796 2134 975 2194 quam
1013 2118 1266 2193 malum,
1304 2135 1416 2177 nee
1453 2117 1617 2176 aliud
1641 2117 1968 2194 loquuntur
1996 2138 2172 2196 quam
2206 2118 2489 2195 falsum3

340 2216 455 2277 hoc
493 2235 647 2276 nunc
683 2217 1035 2295 intelligitur
1055 2217 1172 2296 ‘per
1204 2219 1442 2296 Equum
1478 2217 1796 2295 pallidum:
1837 2220 1996 2294 quod
2031 2220 2235 2302 Equus
2272 2220 2491 2296 signi-

339 2318 483 2379 ficet
529 2319 933 2395 intellectum,
998 2319 1275 2378 videatur
1336 2337 1523 2397 supra
1575 2338 1642 2377 n:
1715 2319 1887 2396 355,
1948 2319 2046 2379 hie
2095 2318 2490 2381 intellectum

339 2418 562 2491 Verbi,
627 2423 771 2497 quia
819 2439 930 2498 per
971 2421 1281 2481 sedentem
1338 2438 1526 2497 super
1560 2420 1730 2497 Equo
1772 2421 2142 2497 significatur
2176 2420 2493 2495 Verbum,

142 2514 302 2578 [541]
339 2538 414 2581 n:
465 2523 625 2581 373.
681 2522 857 2598 Quod
892 2521 1154 2597 pallidus
1191 2522 1485 2598 significet
1519 2521 1739 2579 malum
1771 2523 1933 2581 vitae
1963 2530 2023 2580 et
2056 2520 2190 2579 inde
2219 2520 2489 2593 falsum,

335 2623 423 2681 ita
458 2623 666 2698 Equus
717 2621 981 2699 pallidus
1035 2621 1405 2682 intellec-tum
1444 2620 1632 2679 Verbi
1676 2621 1902 2680 nullum
1953 2641 2026 2680 ex
2072 2621 2242 2680 malis
2295 2625 2485 2684 vitae

339 2721 400 2780 et
434 2722 572 2780 inde
608 2721 799 2797 salsis,
841 2730 934 2781 est
972 2725 1113 2798 quia
1147 2723 1343 2799 pallor
1376 2721 1600 2780 indicat
1640 2727 1699 2781 et
1735 2721 1870 2781 inde
1908 2722 2201 2799 significat
2236 2722 2485 2782 absen-

337 2823 480 2879 tiam
517 2823 678 2880 vitae
716 2840 824 2881 seu
869 2822 1341 2898 deprivationem
1382 2824 1544 2899 ejuS,
1584 2822 1680 2881 hie
1711 2822 2043 2881 absentiam
2082 2829 2139 2881 et
2175 2822 2483 2899 depriva-

337 2922 563 2981 tionem
591 2924 752 2980 vitae
788 2923 1117 2998 spiritualis
1129 2969 1145 2998 ,
1202 2942 1355 3000 quae
1403 2930 1498 2981 est
1536 2924 1772 2999 quando
1822 2923 1956 2982 loco
2001 2923 2143 2981 boni
2182 2926 2341 2981 vitae
2376 2933 2486 2983 est

341 3020 567 3080 malum
603 3022 793 3096 vitae,
851 3029 911 3081 et
956 3023 1088 3083 loco
1139 3028 1269 3084 veri
1315 3023 1457 3083 fide-i
1497 3030 1592 3083 est
1635 3024 1856 3083 falsum
1899 3023 2067 3097 fidei,
2120 3029 2264 3081 tunc
2302 3026 2477 3082 enim

336 3139 456 3181 non
494 3128 586 3180 est
619 3124 744 3180 vita
777 3123 1139 3198 spiritualis:
1186 3144 1296 3202 per
1323 3125 1507 3183 vitam
1545 3123 1913 3201 spiritualem
1952 3124 2301 3199 intelligitur
2334 3127 2477 3182 vita

337 3222 517 3293 coeli,
575 3240 729 3299 quae
780 3227 959 3283 etiam
998 3227 1057 3283 in
1095 3225 1299 3284 Verbo
1347 3225 1699 3301 simpliciter
1737 3226 1858 3285 vita
1901 3231 2184 3298 vocatur3
2239 3231 2302 3282 at
2334 3227 2475 3283 vita

337 3341 456 3383 non
492 3325 820 3400 spiritualis
858 3332 949 3384 est
986 3326 1179 3402 qualis
1217 3335 1310 3386 est
1344 3326 1465 3384 illis
1521 3329 1623 3401 qui
1676 3327 1733 3382 in
1781 3324 2012 3383 inferno
2068 3331 2237 3398 sunt,
2300 3341 2467 3406 quae

338 3427 518 3487 etiam
570 3427 630 3484 iu
677 3426 879 3485 Verbo
934 3434 1182 3485 vocatur
1225 3444 1402 3486 mors.
1505 3425 1683 3501 Quod
1732 3441 1845 3502 per
1898 3425 2135 3501 Equum
2168 3423 2465 3500 pallidum

334 3545 496 3586 mors
549 3526 881 3604 spiritualis
935 3526 1339 3602 significetur,
1418 3527 1590 3603 patet
1643 3542 1881 3603 quoque
1933 3542 2009 3585 ex
2060 3524 2462 3600 sequentibus

334 3628 515 3705 hujus
561 3628 822 3699 Versus,
873 3645 1010 3685 nam
1047 3626 1296 3701 dicitur,
1348 3625 1587 3686 Sedens
1630 3645 1820 3705 super
1856 3623 2047 3704 Equo
2087 3622 2204 3685 illo
2239 3643 2463 3685 nomen

337 3725 446 3787 illi
493 3746 696 3801 mors,
760 3733 819 3787 et
857 3727 1149 3806 infernus
1203 3726 1576 3805 sequebatur
1617 3744 1757 3787 oum
1807 3722 1942 3786 illo.
2030 3724 2235 3785 Simile
2272 3727 2463 3801 signi·

337 3826 552 3888 fleatur
579 3846 689 3904 per
715 3827 1007 3905 pallorem
1044 3845 1153 3886 seu
1189 3844 1301 3904 per
1325 3826 1615 3903 pallidum
1645 3826 1803 3903 apud
1840 3827 2170 3885 Jeremiam
2199 3825 2457 3900 „Inter-

337 3933 561 4005 royate
586 3946 815 4005 quaeso
842 3934 903 3989 et
930 3926 1134 3988 videte
1158 3946 1313 3988 num
1329 3926 1600 4006 pariens
1626 3945 1769 3986 mas
1779 3945 1808 3998 ;
1847 3915 2088 4014 [quare]
2116 3925 2298 3986 video
2326 3943 2457 3985 om-

335 4045 476 4087 nem
513 4025 723 4086 virum
753 4046 983 4089 manus
1007 4027 1145 4110 qjus
1171 4047 1362 4107 super
1388 4024 1624 4088 lumbis
1649 4026 1784 4108 ejus
1822 4026 1992 4087 sieut
2005 4023 2452 4105 parturientis,

336 4131 395 4186 et
444 4144 771 4187 conversae
832 4133 981 4189 sunt
1031 4147 1243 4189 omnes
1289 4127 1504 4208 facies
1557 4127 1628 4187 in
1667 4123 2037 4207 pallorem“
2103 4127 2326 4187 XXX:
2383 4129 2451 4196 ὃς

338 4225 482 4302 quid
518 4226 667 4284 haec
703 4226 1037 4299 involvunt,
1088 4247 1262 4288 nemo
1298 4230 1450 4288 scire
1487 4235 1691 4305 potest
1724 4230 1839 4287 nisi
1878 4230 2031 4288 sciat
2073 4228 2217 4306 quid
2270 4226 2447 4302 signi·
