2791 4778
482 354 593 406 380
910 341 1405 398 APOCAYLPSIS
1448 341 1879 400 EXPLICATA.
1952 344 1997 410 §.
2039 350 2163 404 401.

479 510 741 566 mentem
776 501 1183 578 spiritualem,
1237 502 1375 562 inde
1415 519 1653 580 quoque
1693 508 1786 561 est
1831 504 2048 560 circum
2102 519 2258 576 eam,
2321 500 2540 560 obvolvit

484 605 639 665 enim
675 620 805 662 eam
838 605 1257 679 undequaque,
1296 604 1434 662 ideo
1477 602 1693 662 dicitur
1729 620 1944 661 saccus
1986 602 2247 661 cilicinus
2283 617 2384 660 seu
2413 601 2538 677 pilo-

479 721 620 779 sus;
692 721 827 764 eum
876 706 1028 763 enim
1083 721 1250 761 mens
1305 703 1668 780 spiritualiS,
1725 721 1878 779 quae
1928 704 2198 778 superior
2247 708 2304 760 et
2343 704 2540 760 interior

478 821 649 865 mens
713 809 835 878 est,
924 804 1170 863 occlusa
1232 811 1356 878 est,
1439 812 1576 862 tunc
1640 803 1926 862 naturalis
1992 820 2159 861 mens
2220 820 2362 879 quae
2418 803 2537 859 inie-

480 908 603 965 rior
639 915 700 964 et
751 907 1040 980 exterior,
1098 910 1190 962 est
1223 907 1283 963 in
1320 903 1573 980 caligine
1612 904 1811 979 quoad
1848 906 2048 962 omnia
2087 903 2252 962 Coeli
2285 909 2340 959 et
2369 902 2540 959 Eccle-

484 1008 645 1078 siae,
687 1008 877 1064 omnis
925 1008 1076 1064 enim
1124 1005 1260 1079 lux,
1318 1023 1474 1080 quae
1514 1012 1606 1063 est
1648 1004 1906 1063 naturali
1944 1006 2157 1073 menti,
2199 1011 2258 1061 et
2289 1002 2414 1060 facit
2442 1003 2540 1077 ejus

484 1101 969 1182 intelligentiam,
1023 1112 1115 1164 est
1153 1123 1226 1164 ex
1266 1106 1398 1164 luce
1442 1109 1655 1164 mentis
1705 1106 1833 1181 ejus
1885 1104 2252 1180 spiritualis,
2304 1118 2429 1178 quae
2456 1102 2541 1159 lux

483 1213 578 1266 est
634 1206 737 1264 lux
795 1205 990 1273 Coeli;
1052 1205 1361 1279 sensuale,
1434 1206 1594 1281 quod
1642 1213 1736 1264 est
1792 1205 2068 1264 ultimum
2117 1203 2414 1275 naturaliS,
2470 1209 2544 1259 est

479 1324 718 1383 quoque
786 1309 942 1365 sicut
994 1306 1251 1383 pilosum
1298 1308 1358 1364 in
1414 1306 1548 1365 luce
1606 1306 1773 1364 Coeli
1792 1326 1806 1379 3
1873 1305 2011 1364 inde
2074 1314 2168 1364 est
2227 1303 2372 1380 quod
2422 1302 2544 1378 pilus

478 1405 770 1482 significet
806 1406 1074 1464 ultimum
1110 1407 1400 1466 naturalis
1440 1404 1725 1481 hominis,
1785 1406 1940 1483 quod
1981 1415 2079 1465 est
2128 1404 2393 1465 sensuale
2426 1404 2546 1479 ejus,

477 1506 751 1566 videatur
810 1525 879 1563 n:
953 1508 1163 1565 3301.
1242 1509 1452 1566 5247.
1522 1509 1706 1567 5569
1766 1508 1841 1565 ad
1911 1508 2141 1581 55733
2232 1506 2374 1563 haec
2425 1503 2549 1562 dicta

477 1614 653 1679 sunt,
705 1614 770 1664 ut
805 1608 1056 1680 sciatur,
1133 1624 1238 1664 eur
1290 1607 1513 1667 dictum
1566 1615 1688 1679 est,
1760 1608 1915 1683 quod
1953 1607 2049 1665 sol
2086 1608 2282 1666 factus
2317 1607 2387 1663 sit
2419 1605 2548 1679 niger

478 1715 758 1782 tanquam
818 1723 1030 1766 saccus
1104 1708 1406 1783 cilicinu53
1497 1727 1570 1767 ex
1632 1709 2069 1784 significatione
2140 1709 2344 1779 lunae,
2427 1703 2551 1779 quod

474 1810 555 1866 sit
603 1825 809 1868 verum
868 1808 1217 1885 spirituale,
1308 1810 1473 1885 quod
1519 1817 1768 1868 vocatur
1831 1811 2041 1869 'verum
2088 1809 2257 1882 fidei,
2335 1806 2401 1864 de
2459 1821 2552 1880 qua

476 1909 657 1968 etiam
693 1911 996 1984 sequitur;
1054 1916 1114 1966 et
1150 1928 1224 1967 ex
1270 1910 1704 1985 significatione
1753 1910 1911 1985 quod
1955 1910 2120 1968 sacta
2156 1912 2233 1968 sit
2268 1910 2412 1966 sieut
2440 1922 2552 1964 san-

476 2010 641 2087 guis,
707 2010 866 2085 quod
911 2013 990 2068 sit
1049 2010 1208 2086 quod
1263 2028 1466 2067 verum
1518 2010 1897 2069 falsificatum
1943 2013 2020 2069 sit
2033 2032 2050 2087 3
2144 2011 2382 2085 sanguis
2431 2007 2556 2064 enim

471 2114 537 2170 in
581 2113 837 2185 genuino
887 2128 1070 2170 sensu
1115 2110 1415 2187 significat
1458 2112 1745 2170 Divinum
1790 2111 2056 2181 Verum,
2132 2117 2193 2170 et
2228 2112 2287 2167 in
2322 2107 2555 2185 opposite

474 2210 818 2271 violentiam
861 2214 916 2271 ei
955 2213 1212 2284 illatam,
1265 2213 1348 2269 ita
1383 2212 1665 2270 Divinum
1704 2212 1931 2271 Verum
1972 2211 2383 2280 falsificatum,
2428 2202 2580 2282 quod*

472 2314 719 2388 sanguis
771 2315 830 2371 in
882 2311 1088 2371 Verbo
1143 2312 1247 2370 illa
1299 2313 1628 2388 significet,
1704 2312 1978 2372 videatur
2040 2329 2232 2389 supra
2286 2329 2350 2369 n:
2414 2309 2554 2378 3293

472 2415 609 2473 inde
651 2422 848 2490 patet,
908 2414 1049 2489 quid
1085 2414 1408 2489 signifieat,
1447 2414 1604 2489 quod
1641 2413 1784 2472 luna
1818 2415 1980 2473 facta
2014 2416 2094 2472 sit
2132 2422 2404 2489 tanquam
2440 2425 2555 2467 san·

477 2518 626 2592 guis.
700 2514 874 2590 Quod
903 2514 1007 2574 Sol
1041 2514 1333 2590 significet
1370 2514 1691 2573 Dominum
1729 2515 1926 2591 quoad
1962 2515 2251 2573 Divinum
2291 2515 2553 2581 Amorem,

476 2623 536 2675 et
570 2616 706 2675 inde
743 2616 904 2692 apud
939 2615 1258 2686 hominem,
1295 2614 1515 2673 bonum
1543 2617 1761 2675 amoris
1800 2618 1857 2673 in
1886 2615 2215 2674 Dominum
2244 2633 2280 2673 a
2317 2613 2554 2680 Domine,

478 2722 538 2775 et
576 2702 732 2791 quod
772 2717 915 2773 luna
954 2715 1250 2791 significet
1288 2733 1490 2774 verum
1529 2716 1873 2791 spirituale,
1929 2722 2022 2774 est
2060 2734 2251 2774 causa
2287 2716 2418 2791 quia
2450 2711 2554 2770 Do-

471 2818 666 2873 minus
702 2818 761 2873 in
801 2816 982 2875 Coelo
1026 2817 1128 2874 ubi
1172 2815 1388 2891 Angeli
1424 2815 1717 2874 coelestes
1756 2824 1913 2891 sunt,
1966 2823 2228 2892 apparet
2269 2823 2331 2874 ut
2365 2813 2476 2885 Sol,
2507 2813 2555 2867 et

471 2918 534 2972 in
573 2914 758 2973 Coelo
795 2914 898 2972 ubi
940 2916 1159 2991 Angeli
1195 2917 1540 2993 spirituales
1578 2924 1735 2985 sunt,
1769 2926 1834 2975 ut
1862 2918 2060 2991 Luna3
2107 2917 2273 2993 quod
2306 2915 2558 2992 appareat

469 3021 537 3074 ut
574 3013 710 3084 Sol,
762 3025 854 3073 est
891 3033 966 3073 ex
1001 3016 1219 3075 Divino
1256 3016 1460 3093 Ipsius
1498 3036 1729 3090 amore,
1786 3035 1919 3075 nam
1957 3016 2219 3077 Divinus
2256 3017 2433 3075 Amor
2463 3029 2551 3087 ap·

469 3123 646 3193 paret
683 3118 838 3173 sicut
871 3116 1063 3192 Ignis,
1108 3117 1263 3176 unde
1302 3117 1482 3176 Calor
1522 3125 1613 3177 est
1650 3117 1900 3193 Angelis
1936 3120 1997 3174 in
2035 3117 2269 3191 coelis,
2307 3116 2435 3175 inde
2468 3124 2552 3188 per

464 3217 673 3293 Ignem
714 3215 1041 3276 coelestem
1094 3226 1154 3276 et
1201 3218 1570 3293 spiritualem
1622 3220 1686 3275 in
1733 3217 1936 3279 Verbo
1987 3219 2340 3295 intelligitur
2387 3226 2551 3282 amor5

469 3317 629 3394 quod
684 3318 974 3377 Dominus
1029 3324 1323 3394 appareat
1372 3328 1437 3376 ut
1486 3319 1688 3388 Luna,
1754 3325 1846 3376 est
1895 3336 1931 3376 a
1967 3317 2102 3377 luce
2150 3336 2228 3377 ex
2275 3317 2375 3377 illo
2421 3312 2552 3376 Sole»

465 3418 641 3478 Luna
681 3421 834 3478 enim
871 3418 1069 3477 lumen
1106 3435 1280 3475 suum
1316 3419 1499 3477 trahit
1540 3436 1615 3476 ex
1650 3419 1752 3477 illo
1803 3418 1972 3493 Sole,
2030 3426 2090 3477 et
2134 3419 2270 3477 Lux
2304 3421 2363 3476 in
2398 3409 2549 3474 Coelo

471 3528 565 3580 est
600 3520 885 3579 Divinum
927 3518 1186 3600 Verum,
1241 3518 1378 3577 inde
1430 3537 1541 3595 per
1591 3519 1817 3578 Lucem
1866 3522 1927 3577 in
1966 3518 2170 3579 Verbo
2222 3516 2549 3594 significatur

467 3621 751 3680 Divinum
789 3620 1044 3679 Verum:
1100 3620 1208 3679 sed
1247 3619 1512 3709 ‹tieSole
1566 3626 1626 3678 et
1679 3619 1753 3678 de
1793 3620 1965 3678 Luna
2013 3622 2073 3678 in
2126 3618 2360 3687 Coelis,
2410 3610 2549 3674 etde

465 3722 635 3782 Luce
675 3730 736 3782 et
773 3721 846 3780 de
885 3720 1101 3781 Calore
1147 3721 1319 3793 inde,
1375 3720 1693 3780 videantur
1731 3737 1884 3796 quae
1938 3722 1998 3778 in
2029 3718 2230 3795 Opere
2267 3719 2340 3776 de
2378 3716 2550 3775 conto

469 3839 550 3880 m*
596 3821 871 3880 Iun-nimo
922 3839 986 3878 n:
1050 3824 1185 3880 116
1228 3821 1306 3880 ad
1351 3824 1518 3891 125,
1593 3828 1651 3879 et
1699 3839 1769 3878 n:
1832 3824 1963 3879 126
1996 3820 2073 3878 ad
2107 3824 2276 3894 140,
2342 3823 2551 3876 ostensa

268 3930 430 3992 [596]
471 3928 629 3979 sunt.
714 3920 889 3996 Quod
924 3923 985 3978 in
1024 3920 1229 3980 Verbo
1265 3941 1376 3999 per
1421 3920 1621 3981 Solem
1664 3921 2029 3997 significetur
2063 3920 2351 3981 Dominus
2386 3906 2553 3992 quoad

466 4020 749 4077 Divinum
785 4021 1101 4092 Amorem,
1159 4028 1220 4077 et
1271 4022 1434 4095 apud
1468 4022 1797 4090 hominem,
1849 4021 2070 4080 bonum
2106 4022 2320 4080 amoris
2356 4020 2412 4075 in
2443 3996 2550 4071 th·

467 4117 717 4186 minum,
779 4133 849 4173 ao
883 4133 996 4190 por
1029 4116 1258 4172 Lunam
1297 4117 1591 4178 Dominus
1632 4120 1832 4195 quoad
1865 4120 2152 4179 Divinum
2188 4122 2407 4180 Verum
2440 4110 2547 4187 spi·

465 4207 714 4280 rituale,
764 4216 1005 4292 ·eonstat
1043 4228 1115 4269 ex
1164 4217 1556 4287 sequentibus
1604 4215 1697 4277 his
1751 4220 1938 4295 loeis;
1995 4220 2156 4299 apud
2210 4217 2554 4281 Matthaeum
