2791 4778
452 331 563 399 326
896 317 1391 375 APOCALYPSIS
1435 319 1873 388 EXPLIOATA.
1926 320 1972 389 §.
2011 328 2127 383 388.

449 482 523 543 in
549 479 733 560 same
771 479 1038 541 redimet
1079 486 1139 540 te
1177 500 1220 541 a
1253 487 1482 551 morte,
1535 487 1595 541 et
1632 480 1702 541 in
1736 478 1890 541 bello
1926 500 1967 540 a
2006 482 2270 542 manibus
2303 480 2491 560 yladii,

451 579 825 642 vastitatem
862 588 922 642 et
948 582 1200 661 famem
1236 582 1506 656 ridebis,
1556 589 1615 642 et
1641 602 1681 641 a
1712 584 1865 662 sera
1902 587 2098 643 terrae
2120 601 2234 642 non
2255 582 2493 642 timebis“

451 681 541 741 V:
592 685 700 739 17.
741 683 853 741 20.
900 686 1026 757 223
1080 683 1233 741 haec
1287 683 1362 740 de
1406 683 1863 756 tentationibus;
1916 684 2123 742 beatus
2169 683 2328 741 homo
2360 701 2495 758 quem

453 784 709 857 castigat
746 783 949 855 Deus,
1005 783 1304 859 significat
1361 786 1464 860 qni
1518 792 1809 862 tentatur-3
1867 787 1925 842 in
1964 786 2114 842 same
2148 784 2370 842 redimet
2399 792 2499 841 tea

450 890 673 954 morte,
737 884 1031 959 significat
1066 883 1477 941 liberationem
1529 902 1565 942 a
1612 884 1785 942 malls
1838 903 1973 943 cum
2010 891 2258 942 tentatur
2288 902 2380 959 per
2418 884 2497 941 de-

450 984 672 1044 fectum
721 991 781 1041 et
822 1002 938 1043 non
975 988 1423 1061 perceptionem
1463 985 1600 1043 boni
1623 1005 1639 1059 3
1695 987 1753 1042 in
1789 985 1950 1044 bello
1994 1002 2028 1042 a
2063 985 2319 1044 manibus
2348 984 2501 1060 gladii,

454 1084 758 1161 significat
792 1085 1207 1144 liberationem
1246 1103 1281 1141 a
1317 1086 1487 1144 falsis
1543 1104 1680 1144 cum
1727 1092 1991 1143 tentatur
2036 1104 2145 1162 per
2179 1086 2433 1144 defectum
2459 1090 2503 1142 et

451 1202 573 1243 non
607 1184 975 1245 intellectum
1016 1188 1180 1260 veri,
1236 1185 1463 1244 bellum
1520 1194 1611 1245 est
1660 1189 1937 1259 tentati03
1992 1188 2324 1245 vastitatem
2353 1193 2399 1244 et
2433 1185 2500 1241 fa-

452 1302 622 1344 mem¹
646 1285 899 1359 ridebis,
956 1287 1251 1362 significat
1286 1287 1447 1361 quod
1484 1305 1600 1346 non
1640 1290 1694 1345 ei
1731 1287 2001 1346 desectus
2044 1288 2207 1360 boni,
2260 1294 2314 1345 et
2353 1303 2383 1342 a
2408 1284 2501 1342 fera

454 1391 652 1445 terrae
697 1404 811 1444 non
847 1386 1107 1459 timebiS,
1147 1387 1441 1463 signifieat
1477 1388 1635 1463 quod
1672 1389 1727 1447 ei
1756 1405 1870 1445 non
1908 1388 2145 1446 falsum.
2200 1387 2362 1463 Apud
2388 1386 2504 1443 Eze-

453 1486 710 1546 chielem
753 1485 911 1561 „Sic
947 1486 1121 1547 dices
1158 1487 1250 1547 ad
1273 1506 1399 1562 eos,
1453 1488 1565 1566 qui
1600 1488 1671 1548 in
1714 1488 2130 1549 vastitatibus
2161 1485 2367 1568 yladio
2409 1503 2506 1543 mo-

453 1586 742 1661 rientur,
780 1594 840 1648 et
884 1587 998 1666 qui
1031 1607 1221 1666 super
1242 1589 1540 1668 faciebus
1578 1587 1930 1668 ayriserae
1967 1589 2128 1649 dabo
2162 1608 2296 1649 eum
2327 1585 2400 1646 ad
2430 1584 2508 1644 de·

446 1686 801 1747 vorandum
811 1707 840 1758 ;
912 1695 971 1748 et
1015 1688 1127 1767 qui
1161 1688 1231 1747 in
1273 1689 1737 1749 munitionibus
1777 1697 1836 1750 et
1888 1690 2174 1751 cavernis
2209 1693 2371 1769 peste
2406 1705 2505 1745 mo-

446 1785 734 1856 rientum
809 1786 969 1848 dabo
1022 1789 1188 1849 enim
1242 1796 1480 1850 tem-am
1532 1787 1986 1850 desolationem
2044 1797 2105 1851 et
2158 1789 2505 1850 vastitatem“

451 1885 764 1947 XXXIII:
808 1890 918 1946 27.
962 1892 1085 1966 283
1126 1893 1321 1966 agitur
1354 1891 1453 1949 hic
1491 1891 1565 1950 de
1603 1891 1974 1950 desolatione
2012 1895 2203 1950 omnis
2240 1892 2359 1950 veri
2390 1886 2511 1947 etde

445 1989 785 2046 vastatione
837 1991 1026 2048 omnis
1062 1991 1203 2049 boni
1250 1994 1309 2050 in
1357 1992 1664 2065 Ecclesia,
1720 2000 1786 2049 ut
1833 2010 2074 2069 quoque
2113 1993 2342 2063 dicitur,
2392 1988 2509 2046 dabo

446 2093 671 2149 terram
705 2090 765 2147 in
803 2090 1231 2150 desolationem
1273 2098 1334 2150 et
1367 2094 1745 2162 vastitatem,
1805 2100 1965 2151 terra
2015 2094 2308 2169 significat
2347 2088 2513 2150 Eccle-

446 2191 630 2265 siam3
686 2191 787 2266 qui
836 2193 893 2249 in
943 2192 1330 2252 vastitatibus
1381 2193 1582 2268 gladio
1638 2196 1996 2268 morientur,
2067 2194 2348 2270 significat
2394 2186 2515 2268 quod

447 2292 549 2368 qui
585 2292 644 2348 in
679 2292 1022 2352 scientificis
1059 2296 1311 2368 perituri
1348 2295 1468 2352 sint
1501 2311 1612 2370 per
1646 2294 1824 2366 falsa,
1888 2295 2224 2353 scientifica
2267 2296 2401 2353 enim
2430 2307 2511 2347 na·

397 2435 404 2442 ,
445 2392 657 2451 turalis
692 2393 947 2454 hominis
984 2394 1214 2471 absque
1251 2394 1385 2453 luce
1426 2413 1499 2453 ex
1540 2395 1838 2472 spirituali
1872 2397 2291 2474 intelliguntur
2322 2396 2402 2453 hic
2433 2407 2514 2468 per

441 2495 786 2571 vastitates3
843 2497 944 2572 qui
980 2510 1165 2571 super
1200 2495 1470 2555 faciebus
1520 2499 1648 2573 agri
1688 2497 1851 2555 serae
1891 2497 2046 2556 dabo
2089 2517 2224 2558 eum
2264 2496 2333 2555 ad
2365 2495 2513 2552 devo·

442 2594 725 2667 randum,
759 2596 1073 2672 ‘significat-
1111 2596 1269 2673 quod
1309 2598 1410 2672 qui
1458 2600 1518 2655 in
1567 2598 2001 2672 cognitionibus
2043 2618 2113 2658 ex
2158 2598 2350 2657 Verbo
2381 2595 2512 2671 peri-

443 2696 563 2752 turi
597 2698 716 2754 sint
749 2714 860 2773 per
896 2696 1055 2755 mala
1090 2697 1222 2755 falsi
1244 2742 1261 2771 ‚
1317 2696 1502 2756 facies
1539 2699 1670 2773 agri
1714 2705 1852 2756 sunt
1888 2698 1993 2756 illa
2044 2717 2202 2775 quae
2238 2696 2516 2766 Ecclesiae,

447 2792 544 2852 hic
583 2796 951 2870 cognitiones
991 2816 1062 2856 ex
1104 2797 1343 2872 Verbo,
1400 2799 1530 2856 fera
1579 2804 1671 2856 est
1716 2798 1935 2857 malum
1983 2799 2151 2876 falsi3
2207 2801 2387 2877 quiin
2416 2812 2519 2853 mu-

445 2894 772 2952 nitionibus
815 2904 873 2954 et
910 2901 1183 2957 cavernis
1220 2906 1393 2974 peste
1424 2901 1782 2973 morientur,
1837 2900 2139 2976 significat
2176 2904 2275 2976 qui
2307 2917 2368 2957 se
2408 2913 2520 2956 con·

439 2992 829 3055 firmaverunt
861 2998 922 3056 in
959 2998 1127 3058 falsis
1168 3007 1227 3059 et
1263 2999 1438 3058 malis
1477 3018 1549 3058 ex
1586 2998 1809 3072 Verb0,
1851 3009 1910 3058 et
1946 3003 2046 3077 qui
2086 3019 2163 3060 ex
2202 2997 2518 3066 scientificis,

445 3094 606 3173 quod
642 3112 891 3170 prorsus
931 3117 1004 3158 ex
1042 3100 1214 3159 malis
1253 3109 1315 3161 et
1351 3100 1520 3160 salsis
1558 3102 1807 3175 perituri
1844 3104 1989 3174 sint,
2032 3106 2383 3161 munitiones
2415 3100 2522 3157 sunt

445 3194 921 3257 confirmationes
982 3217 1053 3258 ex
1108 3200 1341 3273 Verb0‚
1423 3218 1721 3260 cavernae
1770 3209 1913 3261 sunt
1960 3203 2423 3261 confirmationes
2465 3211 2518 3254 ex

439 3295 814 3356 scientificis:
855 3302 1013 3376 quod
1050 3302 1198 3360 haec
1237 3302 1644 3378 significentur
1677 3319 1788 3376 per
1826 3302 1932 3360 illa
1970 3303 2186 3380 verba,
2227 3322 2338 3364 non
2372 3295 2520 3359 videri

436 3404 639 3475 potest
673 3399 789 3457 nisi
828 3418 900 3459 ex
941 3405 1095 3461 serie
1135 3403 1193 3459 in
1229 3419 1414 3462 sensu
1449 3405 1714 3475 interno,
1771 3405 1967 3478 agitur
2005 3407 2197 3473 enim,
2249 3411 2314 3462 ut
2340 3403 2518 3460 dictum

441 3508 569 3579 est,
629 3500 702 3560 de
732 3501 903 3560 totali
938 3504 1276 3561 vastatione
1313 3502 1642 3563 Ecclesiae.
1725 3504 1903 3577 Apud
1939 3503 2208 3563 Eundem
2250 3502 2520 3579 „Mittam

436 3620 628 3680 super
679 3621 790 3662 vos
832 3602 1082 3682 samem
1134 3608 1194 3662 et
1233 3604 1454 3683 seram
1504 3600 1773 3679 malam,
1830 3610 1889 3664 et
1926 3605 2142 3665 orbam
2176 3604 2420 3685 faciam
2461 3602 2519 3670 te,

436 3706 497 3762 et
524 3703 734 3781 pestis
785 3707 844 3762 et
897 3702 1170 3783 sanquis
1221 3704 1524 3764 transibit
1563 3723 1685 3783 per
1746 3709 1831 3775 te,
1893 3704 2222 3783 imprimis
2261 3700 2519 3785 yladium

435 3800 759 3863 adducam
786 3822 977 3884 super
1000 3807 1103 3864 te“
1132 3804 1218 3862 V:
1272 3808 1299 3862 l
1321 3810 1398 3863 7:
1451 3805 1612 3881 apud
1651 3805 1919 3864 Eundem
1957 3804 2286 3880 „Quando
2327 3802 2520 3864 misero

437 3901 511 3961 in
538 3906 772 3962 terram
785 3904 1054 3984 famem,
1085 3909 1144 3964 et
1171 3904 1546 3966 exscindam
1578 3905 1685 3982 [ew
1712 3906 1813 3983 ea]
1846 3905 2158 3966 hominem
2186 3910 2245 3965 et
2271 3902 2519 3970 bestiarii,

433 4000 686 4080 quando
722 4003 942 4083 seram
987 4003 1233 4066 malam
1287 4006 1565 4067 transire
1588 4007 1802 4085 fecero
1837 4026 1960 4085 per
1998 4011 2235 4068 tmam
2247 4051 2265 4081 ,
2333 4010 2390 4065 et
2437 4016 2520 4059 or·-

434 4100 673 4163 baverit
711 4100 927 4180 illam,
983 4111 1057 4167 ut
1084 4101 1214 4186 flat
1248 4104 1589 4182 desolatio,
1644 4107 1744 4168 ita
1783 4115 1857 4168 ut
1892 4125 2017 4168 non
2059 4106 2374 4169 transiens
2382 4116 2521 4182 pro·

360 4203 572 4288 ἱΡΜ·
600 4201 860 4277 feram:
913 4208 973 4262 et
1013 4205 1265 4282 quando
1310 4206 1645 4270 adduoeero
1674 4204 2007 4287 ⁴stadium,
2072 4214 2132 4268 et
2171 4207 2391 4269 misero
2418 4215 2516 4280 pa·
