2791 4778
375 396 610 454 CAPUT
651 395 993 463 QUINTUM.
1876 396 2086 452 VERS=
2130 410 2183 461 6.
2267 412 2336 464 51

224 560 372 632 veri,
429 572 540 634 per
577 556 867 632 virginem
906 555 1139 616 affectio
1177 544 1414 631 eorum,
1453 562 1515 617 et
1548 574 1659 633 per
1693 557 1977 617 infantem
2014 576 2190 619 omne
2226 562 2338 621 bo-

147 712 160 721 .
227 676 365 717 num
421 665 483 718 et
531 674 742 715 verum
797 673 1085 727 nascenS,
1139 658 1200 715 in
1238 658 1446 733 specie
1495 656 1714 716 bonum
1760 659 2168 736 innocentiae,
2231 677 2344 738 per

227 758 384 836 quod
429 758 626 818 omnia
668 757 981 816 Ecclesiae
1028 756 1188 833 apud
1239 756 1538 816 hominem
1586 764 1942 836 nascuntur,
1997 776 2108 836 per
2150 764 2346 821 virum

226 870 410 935 super
451 875 566 935 quo
594 859 828 934 signum
866 855 942 915 ad
971 874 1148 933 quem
1183 873 1302 915 non
1341 859 1925 934 appropinquarent,
1978 860 2348 936 significatur

225 977 432 1018 verum
492 975 568 1017 ex
610 957 785 1017 bono.
869 957 1049 1033 Apud
1091 956 1363 1015 Eundem
1420 1001 1457 1032 „
1485 953 1569 1017 Ut
1618 955 1905 1036 lapident
1953 977 2063 1020 eas
2110 957 2344 1041 lapide,

224 1056 598 1121 discindant
635 1076 744 1118 eas
780 1053 1060 1137 yladiis,
1115 1052 1300 1136 filios
1346 1074 1568 1118 earum
1611 1053 1889 1139 et'filiac
1927 1077 2149 1121 earum
2184 1062 2347 1123 occi-

224 1161 415 1235 dant,
469 1162 530 1217 et
567 1156 788 1218 domoc
825 1175 1046 1217 earum
1085 1155 1232 1236 iyne
1273 1156 1683 1218 comburant“
1741 1158 1990 1218 XXIII:
2030 1163 2144 1237 473
2197 1163 2349 1222 haec

225 1263 388 1322 dicta
422 1265 562 1318 sunt
598 1259 670 1318 de
709 1257 982 1318 Samaria
1033 1262 1092 1316 et
1138 1256 1212 1317 de
1247 1257 1703 1335 Hierosolyma,
1755 1277 1910 1335 quae
1944 1259 2026 1319 ibi
2060 1269 2352 1322 vocantur

227 1362 427 1422 Ohola
455 1366 515 1420 et
529 1359 803 1432 Oholiba,
833 1375 946 1434 per
964 1374 1114 1433 quas
1141 1358 1554 1435 significantur
1578 1358 1753 1419 binae
1770 1360 2097 1434 Ecclesiae,
2128 1379 2347 1440 nempe

230 1460 561 1540 spiritualis
612 1465 670 1518 et
706 1458 1043 1544 coelestiS,
1077 1457 1175 1516 hie
1220 1458 1362 1517 illac
1397 1457 1705 1520 Ecclesiae
1752 1478 1863 1536 per
1896 1460 2050 1520 falsa
2097 1468 2158 1522 et
2192 1462 2353 1522 mala

234 1564 619 1635 devastatae3
655 1558 925 1636 lapidare
962 1557 1194 1634 lapide,
1250 1565 1309 1617 et
1361 1558 1697 1619 discindere
1744 1561 1991 1638 gladiis,
2053 1562 2350 1639 significat

231 1663 700 1723 destructionem
718 1662 844 1718 veri
867 1677 977 1735 per
995 1658 1166 1732 falsa,
1195 1659 1483 1735 lapidatio
1513 1661 1665 1719 enim
1693 1661 2065 1738 significabat
2089 1679 2351 1741 poenam

228 1774 291 1823 et
327 1768 578 1822 mortem
623 1765 870 1836 propter
905 1759 1245 1820 violentiam
1298 1759 1529 1819 illatam
1564 1760 1781 1820 Divino
1821 1762 2017 1839 Vero,
2074 1763 2349 1823 similiter

227 1864 508 1924 discissio
555 1878 665 1938 per
709 1860 941 1936 gladios
955 1880 971 1935 3
1025 1858 1180 1918 filios
1236 1867 1297 1921 et
1343 1859 1497 1918 filias
1545 1861 1846 1937 occidere,
1903 1863 2201 1940 significat
2237 1863 2347 1924 de-

227 1973 464 2023 struere
501 1963 696 2020 omnia
731 1978 878 2019 vera
914 1967 975 2020 et
1009 1959 1199 2030 bona,
1244 1960 1357 2019 >filii
1390 1967 1530 2019 sunt
1565 1979 1715 2020 vera
1750 1969 1810 2020 et
1842 1963 2002 2023 filiae
2036 1964 2230 2040 bona3
2288 1969 2350 2023 et

228 2065 438 2123 domos
473 2065 610 2139 igne
648 2060 1032 2131 comburere,
1084 2062 1379 2138 significat
1415 2063 1612 2120 omnia
1648 2079 1801 2138 quae
1856 2070 1995 2123 sunt
2031 2066 2249 2123 amoris
2287 2069 2350 2122 et

229 2165 538 2223 charitatis
566 2162 874 2221 destruere
910 2178 1021 2237 per
1047 2161 1205 2219 mala
1232 2162 1452 2219 amoris
1495 2163 1589 2221 sui
1625 2169 1684 2221 et
1712 2163 1932 2238 mundi,
1973 2164 2182 2224 domus
2210 2169 2350 2223 sunt

230 2266 514 2323 interiora
546 2263 832 2335 hominist,
887 2263 981 2319 ita¹
1021 2278 1175 2337 quae
1230 2262 1362 2338 ejus
1414 2265 1631 2321 amoris
1685 2271 1851 2338 sunt,
1905 2263 2003 2323 hic
2039 2263 2199 2340 quod
2237 2262 2347 2323 de-

231 2371 490 2439 structa,
543 2364 696 2440 ignis
734 2368 828 2422 est
885 2379 1054 2421 amor
1100 2363 1161 2421 in
1209 2367 1464 2440 utroque
1513 2379 1716 2422 sensu.
1803 2363 1984 2440 Apud
2019 2363 2350 2423 Jeremiam

139 2537 145 2542 ,
238 2464 635 2539 „Jaouemnt
673 2462 745 2522 in
780 2467 983 2532 terra,
1024 2459 1268 2541 plateis
1293 2481 1460 2541 puer
1496 2468 1556 2522 et
1593 2481 1781 2522 senex
1798 2507 1814 2537 ,
1854 2462 2139 2543 viminea
2178 2479 2351 2522 meae

234 2570 296 2622 et
317 2564 578 2644 juvenes
604 2561 728 2621 mei
753 2559 1102 2625 ceciderunt
1126 2560 1383 2643 gladia
1424 2562 1721 2623 occidisti
1758 2563 1829 2622 in
1864 2560 1971 2622 die
2013 2562 2152 2623 irae
2178 2567 2343 2635 tuae,

235 2681 366 2723 non
392 2658 778 2741 pepercisti“
819 2662 1046 2722 Thren:
1083 2663 1171 2722 H:
1216 2668 1335 2739 213
1392 2666 1588 2740 agitur
1626 2666 1803 2723 etiam
1846 2662 1929 2721 ibi
1964 2662 2038 2724 de
2072 2664 2347 2723 Ecclesia

235 2764 592 2838 devastata5
637 2762 843 2839 jacere
879 2764 939 2820 in
973 2769 1136 2823 terra
1170 2769 1233 2823 et
1265 2766 1324 2822 in
1361 2764 1610 2840 plateis,
1665 2763 1961 2841 significat
2005 2781 2042 2822 a
2076 2765 2250 2824 malis
2288 2745 2350 2825 et

230 2883 270 2923 a
305 2862 479 2923 falsis
517 2862 883 2937 destructos;
940 2882 1094 2940 puer
1131 2870 1190 2923 et
1231 2880 1449 2935 senex,
1503 2867 1766 2940 virgines
1804 2871 1873 2924 et'
1890 2863 2149 2943 juvenes
2184 2866 2345 2925 ceci-

225 2965 450 3025 derunt
485 2962 718 3041 gladio,
770 2963 1096 3041 significat,
1152 2965 1249 3024 hic
1284 2971 1351 3022 ut
1386 2980 1602 3042 supra,
1658 2966 1854 3024 omnia
1897 2964 2059 3024 bona
2094 2973 2156 3025 et
2200 2981 2350 3025 vcra

222 3084 364 3126 cum
402 3063 798 3141 intelligentia
847 3070 908 3122 et
955 3066 1284 3140 sapientia:
1351 3067 1668 3124 exstinctio
1732 3081 1936 3125 eorum
1981 3064 2351 3143 significatur

222 3185 338 3244 per
374 3165 649 3225 occidisti
686 3165 743 3222 in
780 3163 877 3222 die
912 3165 1040 3223 irae
1077 3170 1252 3239 tuae,
1290 3183 1409 3223 non
1444 3167 1798 3241 pepercisti,
1834 3165 1962 3225 dies
1997 3168 2123 3226 irae
2160 3166 2347 3242 signi-
2454 3227 2457 3229 ,

223 3268 367 3327 (icat
412 3266 690 3326 ultimum
745 3269 965 3323 statum
1014 3265 1355 3335 Ecclesiae,
1419 3264 1656 3341 quando
1695 3264 2019 3342 judicium3
2072 3264 2353 3325 tribuitur

225 3367 513 3427 Jehovae
577 3364 741 3441 quod
801 3364 1111 3439 occiderit,
1167 3364 1281 3424 hoc
1329 3370 1424 3424 est
1440 3409 1456 3439 ,
1515 3367 1867 3424 exstinxerit
1898 3364 2032 3439 illa,
2087 3365 2197 3425 sed
2257 3369 2353 3424 est

219 3468 359 3544 ipse
408 3466 624 3541 hom03
693 3480 911 3523 sensus
960 3464 1171 3523 literae
1227 3471 1320 3525 est
1363 3464 1536 3538 talis,
1601 3472 1669 3524 ut
1732 3464 2027 3523 tribuatur
2073 3462 2352 3523 Jehovae

223 3567 393 3643 quod
449 3572 542 3624 est
579 3567 774 3642 ipsius
821 3563 1114 3633 hominiS,
1165 3565 1442 3624 videatur
1490 3583 1560 3623 n:
1603 3567 1819 3623 2447.
1878 3562 2089 3622 5798.
2136 3563 2349 3622 6071.

232 3667 456 3723 6991.
518 3667 729 3724 6997.
791 3665 1002 3724 7533.
1064 3666 1272 3724 7632.
1329 3666 1541 3724 7643.
1600 3666 1808 3724 7877.
1862 3663 2073 3721 7679.
2137 3662 2351 3722 7710.

237 3766 456 3821 7926.
508 3766 715 3850 8227.
777 3766 992 3824 8282.
1053 3766 1264 3825 8483.
1325 3766 1538 3826 8632.
1592 3766 1802 3823 9010.
1864 3762 2075 3821 9128.
2136 3762 2350 3822 9306.
2431 3846 2434 3848 .

238 3867 268 3920 1
289 3864 431 3921 043
450 3865 478 3921 1
493 3906 506 3920 .
584 3864 781 3940 Apud
798 3863 986 3923 Amos
1027 3863 1487 3940 „Eccacindam
1512 3862 1800 3946 judicem
1825 3881 1858 3921 e
1882 3859 2089 3923 medio
2112 3859 2354 3934 Moabi‚

220 3967 285 4021 et
340 3973 553 4022 omnes
587 3962 914 4044 principes
959 3962 1096 4046 ejus
1146 3962 1433 4025 occidam
1482 3981 1625 4024 cum
1681 3960 1796 4024 illo
1818 3964 1858 3997 ‘⁶‘
1935 3962 2029 4023 11:
2086 3966 2122 4024 3
2149 3983 2165 4040 3
2245 3977 2359 4040 per

227 4060 517 4120 Moabum
552 4064 612 4122 in
636 4047 839 4123 Verbo
876 4064 1287 4142 intelliguntur
1323 4066 1426 4142 qui
1455 4064 1791 4124 adulterant
1823 4062 1983 4124 bona
2007 4063 2352 4139 Ecclesiae3

223 4180 345 4240 per
373 4161 635 4238 judicem
672 4167 775 4240 qui
810 4164 1217 4240 exscindetur,
1273 4172 1333 4225 et
1366 4183 1479 4243 per
1512 4167 1816 4242 principes
1853 4166 1955 4242 qui
1991 4163 2357 4229 occidentur,

219 4262 599 4341 significatur
638 4264 861 4323 bonum
910 4264 1070 4341 quod
1105 4264 1477 4325 adulteratur
1522 4271 1583 4324 et
1616 4282 1762 4325 vera
1811 4280 1966 4340 quae
2002 4262 2139 4320 inde
2181 4259 2354 4317 falsi-

1906 4365 1944 4417 4
1987 4355 2027 4392 ι*
