2791 4778
447 376 555 429 314
893 362 1378 418 APOCALYPSIS
1422 363 1855 420 EXPLICATA.
1917 363 1961 430 §.
2006 372 2136 424 386.

445 527 598 585 seris
636 524 924 582 esurienti
962 524 1237 592 animam,
1285 525 1619 583 esurientes
1658 529 1795 582 sunt
1833 524 1934 599 qui
1971 522 2333 597 desiderant,
2372 527 2554 582 anima

446 632 542 684 est
576 624 970 699 intelligentia
1007 626 1136 682 veri
1176 626 1506 700 instruens3
1557 623 1724 699 'quod
1760 624 1920 699 apud
1956 623 2091 682 illos
2130 625 2234 700 qui
2266 625 2328 681 in
2365 624 2554 683 dolore

443 733 696 803 propter
731 724 889 782 falsa
945 724 1159 800 quibus
1208 731 1607 801 occupantur,
1662 724 2011 800 intelligitur
2061 742 2172 800 per
2221 728 2274 782 si
2314 727 2553 783 animam

445 827 722 886 afflictam
752 826 1150 899 saturaveri53
1207 825 1363 900 quod
1403 825 1566 901 apud
1595 824 1727 883 illos
1767 826 1955 899 quiin
1995 841 2067 882 ea
2099 824 2396 883 charitate
2433 834 2558 884 sunt

449 928 784 1004 ignorantia
820 925 1204 999 discutiatur,
1258 942 1328 983 ac
1376 943 1524 985 vera
1558 924 1799 984 luceant
1836 930 1895 981 et
1930 925 2230 1001 fulgeant,
2287 925 2556 1001 intelligi-

445 1034 546 1086 tur
578 1044 691 1102 per
727 1027 1022 1083 exorietur
1049 1027 1108 1082 in
1146 1025 1411 1084 tenebris
1446 1025 1549 1083 lux
1586 1032 1724 1094 tua,
1771 1032 1833 1083 et
1871 1025 2064 1101 caligo
2111 1033 2216 1083 tua
2242 1027 2405 1082 sicut
2441 1044 2556 1083 me-

445 1127 661 1199 ridies,
717 1126 1002 1184 tenebrae
1041 1125 1375 1200 significant
1410 1127 1804 1201 ignorantiam
1840 1128 2057 1183 mentis
2095 1125 2463 1200 spiritualis,
2509 1133 2559 1183 et

451 1227 642 1302 caligo
679 1227 1071 1301 ignorantiam
1122 1228 1332 1284 mentis
1383 1226 1704 1298 naturaliS,
1763 1242 1834 1285 ac
1885 1226 1988 1285 lux
2044 1243 2257 1285 verum
2308 1227 2371 1282 in
2419 1226 2553 1296 luce,

447 1326 728 1386 meridies
784 1326 1078 1400 similiter3
1136 1326 1273 1384 talis
1324 1326 1642 1384 illustratio
1694 1332 1787 1384 est
1833 1326 1952 1384 illis
2004 1328 2107 1406 qui
2154 1343 2229 1382 ex
2282 1325 2557 1382 charitate

447 1443 555 1486 seu
607 1444 680 1485 ex
724 1425 1033 1484 affectione
1086 1426 1385 1501 spirituali
1438 1429 1739 1485 instruunt
1793 1427 1931 1485 illos
1991 1428 2092 1501 qui
2146 1426 2210 1482 in
2263 1425 2436 1484 falsis
2492 1443 2554 1482 ex

442 1530 778 1603 ignorantia
815 1534 982 1599 sunt,
1040 1526 1297 1584 charitas
1341 1529 1496 1585 enim
1543 1527 1648 1584 illa
1689 1532 1780 1584 est
1815 1525 2272 1602 receptaculum
2311 1527 2552 1583 influxus

446 1628 598 1687 lucis
640 1644 748 1685 seu
794 1630 919 1685 veri
966 1644 1002 1683 a
1050 1627 1326 1685 Domino.
1421 1626 1605 1702 Apud
1629 1626 1902 1686 Eundem
1942 1623 2213 1700 „Nonne
2249 1624 2369 1684 hoc
2395 1625 2549 1706 jeju-

442 1727 623 1786 nium
656 1727 821 1803 quod
861 1724 1057 1804 enyo,
1102 1727 1414 1805 franyere
1447 1726 1752 1786 esurienti
1789 1745 2024 1804 panem
2071 1730 2289 1798 tuum,
2347 1733 2408 1785 et
2456 1725 2551 1803 as·

433 1825 656 1903 flictos
695 1824 914 1886 exules
949 1825 1344 1886 introducere
1378 1826 1667 1901 domum,
1722 1846 1916 1905 quum
1943 1823 2185 1886 videris
2224 1823 2470 1885 nudum
2503 1828 2555 1882 et

448 1924 807 1986 obteoeeris“
846 1926 1081 1985 LVIII:
1122 1931 1179 1985 6.
1228 1933 1296 2001 73
1337 1927 1554 1985 similia
1590 1944 1701 2003 per
1735 1927 1886 1985 haec
1924 1926 2110 1984 verba
2134 1926 2553 2001 intelliguntur,

446 2043 584 2083 nam
619 2028 892 2103 frangere
944 2029 1226 2084 esurienti
1282 2045 1534 2102 panem,
1596 2026 1892 2103 significat
1943 2045 2017 2085 ex
2070 2027 2365 2084 charitate
2403 2042 2557 2085 com-

446 2128 749 2185 municare
795 2134 853 2185 et
887 2128 1183 2184 instruere
1221 2127 1355 2185 illos
1395 2130 1496 2202 qui
1550 2128 1609 2183 in
1650 2129 1985 2202 ignorantia
2038 2131 2096 2184 et
2145 2126 2328 2184 simul
2362 2129 2423 2183 in
2459 2125 2559 2184 de·

451 2226 669 2287 siderio
707 2227 934 2286 sciendi
972 2244 1114 2283 vera
1152 2235 1317 2301 sunt3
1358 2228 1611 2285 afflictos
1652 2227 1859 2285 exules
1891 2226 2268 2284 introducere
2308 2226 2559 2297 domum,

446 2328 740 2404 significat
779 2327 914 2385 illos
954 2328 1054 2402 qui
1088 2329 1147 2383 in
1182 2327 1351 2384 falsis
1395 2333 1536 2384 sunt
1577 2333 1637 2384 et
1677 2326 1812 2385 inde
1857 2329 1919 2384 in
1955 2327 2191 2401 dolore,
2244 2326 2562 2384 emendare

448 2438 509 2488 et
549 2432 900 2503 restituere,
960 2428 1160 2485 afflicti
1210 2428 1419 2485 exules
1456 2436 1594 2485 sunt
1623 2430 1726 2502 qui
1761 2430 1819 2486 in
1849 2428 2051 2485 dolore
2091 2445 2165 2486 ex
2201 2427 2396 2500 falsis,
2434 2445 2565 2485 nam

448 2532 548 2605 qui
601 2532 660 2586 in
717 2529 886 2587 falsis
938 2533 1077 2587 sunt
1121 2528 1266 2586 foris
1315 2535 1507 2599 stant,
1576 2535 1637 2585 at
1689 2530 1789 2603 qui
1840 2531 1900 2586 in
1954 2530 2143 2601 veris,
2202 2527 2364 2585 domi
2417 2533 2563 2600 sunt,

448 2630 659 2688 domus
699 2632 854 2688 enim
894 2637 987 2688 est
1031 2645 1197 2685 mens
1236 2628 1697 2696 intellectualiS,
1758 2631 1818 2685 in
1872 2646 2048 2703 quam
2087 2644 2202 2684 non
2239 2629 2361 2686 nisi
2398 2645 2569 2703 quam

448 2747 595 2789 vera
643 2731 1148 2800 intromittuntur,
1218 2732 1485 2803 aperitur
1526 2731 1692 2786 enim
1743 2728 1846 2786 illa
1901 2745 2011 2804 per
2061 2745 2206 2785 vera
2255 2744 2334 2785 ex
2387 2727 2565 2801 bon03

448 2831 588 2902 quia
622 2829 771 2886 haec
809 2829 1257 2902 significantur,
1314 2831 1495 2886 etiam
1536 2828 1800 2900 additur,
1858 2847 2038 2903 quum
2078 2827 2300 2885 videris
2350 2828 2566 2886 nudum

363 3007 366 3008 7
452 2934 513 2986 et
549 2928 883 3010 obteret-iffi
923 2946 1032 3003 per
1067 2928 1287 2986 nudum
1326 2929 1692 3003 significatur
1731 2922 1834 3003 'qui
1868 2928 2097 3003 absque
2133 2929 2316 2999 veris,
2376 2936 2439 2987 et
2472 2945 2566 3006 per

450 3027 741 3101 obtegere
803 3028 1170 3103 s1gnificatur
1220 3030 1545 3101 instruere,
1618 3031 1977 3087 vestimenta
2040 3029 2194 3086 enim
2255 3029 2321 3086 in
2371 3028 2566 3088 Verbo

452 3125 795 3203 significant
847 3144 991 3185 vera
1045 3129 1379 3200 induentia,
1447 3128 1955 3203 videatur‘supra
2005 3147 2073 3186 n:
2133 3129 2298 3186 195.
2399 3126 2568 3206 Apud

452 3227 723 3285 Eundem
780 3225 974 3303 „Non
1024 3229 1303 3288 esurient
1346 3247 1538 3306 neque
1589 3227 1836 3302 sitient,
1890 3245 2079 3305 neque
2115 3230 2438 3305 percutiet
2481 3244 2569 3287 eos

450 3334 668 3387 aestu-s·
708 3335 822 3388 aut
865 3324 998 3401 sol,
1052 3347 1205 3387 nam
1253 3327 1659 3388 miserescens
1709 3347 1924 3389 eorum
1962 3326 2140 3388 ducit
2177 3346 2314 3403 eos,
2374 3328 2477 3389 ita
2508 3329 2567 3387 ut

445 3429 643 3489 etiam
672 3447 861 3506 super
895 3427 1326 3505 scaturigines
1353 3447 1668 3505 aquarum
1699 3427 2010 3489 ducturus
2045 3428 2135 3487 sit
2160 3445 2263 3486 eos
2275 3432 2314 3462 “
2347 3427 2563 3488 XLIX:

457 3533 573 3605 103
615 3529 773 3605 quod
809 3546 927 3585 non
964 3531 1230 3585 esurient
1266 3546 1462 3603 neque
1501 3531 1736 3597 sitient,
1773 3546 1887 3586 non
1926 3527 2222 3604 signifieat
2257 3530 2428 3605 quod
2462 3544 2561 3586 non

447 3631 731 3689 esurituri
765 3646 834 3685 ac
872 3629 1045 3685 situri
1081 3631 1195 3685 sint
1234 3628 1401 3686 cibos
1447 3636 1506 3686 et
1540 3635 1722 3704 potus
1756 3629 2103 3702 ¹naturales3
2161 3634 2225 3686 et
2259 3630 2431 3705 quod
2463 3643 2561 3686 non

444 3733 741 3806 percutiet
779 3745 882 3785 eos
921 3736 1125 3785 aestus
1166 3735 1224 3785 ot
1264 3728 1385 3801 sol,
1458 3745 1569 3787 nec
1620 3728 1918 3804 significat
1964 3727 2123 3803 quod
2173 3745 2293 3787 non
2347 3749 2424 3787 ex
2459 3727 2560 3786 illis

448 3830 748 3887 incalituri
783 3830 929 3900 sint,
985 3830 1210 3904 pariter
1259 3827 1422 3909 quod
1468 3828 1723 3887 ducendi
1774 3831 1890 3885 sint
1936 3845 2121 3903 super
2173 3830 2560 3905 scaturigines

450 3944 771 4003 aquarum3
813 3930 945 4002 quis
989 3946 1106 3986 non
1140 3928 1335 3996 videt,
1374 3931 1475 4003 qui
1510 3928 1763 3986 intendit
1801 3931 2089 3999 animum,
2143 3929 2304 4003 quod
2341 3929 2460 3990 alia
2492 3925 2561 3983 ibi

447 4026 891 4102 intelligantur3
961 4046 1146 4103 quare
1196 4046 1306 4105 per
1356 4030 1583 4087 esurire
1624 4034 1684 4086 et
1719 4029 1886 4087 sitire
1931 4027 2303 4103 significatur
2343 4029 2557 4087 esurire

453 4132 511 4183 et
549 4127 712 4185 sitire
748 4127 855 4185 illa
892 4145 1046 4201 quae
1082 4131 1244 4187 vitae
1295 4135 1579 4193 aeternae
1631 4134 1801 4202 sunt,
1856 4145 1966 4186 seu
2003 4144 2158 4202 quae
2209 4128 2355 4187 dant
2389 4127 2556 4208 illam,

457 4239 612 4296 quae
650 4228 706 4281 in
764 4243 986 4298 genere
1028 4243 1094 4284 se
1140 4229 1407 4287 referunt
1454 4227 1528 4286 ad
1564 4228 1781 4288 bonum
1822 4228 2038 4287 amoris
2077 4233 2138 4286 et
2175 4245 2381 4287 verum
2417 4224 2555 4294 fidei,
