2791 4778
484 404 593 458 452
929 390 1418 447 APOCALYPSIS
1462 349 1892 450 ExpcicA'rA.
1959 393 2004 460 §.
2047 400 2165 455 406.

484 560 721 611 vastata
770 558 861 611 est
912 552 1110 627 Tyrus
1162 558 1228 608 ut
1280 569 1397 609 non
1459 553 1538 609 sit
1589 550 1801 609 domus
1853 568 1962 608 nec
2015 554 2187 608 intret
2237 553 2542 626 quisqua1u3

485 653 644 730 quod
682 652 835 710 salsa
885 661 1025 709 tunc
1075 655 1320 721 intrent,
1379 669 1568 727 usque
1621 660 1837 709 utnon
1879 652 2131 728 amplius
2181 651 2368 727 aliqua
2413 652 2543 710 bona

482 756 610 813 veri
647 760 707 810 et
741 761 884 811 vera
927 754 1067 810 boni
1109 754 1228 810 sint
1275 755 1336 810 in
1380 752 1636 809 naturali
1672 751 1948 826 homine,
2010 752 2355 827 significatur
2394 771 2488 828 per
2514 769 2540 810 e

482 863 644 913 terra
675 853 928 911 Kitthim
965 853 1277 911 manifeste
1316 854 1517 911 veniet
1551 851 1689 920 illis,
1726 852 1903 911 silent
1940 853 2295 910 habitatores
2329 853 2539 923 insulae,

482 962 777 1014 mercator
809 954 1051 1011 Zidonis
1099 955 1392 1011 transiens
1430 970 1628 1026 mare,
1683 954 2084 1030 impleverunt
2118 960 2202 1024 te,
2256 960 2398 1010 terra
2426 954 2537 1010 Kit-

482 1057 625 1114 thim
664 1054 956 1129 significat
990 1054 1178 1122 salsa,
1230 1054 1599 1111 habitatores
1637 1054 1868 1112 insulae
1908 1054 2238 1131 significant
2271 1054 2404 1111 bona
2433 1054 2535 1109 veri

477 1159 539 1214 in
589 1154 847 1212 naturali
894 1154 1161 1228 homine,
1245 1161 1310 1211 ut
1357 1171 1573 1230 supra,
1653 1164 1950 1214 mercator
2003 1154 2244 1213 Zidonis
2297 1152 2530 1229 significat

479 1257 843 1331 cognitiones
884 1273 956 1313 ex
1007 1254 1241 1325 Verb0,
1296 1258 1591 1313 transiens
1632 1273 1793 1313 mare
1847 1257 2149 1332 significat
2192 1256 2415 1331 quaein
2447 1269 2534 1309 na·

476 1355 656 1413 turali
702 1354 971 1429 homine,
1024 1358 1122 1431 qui
1158 1356 1558 1432 impleverunt
1595 1364 1651 1413 te
1691 1374 1909 1432 nempe
1948 1359 2136 1415 naves
2175 1352 2536 1425 Tharschisch‚

475 1454 770 1531 significat
809 1458 905 1530 qui
945 1456 1203 1514 ditarunt
1240 1465 1297 1515 te
1353 1456 1501 1528 illis3
1574 1459 1829 1515 vastatio
1882 1460 2012 1515 veri
2050 1466 2108 1516 et
2140 1456 2272 1514 boni
2308 1457 2364 1511 in
2393 1461 2539 1512 natu-

473 1557 586 1614 rali
636 1555 871 1613 homine
937 1556 1185 1614 ulterius
1239 1557 1596 1616 describitur
1657 1575 1767 1633 per
1823 1558 2116 1616 erubesce
2164 1557 2371 1629 Zidon,
2429 1570 2536 1611 nam

475 1657 623 1714 dixit
664 1673 853 1729 mare,
906 1658 1333 1715 munimentum
1372 1660 1583 1726 maris,
1630 1675 1746 1714 non
1781 1660 2080 1734 parturivi
2116 1669 2174 1716 et.
2206 1674 2318 1715 non
2349 1655 2537 1731 peperi,

476 1765 534 1813 et
570 1735 686 1813 hon
726 1755 977 1813 educavi
1004 1757 1290 1831 juvenes,
1349 1757 1698 1817 adolescere
1736 1758 1850 1816 seci
1891 1761 2181 1835 virgines,
2243 1775 2344 1833 per
2385 1755 2535 1813 Zido-

471 1874 605 1913 nem
655 1855 1063 1931 significantur
1110 1873 1304 1931 aeque
1355 1875 1426 1915 ac
1477 1875 1589 1933 per
1645 1858 1871 1934 Tyrum
1933 1862 2292 1936 cognitiones
2340 1858 2449 1914 veri
2491 1858 2537 1910 et

470 1957 607 2013 boni
659 1958 717 2012 in
764 1955 1056 2029 Ecclesia,
1110 1974 1219 2031 per
1269 1975 1464 2026 mare,
1519 1961 1950 2018 munimentum
1998 1963 2172 2018 maris
2224 1957 2536 2035 significatur

468 2056 761 2115 naturalis
796 2055 973 2113 homo
1016 2063 1206 2126 totus,
1263 2077 1372 2134 per
1413 2076 1526 2116 non
1563 2062 1859 2134 parturivi
1901 2079 2019 2120 non
2053 2062 2258 2138 peperi
2283 2056 2535 2134 significa-

472 2163 567 2215 tur
624 2176 739 2215 non
796 2158 1018 2233 aliquid
1077 2159 1388 2218 Ecclesiae
1468 2168 1815 2235 conceptum
1893 2169 1957 2220 et
2026 2171 2383 2239 generatum,
2453 2170 2538 2231 per

459 2258 718 2333 juvenes
755 2259 1164 2333 significantur
1199 2260 1544 2318 affectiones
1583 2261 1740 2331 veri,
1780 2269 1839 2319 et
1874 2280 1990 2338 per
2018 2265 2274 2339 virgines
2310 2258 2533 2318 affectio-

468 2375 575 2417 nes
615 2357 754 2417 boni
767 2379 784 2435 3
843 2355 1001 2433 quod
1035 2358 1149 2418 hoc
1186 2361 1406 2419 sactum
1443 2362 1520 2419 sit
1558 2364 1697 2445 quia
1736 2364 2112 2439 cognitiones
2154 2381 2224 2423 ex
2269 2361 2446 2421 Verbo
2486 2358 2533 2413 et

467 2460 792 2518 scientifica
829 2459 1237 2519 confirmantia
1273 2462 1580 2536 applicata
1617 2470 1758 2520 sunt
1798 2464 1975 2524 falsis
2015 2472 2074 2524 et
2109 2465 2298 2538 malis,
2343 2455 2530 2537 signifi·

469 2566 638 2618 catur
679 2578 790 2635 per
840 2578 972 2618 cum
1027 2560 1185 2618 fama
1236 2562 1310 2620 ab
1357 2565 1667 2639 AegyptO,
1725 2564 1930 2624 dolore
1995 2568 2368 2641 corripientur
2411 2561 2535 2616 sicut

468 2661 544 2717 ad
579 2660 794 2720 samam
834 2661 1005 2736 Tyri,
1063 2663 1374 2739 Aegyptus
1405 2664 1701 2738 significat
1736 2666 2098 2740 scientifica,
2158 2667 2339 2743 Tyrus
2368 2657 2533 2735 cogni-

465 2762 657 2818 tiones
697 2779 772 2819 ex
807 2761 1042 2833 Verb0,
1098 2763 1194 2821 hic
1243 2764 1347 2821 illa
1391 2772 1630 2822 vastata
1684 2783 1794 2840 per
1844 2766 2004 2825 salsa
2058 2775 2116 2826 et
2165 2767 2312 2824 mala
2354 2759 2530 2838 quibus

467 2859 797 2934 applicat-a,
848 2869 908 2918 et
947 2864 1084 2936 quia
1120 2863 1446 2922 lamentum
1485 2872 1577 2923 est
1626 2874 1982 2942 propterea,
2037 2868 2170 2925 ideo
2220 2867 2415 2924 dicitur
2445 2858 2527 2917 do-

464 2959 592 3017 lore
632 2960 1055 3034 corripientur3
1113 2963 1274 3037 quod
1309 2968 1394 3023 sic
1430 2967 1679 3041 perierit
1728 2985 1897 3026 omne
1946 2969 2167 3027 bonum
2217 2969 2273 3024 in
2319 2954 2529 3021 naturali

467 3066 528 3117 et
560 3076 761 3117 verum
791 3059 895 3126 ibi,
935 3061 1301 3134 significatur
1336 3082 1447 3138 per
1484 3070 1730 3125 transite
1768 3069 1825 3125 in
1866 3068 2294 3140 Tharschisch,
2350 3061 2524 3142 ejulate

468 3157 835 3217 habitatores
874 3160 1125 3235 insulae,
1169 3162 1573 3225 Tharschisch
1613 3169 1905 3242 significat
1939 3169 2097 3227 bona
2136 3177 2195 3227 et
2230 3184 2364 3225 vera
2404 3165 2523 3219 inte-

471 3261 630 3317 riora
667 3260 726 3316 in
762 3260 1045 3332 naturali,
1099 3262 1466 3324 habitatores
1519 3269 1753 3326 insulae
1792 3269 1949 3326 bona
2000 3276 2059 3326 et
2106 3286 2246 3327 vera
2280 3263 2523 3326 exteriora

469 3360 578 3430 ibi,
630 3368 695 3417 ut
733 3378 969 3437 quoque
1008 3379 1217 3438 supra,
1276 3364 1503 3441 ejulare
1540 3369 1834 3443 significat
1872 3370 2134 3428 dolorem
2173 3368 2245 3426 ob
2279 3362 2520 3423 vastatio-

466 3478 621 3521 nem.
687 3462 865 3539 Apud
910 3462 1233 3523 Jeremiam
1274 3466 1556 3545 „Accepi
1590 3466 1850 3527 calicem
1885 3488 1916 3527 e
1951 3489 2145 3530 manu
2180 3466 2452 3531 Jehova62
2481 3457 2522 3513 et

465 3561 662 3623 bibere
686 3563 821 3642 feci
858 3581 1068 3624 omnes
1101 3570 1316 3644 yentes
1352 3566 1442 3625 ad
1475 3585 1635 3644 quas
1671 3587 1769 3627 me
1807 3571 1990 3630 misit
2018 3566 2319 3641 Jehovalz,
2355 3570 2520 3623 οηιηθθ

464 3682 643 3741 reyes
676 3662 841 3743 Tyri
874 3672 932 3725 et
961 3683 1170 3725 omnes
1209 3685 1388 3746 reyes
1416 3667 1715 3743 Zidonis‘,
1756 3675 1814 3727 et
1844 3691 2025 3750 reyes
2052 3665 2296 3729 insulae
2318 3678 2453 3743 quae
2471 3655 2520 3714 ²⁹²²

467 3765 748 3824 transitu
772 3765 1021 3824 mari8“
1056 3767 1259 3825 XXV:
1300 3771 1328 3825 1
1350 3774 1378 3826 7
1416 3759 1452 3855 [.
1489 3759 1634 3856 22]3
1667 3779 2054 3829 recensentur
2080 3771 2157 3827 ibi
2184 3768 2376 3844 plures
2402 3773 2516 3836 gon·

466 3869 559 3923 tes
603 3882 755 3940 quae
791 3865 885 3921 hic
925 3883 1037 3923 non
1074 3868 1210 3925 inde
1251 3866 1629 3942 adseruntur,
1667 3888 1776 3946 per
1814 3889 1961 3946 quas
2001 3886 2199 3930 omnes
2227 3862 2514 3942 significan·

466 3968 564 4021 tur
597 3961 754 4024 bona
789 3971 846 4022 ct
880 3982 1024 4022 vera
1068 3966 1377 4027 Ecclesiae
1429 3972 1487 4027 in
1542 3988 1762 4045 genere
1807 3979 1867 4030 et
1914 3976 1973 4031 in
2027 3971 2224 4046 specie
2261 3979 2400 4041 quae
2431 3972 2515 4013 va·

466 4070 626 4122 stata
671 4071 835 4139 sunt;
893 4071 950 4123 et
989 4083 1098 4141 per
1133 4080 1309 4141 reges
1350 4068 1494 4144 Tyri
1532 4078 1592 4128 et
1624 4071 1869 4130 Zidonis
1907 4070 2302 4147 significantur
2349 4054 2516 4133 cogni‘

464 4163 655 4216 tiones
695 4166 822 4221 veri
859 4173 917 4221 et
952 4166 1089 4221 boni
1128 4183 1159 4223 e
1200 4166 1400 4225 Verbo
1448 4171 1506 4226 in
1550 4172 1808 4229 naturali
1852 4173 2124 4241 homine,
2175 4184 2301 4225 nam
2346 4165 2512 4220 011111θὸ

2638 4050 2640 4199 s

465 4256 830 4330 cognitiones
870 4264 995 4319 veri
1032 4269 1090 4320 et
1125 4261 1290 4338 boni,
1332 4274 1626 4341 quatenus
1664 4274 2032 4347 cognitiones
2046 4316 2063 4346 ,
2119 4268 2335 4329 suntin
2369 4263 2511 4318 natu·
