2791 4778
385 351 620 407 CAPUT
662 351 973 410 SEXTUM.
1729 348 1941 404 VERS:
1991 359 2077 409 17.
2238 358 2343 409 517

233 512 346 574 dio
384 511 640 572 deorum
669 511 1039 595 judicabit“
1088 512 1320 570 Psalm:
1373 509 1704 571 LXXXII:
1767 515 1792 567 1
1826 532 1839 586 ;
1898 510 2006 570 sed
2042 509 2198 568 unde
2235 508 2348 566 hoe

233 613 391 689 quod
427 621 587 672 stare
629 612 922 690 significet
960 629 1123 686 esse,
1185 611 1322 670 alibi
1361 611 1609 670 dicetur.

879 880 1042 937 Fusus
1094 880 1443 938 Vonmvums
1499 880 1701 938 Pnnm.

968 1705 1583 1796 [Emendanda.

361 1885 373 1901 .
418 1851 507 1903 23.
543 1843 581 1898 Ι.
618 1849 709 1903 25.
735 1859 841 1912 pro
884 1840 1323 1913 cognitione
1367 1857 1486 1893 sex
1529 1841 1653 1912 lege
1697 1839 2196 1910 cognitiones
2255 1854 2355 1893 ex.

414 1918 580 1981 24.1.
623 1925 674 1979 8.
713 1934 824 1991 pro
867 1927 1182 1970 terrram
1221 1916 1260 1967 l.
1305 1926 1601 1971 terram.

412 2003 506 2057 28.
548 1994 586 2052 Ι.
629 2003 682 2055 2.
723 2010 833 2066 pro
877 1990 1272 2046 secundum
1312 1990 1352 2046 l.
1398 1990 1816 2043 secundum.

413 2080 505 2133 70.
548 2071 586 2125 l.
627 2078 720 2132 23.
763 2085 874 2142 pro
915 2083 1241 2139 rcpraes,
1284 2066 1322 2117 l.
1364 2081 1695 2136 rapx-aem

414 2156 506 2207 79.
548 2148 586 2199 1.
631 2155 723 2208 18.
766 2162 876 2218 pro
918 2140 1486 2214 Evangalizatio
1527 2140 1568 2198 l.
1608 2139 2205 2210 Evangelizatim

419 2232 510 2283 93.
552 2223 592 2278 l.
637 2231 690 2283 3.
734 2222 869 2279 infr.
912 2237 1023 2292 pro
1068 2216 1520 2271 Eccclesiam
1560 2217 1598 2269 l.
1642 2214 2073 2269 Ecclesiam.

417 2298 590 2359 941.
633 2306 688 2358 9.
729 2298 864 2351 infr.
906 2313 1016 2369 pro
1058 2294 1354 2348 Psalm::
1400 2292 1516 2347 CV
1563 2293 1600 2345 l.
1643 2290 1909 2344 Psalmz
1952 2290 2097 2344 CV:
2129 2327 2141 2340 .

421 2372 630 2434 142.1.
667 2381 761 2434 27.
797 2389 906 2444 pro
949 2369 1394 2445 sigificatur
1438 2370 1476 2426 l.
1524 2366 2030 2441 significatur.

416 2447 630 2506 167.1.
679 2456 736 2523 8.
777 2466 887 2519 pro
929 2457 1262 2520 quartum
1303 2447 1344 2504 l.
1387 2455 1743 2518 quartam.

423 2522 639 2582 225.1.
684 2531 714 2581 7
751 2522 887 2578 infr.
933 2540 1041 2593 pro
1084 2522 1349 2577 foedus
1390 2522 1431 2575 l.
1474 2520 1758 2574 foedus.

424 2605 557 2658 252.
599 2597 636 2650 l.
678 2605 732 2658 1.
769 2608 903 2670 post
940 2598 1299 2666 judicium
1341 2598 1474 2650 loco
1518 2596 1716 2668 puncti
1757 2610 1911 2667 pone
1952 2605 2208 2660 comma3

444 2701 512 2714 —-
592 2674 634 2733 1.
679 2682 772 2734 15.
812 2684 947 2745 post
985 2683 1243 2744 petrae
1285 2674 1419 2726 loco
1454 2672 1713 2727 semicoli
1750 2687 1904 2743 pone
1944 2685 2184 2724 comma.

423 2751 636 2810 272.1.
681 2759 736 2808 ’1.
772 2766 882 2821 pro
920 2757 1286 2802 vocantur
1324 2747 1366 2805 l.
1408 2757 1791 2805 vocantur.

293 2856 361 2867 --
422 2831 553 2886 286.
594 2824 632 2881 l.
679 2833 770 2886 13.
811 2840 923 2896 pro
964 2823 1061 2877 fit
1101 2823 1140 2875 l.
1190 2821 1299 2874 sit.

290 2931 359 2943 —
411 2908 541 2963 314.
581 2902 618 2954 l.
663 2909 695 2962 3
737 2900 873 2958 infr.
913 2916 1022 2972 pro
1061 2894 1358 2951 esurire
1403 2895 1442 2948 l.
1488 2896 1809 2955 esurire.
1884 2908 1892 2916 ·

293 3008 362 3017 —
406 2985 534 3036 327.
573 2977 615 3035 l.
656 2985 689 3036 2
731 2976 866 3030 infr.
907 2992 1018 3048 pro
1054 2973 1169 3029 fer
1217 2988 1297 3026 ae
1345 2971 1384 3025 l.
1426 2969 1650 3027 ferae.

292 3080 360 3090 -·-
418 3061 546 3114 367.
587 3055 625 3112 l.
667 3061 758 3115 25.
801 3070 909 3125 pro
953 3049 1362 3125 spirituale
1405 3048 1442 3099 1.
1485 3047 1941 3120 spirituale.]

228 1849 353 1919 ἐξ
