2791 4778
448 373 557 427 494
772 360 1275 416 APOCALYPSIS
1319 359 1751 414 EXPLICATA.
1826 361 1869 426 ς.
1914 366 2040 419 411.
2079 366 2210 421 412.

447 527 634 595 vitae,
702 521 787 578 illi
849 519 1119 578 habitant
1172 521 1329 600 intra
1378 509 1627 597 petras,
1686 521 1749 576 in
1795 521 2064 576 cavernis
2125 524 2186 576 et
2235 519 2406 578 cellis
2470 521 2571 580 ibi.

446 625 615 683 Haec
671 620 1022 696 significatio
1080 620 1300 678 Petrae
1366 626 1459 678 est
1518 636 1591 677 ex
1649 619 1807 678 dicta
1867 618 2438 694 correspondentia:
2513 627 2575 680 at

448 722 799 799 significatio
834 728 1045 798 petrae
1085 739 1121 778 a
1158 720 1373 779 duritie
1412 720 1572 795 ejuS,
1630 727 1723 777 est
1769 721 1830 777 in
1879 718 1971 777 his
2006 719 2194 794 locis3
2250 721 2411 795 apud
2452 720 2569 780 Je-

444 825 691 883 remiam
770 865 804 894 „
832 820 1265 900 Obfirmarunt
1310 819 1526 899 facies
1585 837 1743 879 sua-s·
1798 838 1957 897 prae
2000 825 2192 898 petra
2214 821 2249 850 “
2343 820 2427 879 V:
2487 823 2564 879 3:
2656 860 2662 868 ·

449 923 611 1000 apud
666 922 1044 981 Ezechielem
1108 964 1144 994 „
1171 919 1353 981 Sicut
1401 919 1810 979 adamantem
1848 920 2120 1000 fimam
2169 938 2327 997 prae
2363 925 2562 997 petra

451 1023 603 1084 dedi
646 1022 932 1101 frontem
994 1026 1199 1095 tuam,
1280 1040 1356 1079 ne
1410 1020 1624 1079 timeto
1649 1023 1685 1053 “
1752 1020 1846 1077 III
1865 1041 1878 1077 :
1938 1023 2008 1076 9:
2083 1019 2241 1097 apud
2293 1020 2556 1080 Hiobum

452 1121 682 1202 „stylo
722 1124 935 1201 ferreo
986 1129 1045 1181 et
1090 1118 1372 1200 plumba,
1431 1120 1501 1180 in
1553 1119 1999 1198 smpiternam
2053 1120 2122 1179 in
2157 1126 2343 1199 petra
2389 1120 2555 1180 inci-

450 1224 733 1284 dantur“
782 1223 971 1281 XIX:
1016 1225 1139 1280 24:
1196 1222 1357 1298 apud
1391 1221 1638 1297 Esajam
1676 1217 2022 1299 „Unyulae
2056 1239 2357 1298 equorum
2392 1221 2566 1282 sicut

438 1330 629 1404 petra
678 1328 1055 1401 reputantur
1076 1325 1113 1355 “
1168 1323 1260 1380 V:
1320 1323 1443 1397 283
1513 1321 1669 1396 quod
1731 1322 1977 1379 durities
2038 1325 2404 1396 exprimatur
2456 1340 2566 1398 per

447 1433 711 1500 petram,
772 1430 864 1481 est
900 1440 1136 1499 quoque
1189 1441 1263 1481 ex
1309 1421 1844 1497 correspondentia
1878 1427 2087 1497 petrae
2126 1437 2257 1479 cum
2307 1438 2453 1479 vero
2494 1439 2568 1481 ex

451 1525 636 1596 bon0‚
677 1542 814 1580 nam
850 1541 994 1582 vero
1042 1540 1116 1580 ex
1153 1523 1308 1582 bono
1347 1529 1440 1580 est
1477 1524 1664 1580 omnis
1701 1524 1997 1598 potentia,
2038 1527 2317 1598 utsupra
2343 1522 2565 1581 dictum

449 1633 571 1695 est,
624 1631 684 1680 at
720 1640 854 1681 cum
892 1641 1100 1684 verum
1141 1624 1262 1698 agit
1310 1628 1519 1680 contra
1571 1621 1790 1680 salsum
1828 1640 1902 1679 ex
1949 1622 2137 1693 malo,
2191 1630 2332 1680 tunc
2368 1622 2560 1682 hebe-

448 1733 606 1783 tatur
667 1724 919 1791 bonum,
981 1729 1041 1780 et
1099 1736 1307 1779 verum
1351 1739 1670 1780 remanens
1728 1725 1852 1798 agit
1911 1722 2164 1796 duriter,
2232 1722 2565 1781 secundum

444 1826 550 1884 illa
584 1841 767 1899 supra
806 1823 966 1898 apud
1001 1822 1398 1895 Ezechielem,
1452 1822 1620 1881 sicut
1674 1822 2080 1882 adamantem
2110 1822 2380 1902 firmam
2404 1841 2564 1902 prae

433 1931 623 2004 petra
659 1921 809 1982 dedi
842 1923 1124 2001 frontem
1174 1929 1398 1991 tuam;
1463 1930 1523 1980 et
1571 1939 1810 1998 quoque
1864 1940 2072 1980 verum
2123 1922 2356 1999 absque
2408 1923 2561 1981 bono

449 2032 541 2084 est
581 2026 821 2096 durum,
879 2028 938 2080 at
985 2040 1177 2098 usque
1216 2021 1445 2098 fragile.
1491 2021 1645 2082 'Sed
1692 2023 1844 2082 hacc
1894 2040 2046 2099 quae
2085 2023 2160 2081 de
2206 2024 2405 2083 Petris
2452 2024 2561 2083 ad-

449 2127 628 2185 ducta
663 2118 831 2195 sunt,
886 2123 1141 2200 amplius
1188 2123 1645 2181 elucidabuntur
1682 2141 1792 2199 per
1825 2124 1930 2182 illa
1957 2141 2112 2198 quae
2150 2123 2223 2182 de
2255 2123 2563 2198 significa-

451 2230 609 2285 tione
650 2224 944 2300 Lapidum
980 2226 1039 2279 in
1079 2223 1469 2299 sequentibus
1508 2224 1794 2282 dicentur.

605 2323 765 2384 412:
838 2325 912 2381 Et
967 2324 1311 2382 abscondite
1359 2340 1467 2382 nos
1516 2342 1552 2380 a
1598 2323 1749 2382 facie
1803 2322 2081 2383 Sedentis
2129 2341 2314 2401 super
2353 2325 2560 2383 throno

449 2436 513 2487 et
548 2428 623 2485 ab
674 2428 762 2485 ira
802 2427 985 2500 Agni,
1047 2425 1203 2501 qnod
1254 2424 1547 2500 significet
1601 2442 1674 2482 ne
1724 2425 1852 2483 dira
1887 2427 2189 2501 patiantur
2226 2425 2302 2483 ab
2337 2426 2563 2484 influxu

446 2529 650 2587 Divini
685 2528 837 2585 Boni
871 2527 1021 2584 uniti
1059 2526 1278 2584 Divino
1325 2525 1487 2583 Vero
1523 2525 1902 2600 procedentis
1941 2543 1975 2583 a
2011 2525 2289 2599 Domino,
2328 2532 2562 2586 constat
2629 2584 2650 2607 ,

449 2647 523 2688 ex
574 2628 1004 2705 significatione
1042 2625 1389 2684 abscondite
1430 2642 1538 2683 nos
1552 2670 1568 2699 ,
1628 2643 1764 2684 cum
1809 2627 2023 2684 dicitur
2071 2625 2145 2683 ab
2191 2626 2345 2700 illis,
2403 2625 2562 2702 apud

453 2747 602 2805 quos
642 2727 954 2803 deperdita
991 2734 1128 2784 sunt
1164 2727 1319 2784 bona
1350 2732 1410 2784 et
1448 2742 1590 2784 vera
1627 2726 1935 2784 Ecclesiae
1979 2743 2090 2801 per
2126 2726 2286 2784 mala
2313 2729 2474 2785 vitae
2501 2731 2561 2785 et

454 2828 607 2886 falsa
642 2828 809 2901 inde,
867 2828 1027 2903 quod
1066 2830 1143 2886 sit
1181 2845 1254 2885 ne
1299 2826 1428 2885 dira
1461 2828 1795 2901 patiantur,
1859 2827 1931 2884 de
1976 2844 2092 2902 qua
2131 2829 2432 2901 sequitur;
2487 2843 2559 2885 ex

393 2937 404 2945 “
454 2926 885 3002 significatione
928 2945 964 2983 a
1000 2929 1153 2986 facie
1195 2926 1470 2987 Sedentis
1521 2926 1984 3002 super‚thron0,
2042 2926 2201 3001 quod
2236 2929 2316 2985 sit
2349 2927 2554 2985 Domi-

452 3043 565 3111 nus
618 3025 815 3099 quoad
867 3025 1146 3084 Divinum
1195 3027 1426 3083 Bonum
1471 3029 1532 3084 in
1583 3026 1796 3096 Coelo,
1852 3027 2012 3108 quod
2048 3028 2264 3099 facieS,
2318 3045 2449 3085 cum
2485 3025 2553 3083 de

247 3132 408 3194 [670]
452 3108 738 3197 Domino,
793 3126 870 3182 sit
902 3123 1157 3182 Divinus
1197 3125 1384 3183 Amor
1421 3143 1494 3184 ex
1533 3144 1650 3203 quo
1677 3127 1959 3185 Divinum
1989 3127 2222 3185 Bonum
2259 3129 2321 3184 in
2358 3126 2544 3198 Coelo,

388 3257 393 3263 ·
449 3224 746 3288 constabit
792 3242 866 3282 ex
904 3223 1052 3282 locis
1088 3228 1148 3282 in
1187 3224 1390 3283 Verbo
1441 3244 1596 3302 quae
1644 3243 1778 3285 mox
1835 3227 2239 3301 adducentur,
2300 3236 2362 3286 et
2406 3224 2550 3303 quod

449 3327 679 3409 Sedens
721 3342 905 3401 snper
956 3326 1168 3385 throno
1217 3328 1294 3383 sit
1328 3325 1620 3386 Dominus
1667 3326 1862 3402 quoad
1908 3328 2189 3386 Divinum
2235 3328 2466 3386 Bonum
2495 3326 2552 3382 in

449 3428 664 3503 Coelo,
714 3426 992 3486 videatur
1026 3415 1213 3505 supra
1244 3446 1316 3486 n:
1373 3431 1536 3486 297.
1570 3429 1730 3502 3433
1772 3433 1832 3485 et
1861 3445 1934 3485 ex
1963 3426 2399 3503 significatione
2435 3429 2549 3486 irae

447 3530 631 3608 Agni,
675 3528 835 3612 quod
868 3531 945 3587 sit
983 3527 1273 3605 conjectio
1312 3530 1371 3586 in
1402 3528 1692 3586 infernum
1725 3544 1835 3602 per
1861 3529 2149 3587 influxum
2176 3527 2386 3586 Divini
2413 3526 2556 3593 ,Veri

445 3631 826 3709 procedentis
864 3647 900 3687 a
926 3630 1200 3697 Domino;
1232 3628 1393 3703 'quod
1418 3630 1506 3685 ira
1538 3628 1813 3686 Jehovae
1844 3635 1947 3688 aut
1971 3628 2214 3686 Domini
2250 3628 2312 3685 id
2335 3625 2554 3705 signifi-

446 3739 557 3802 cet,
590 3732 863 3789 constare
899 3737 1100 3804 potest
1137 3748 1211 3787 ex
1237 3728 1387 3786 locis
1425 3731 1485 3786 in
1519 3728 1721 3786 Verbo
1749 3731 1810 3786 in
1833 3728 2105 3786 Articulo
2134 3736 2429 3803 sequente
2456 3725 2559 3784 ad-

442 3831 756 3904 ducendis3
808 3835 1125 3905 praeterea
1172 3827 1331 3902 quod
1364 3845 1477 3902 per
1516 3826 1838 3887 Sedentem
1885 3845 2072 3903 super
2114 3824 2426 3886 throno'ct
2459 3842 2564 3903 per

438 3930 705 4003 Agnum,
774 3927 951 3985 Solus
1006 3928 1296 3985 Dominus
1343 3928 1738 4004 intelligatur,
1817 3946 1931 4004 per
1993 3926 2316 3988 Sedentem
2380 3942 2565 4004 super

438 4026 650 4083 throno
687 4026 980 4082 Dominus
1020 4025 1214 4098 quoad
1250 4025 1533 4088 Divinum
1569 4028 1832 4103 Bonum,
1894 4035 1953 4086 et
2011 4045 2121 4103 per
2154 4028 2399 4103 Agnum
2434 4026 2565 4085 Do·
2638 4060 2649 4090 .

435 4107 628 4207 minus
666 4121 862 4193 quoad
889 4116 1174 4179 Divinum
1208 4122 1466 4197 Verum,
1517 4126 1792 4184 videatur
1827 4144 2016 4203 supra
2054 4145 2121 4184 n:
2167 4129 2329 4184 297.
2384 4128 2563 4184 343:

436 4214 593 4287 quod
643 4215 872 4272 dicatur
916 4219 1005 4273 ira
1041 4218 1228 4291 Agni,
1285 4238 1400 4278 non
1439 4206 1531 4280 est
1569 4224 1727 4298 quod
1765 4226 2087 4299 Dominus,
2155 4228 2257 4299 qui
2291 4242 2408 4299 per
2446 4224 2560 4283 Se-
