2791 4778
514 399 623 451 402
867 385 1355 441 APOCALYPSIS
1404 384 1826 439 sxpchTA.
1885 386 1932 454 ς.
1971 394 2093 448 401.
2137 395 2257 448 402.
2315 357 2323 368 ’

513 568 638 608 rem
674 549 769 607 sui
796 547 957 624 apud
994 546 1206 615 malos,
1241 562 1377 605 nam
1418 563 1590 606 omne
1622 545 1875 604 influens
1903 548 1964 604 in
1991 545 2250 622 subjecto
2283 544 2558 619 recipiente

512 651 764 709 vertitur
798 650 860 707 in
899 648 1261 707 conveniens
1309 663 1461 705 suae
1498 652 1782 721 naturae;
1835 652 2017 722 prout
2054 646 2209 705 calor
2242 642 2374 705 solis
2405 657 2558 718 purus

511 754 574 809 in
621 748 1033 828 graveolentia
1081 748 1143 804 in
1191 747 1479 823 subjectis
1515 746 1655 805 talis
1704 753 1984 823 naturae,
2047 754 2105 805 et
2145 745 2245 804 lux
2283 742 2412 804 solis
2441 757 2579 820 pura·

510 855 573 911 in
610 858 794 910 tetros
823 848 1054 909 colores
1091 850 1152 906 in
1194 847 1445 924 objectis
1496 847 1634 905 talis
1671 851 2066 925 receptionis:
2121 847 2251 905 inde
2289 850 2399 918 est,
2440 840 2562 918 quod

512 969 623 1030 per
669 950 858 1010 solem
908 949 1006 1025 qui
1054 949 1350 1025 percussit
1398 954 1580 1024 caput
1632 949 1828 1009 Jouae
1883 948 2248 1025 significetur
2296 960 2439 1004 amor
2475 942 2557 1016 sui,

513 1069 730 1129 nempe
764 1053 826 1109 in
859 1049 961 1108 illo
973 1070 989 1125 3
1047 1055 1107 1108 et
1142 1065 1379 1125 quoque
1416 1049 1579 1125 apud
1614 1048 1986 1108 Matthaeum
2009 1095 2026 1124 ,
2077 1065 2189 1126 per
2223 1046 2389 1105 solem
2419 1057 2556 1102 exor-

512 1159 664 1226 tum,
726 1167 844 1227 quo
882 1157 1097 1208 exusta
1133 1155 1272 1207 sunt
1312 1151 1545 1208 semina
1579 1165 1766 1226 super
1803 1153 2087 1226 petrosis.
2158 1147 2228 1207 In
2260 1140 2558 1222 Apocalypsi
2654 1155 2655 1162 ¹

513 1248 814 1326 „Civitas
855 1268 1019 1310 nova
1063 1245 1522 1330 Hierosolyma
1563 1268 1688 1310 non
1737 1268 1899 1328 opus
1951 1249 2135 1311 habet
2180 1244 2303 1308 sole
2341 1249 2390 1305 et
2423 1239 2558 1313 luna,

511 1357 585 1413 ut
619 1349 868 1412 luceant
916 1350 984 1410 in
1032 1346 1182 1425 illa,
1250 1348 1468 1429 ylorz'a
1514 1350 1682 1410 enim
1736 1349 1877 1410 Dez‘
1932 1348 2226 1412 illustrat
2274 1342 2462 1417 illam,
2516 1342 2559 1398 et

508 1451 805 1513 Lucerna
875 1451 1011 1534 ejus
1060 1449 1355 1529 Aynue“
1427 1451 1613 1510 XXI:
1675 1453 1786 1510 23.
1864 1452 2027 1529 Cap:
2090 1449 2300 1511 XXII:
2356 1446 2415 1520 53
2479 1456 2559 1517 per

512 1552 713 1612 Solem
748 1552 860 1626 ibi,
918 1568 1036 1627 quo
1074 1569 1191 1610 non
1230 1569 1383 1627 opus
1420 1552 1672 1610 habebit
1719 1550 1952 1612 Civitas
1999 1570 2155 1614 nova
2193 1542 2558 1619 Hierosolyma,

511 1653 878 1732 significatur
913 1668 1080 1709 amor
1116 1651 1439 1727 naturalis,
1499 1655 1598 1728 qui
1633 1654 1695 1711 in
1731 1669 1798 1711 sc
1850 1660 2163 1731 spectatus
2200 1657 2288 1710 est
2329 1660 2471 1705 amor
2496 1640 2562 1699 sui
2654 1703 2655 1714 χ

511 1763 572 1813 et
619 1753 850 1827 mundi,
927 1758 986 1810 et
1037 1768 1147 1826 per
1197 1751 1402 1811 lunam
1458 1752 1828 1829 significatur
1880 1753 2085 1813 lumen
2133 1746 2412 1817 naturale,
2460 1757 2560 1800 nam

506 1855 709 1913 lumen
753 1852 1026 1911 naturale
1078 1854 1138 1909 in
1186 1868 1253 1910 se
1300 1859 1642 1927 spectatum
1691 1860 1784 1913 est
1831 1870 1907 1913 ex
1954 1872 2159 1914 amore
2208 1845 2469 1922 naturali,
2518 1844 2560 1897 et
2654 1873 2655 1906 ι

508 1953 686 2031 quale
721 1955 960 2013 luminis
1005 1952 1336 2010 secundum
1365 1953 1543 2029 quale
1581 1955 1840 2014 amoris:
1897 1962 2165 2015 attamor
2198 1942 2486 2029 spiritualis
2515 1943 2559 1998 et

504 2053 610 2113 lux
646 2052 975 2132 spiritualis
1021 2052 1387 2129 significatur
1436 2071 1545 2129 per
1594 2054 1753 2130 quod
1801 2054 1999 2132 gloria
2033 2057 2152 2116 Dei
2189 2044 2478 2111 illustrabit
2503 2038 2560 2097 il·

505 2156 662 2229 lam,
713 2161 773 2215 et
807 2154 1083 2215 Lucerna
1111 2155 1241 2232 ejus
1276 2154 1518 2230 Agnus:
1575 2156 1735 2231 quod
1779 2155 1916 2214 talis
1943 2172 2163 2216 sensus
2197 2154 2409 2213 illorum
2438 2140 2559 2200 Ver-

504 2255 717 2315 borum
753 2259 863 2330 sit,
919 2262 1089 2332 patet
1135 2256 1450 2315 manifeste
1494 2273 1568 2314 ex
1612 2256 1709 2314 his
1755 2256 1917 2333 apud
1960 2257 2208 2335 Esajam
2274 2246 2442 2327 „Non
2470 2237 2563 2300 erit

508 2357 625 2420 tibi
662 2355 759 2418 eol
798 2354 1081 2437 amplius
1124 2356 1195 2418 in
1232 2352 1429 2417 lucem
1473 2354 1792 2432 interdiu,
1838 2361 1898 2418 et
1936 2356 2014 2419 in
2050 2353 2412 2438 splendorem
2438 2339 2560 2404 lum

310 2472 469 2533 [610]
508 2478 633 2519 non
681 2456 905 2518 lucebit
943 2458 1087 2534 tibi,
1140 2455 1253 2518 sed
1285 2456 1409 2517 erit
1448 2457 1567 2518 tibi
1599 2456 1885 2519 Jelwvalz
1924 2457 1997 2519 z‘n
2046 2457 2241 2520 lucem
2278 2442 2556 2513 aeternita-

510 2560 600 2620 tis
614 2606 630 2636 ,
699 2564 757 2620 et
805 2557 995 2620 Deus
1043 2563 1194 2620 tuus
1239 2557 1310 2619 in
1346 2556 1538 2618 decu-9
1593 2565 1774 2620 tuum
1790 2580 1812 2618 .·
1878 2576 2005 2620 non
2060 2557 2287 2620 occidet
2332 2541 2557 2627 amplius

511 2657 625 2722 Sol
674 2665 852 2735 tuue,
915 2665 980 2719 et
1014 2657 1208 2720 Luna
1247 2663 1362 2720 tua
1402 2677 1528 2719 non
1575 2656 1942 2739 oolliyetur,
2002 2659 2158 2740 quia
2190 2647 2442 2718 Jehovah
2471 2638 2559 2702 m‘t

510 2760 631 2823 tibi
671 2761 741 2821 in
779 2757 977 2822 lucem
1013 2759 1446 2834 aeternitatis,
1515 2764 1574 2819 et
1611 2756 2045 2838 implebuntur
2073 2760 2210 2821 dies
2236 2755 2422 2819 luctus
2448 2740 2554 2806 tur‘

508 2860 653 2921 LX:
722 2863 825 2918 19.
890 2864 1011 2935 203
1092 2862 1310 2920 similia
1355 2878 1468 2938 per
1518 2859 1720 2921 Solem
1769 2867 1830 2920 et
1879 2861 2126 2920 Lunam
2158 2864 2218 2920 in
2258 2853 2422 2935 priori
2458 2847 2552 2906 loco

511 2961 947 3037 significantur,
1009 2978 1164 3036 quae
1212 2978 1400 3039 supra
1447 2964 1509 3020 in
1557 2960 1962 3039 Apocalypsi,
2019 2978 2234 3039 nempe
2275 2971 2377 3035 per
2413 2945 2551 3008 solem

510 3078 679 3120 amor
712 3076 874 3118 mere
911 3059 1231 3135 naturaliS,
1291 3068 1352 3121 et
1387 3080 1502 3140 per
1534 3062 1738 3120 lunam
1789 3062 1992 3122 lumen
2028 3060 2298 3122 naturale
2328 3052 2471 3114 inde:
2509 3045 2551 3101 ³2

510 3178 621 3239 per
648 3158 849 3220 Solem
879 3165 941 3219 et
975 3159 1207 3219 Lunam
1239 3163 1299 3220 in
1326 3157 1648 3239 posteriori
1673 3162 1806 3222 loco
1842 3162 2193 3241 intelligitur
2220 3158 2318 3221 Sol
2350 3160 2401 3215 et
2426 3150 2551 3210 Luna
2654 3200 2655 3215 ,

512 3261 681 3322 Coeli
723 3260 1028 3337 Ange-lici,
1086 3267 1147 3320 et
1180 3280 1290 3338 per
1325 3263 1515 3322 solem
1553 3263 1719 3324 illum
1747 3263 2118 3339 significatur
2148 3262 2385 3322 Divinus
2412 3251 2550 3312 Amor

512 3363 768 3438 Domini,
809 3370 870 3421 et
903 3380 1010 3438 per
1047 3362 1277 3421 Lunam
1312 3364 1597 3423 Divinum
1627 3364 1889 3437 Verum,
1945 3371 2012 3422 ut
2043 3380 2227 3442 supra
2261 3354 2547 3434 explicatum

509 3470 635 3542 est3
689 3481 827 3523 nam
861 3466 1115 3541 primum
1156 3462 1395 3538 dicitur,
1453 3481 1572 3522 non
1611 3465 1722 3524 erit
1759 3462 1867 3522 tibi
1902 3465 2160 3542 amplius
2198 3460 2287 3522 sol
2317 3461 2371 3517 in
2402 3452 2546 3511 lucem
2654 3510 2655 3531 ξ

510 3564 797 3640 interdiu,
854 3570 915 3624 et
963 3566 1024 3622 in
1070 3564 1450 3641 splendorem
1493 3564 1640 3623 luna
1686 3582 1805 3625 non
1853 3563 2080 3624 lucebit
2117 3563 2246 3638 tibi;
2298 3564 2354 3619 et
2386 3551 2544 3632 postea

509 3667 755 3737 dieitur,
807 3683 925 3724 non
962 3664 1194 3724 occidet
1228 3667 1486 3744 amplius
1523 3664 1616 3725 sol
1660 3671 1829 3736 tuuS,
1888 3671 1949 3725 et
1982 3666 2125 3725 luna
2159 3672 2257 3723 tua
2286 3674 2392 3718 non
2420 3642 2541 3711 coffi‘

510 3772 700 3845 getur.
795 3766 886 3824 Ex
931 3764 1026 3824 his
1080 3730 1235 3826 nuile
1271 3773 1470 3844 patet,
1530 3766 1671 3843 quid
1721 3765 1823 3826 Sol
1866 3773 1927 3824 et
1976 3767 2146 3826 Luna
2180 3753 2471 3840 significant
2502 3743 2543 3800 ¹⁰

506 3873 764 3945 utroque
800 3882 999 3925 sensu.

668 3968 830 4026 402.
883 3966 961 4024 Et
996 3965 1209 4024 stellae
1248 3963 1416 4025 Coeli
1454 3967 1799 4027 ceciderunt
1835 3970 1896 4027 in
1936 3972 2170 4042 terram,
2224 3956 2366 4038 quod
2401 3940 2561 4023 Signi&
2654 3970 2655 3983 ¹

509 4068 648 4127 ficet
685 4066 840 4142 quod
873 4067 1239 4141 cognitiones
1275 4065 1414 4126 boni
1452 4075 1512 4127 et
1539 4069 1668 4128 veri
1703 4070 2012 4145 perierint,
2053 4068 2275 4127 constat
2308 4075 2370 4116 ex
2399 4041 2538 4122 Signi·

508 4166 782 4224 fleat-ione
831 4165 1169 4239 stellarum,
1211 4167 1395 4242 ·quod
1447 4171 1566 4229 sint
1615 4171 1983 4244 cognitiones
2031 4168 2165 4227 boni
2212 4168 2266 4222 et
2316 4152 2447 4218 veri,
2486 4138 2539 4199 (ιθ

512 4279 630 4337 qua
682 4279 864 4338 supra
931 4281 997 4320 n:
1060 4268 1177 4340 723
1251 4272 1310 4325 et
1366 4287 1438 4327 ex
1484 4267 1913 4345 significatione
1978 4269 2186 4329 cadere
2243 4264 2296 4322 in
2350 4256 2529 4313 terram,
