2791 4778
446 336 686 393 CAPUT
726 334 1068 404 QUINTUM.
1841 333 2051 390 vuns=
2095 346 2148 398 9.
2234 408 2237 411 ,
2309 349 2416 400 119

288 499 586 560 Domino:
641 497 754 557 sed
784 497 936 558 haec
971 498 1091 555 sint
1125 513 1235 573 pro
1272 495 1422 569 illis,
1461 512 1711 572 quorum
1750 511 1918 555 mens
1954 502 2157 573 potest
2193 496 2418 558 elevari

289 617 483 678 supra
515 597 822 658 naturales
858 597 1029 657 ideas
1083 603 1144 655 et
1181 596 1391 656 videre
1427 612 1664 655 causas,
1738 594 1869 654 Hoc
1908 599 2090 655 etiam
2125 603 2220 657 est
2255 598 2418 676 quod

290 699 665 777 significatur
701 717 816 775 per
850 697 1218 774 Sanguinem
1255 704 1316 756 et
1351 695 1585 772 Aquam
1626 713 1781 772 quae
1820 698 2002 755 exivit
2050 713 2125 756 ex
2158 698 2415 759 Pectore

289 801 562 873 Domini,
626 798 702 858 de
737 816 856 875 quo
890 802 976 858 ita
1011 797 1171 875 apud
1207 798 1547 858 Johannem
1601 840 1640 871 ‚,
1663 795 1951 871 Quidam
1986 815 2068 859 ex
2104 796 2421 862 militibus

292 898 473 962 latus
507 898 735 979 Ipsius
771 898 992 979 fodit,
1045 903 1105 958 et
1145 896 1372 961 statim
1415 897 1618 959 exivit
1659 895 1948 978 Sanquis
1981 905 2043 960 et
2079 897 2307 978 Aqua:
2359 906 2419 962 et

285 1000 401 1081 qai
440 998 609 1061 vidit
647 1004 935 1076 testatur,
974 1004 1034 1059 et
1063 1000 1330 1079 firmum
1364 1004 1461 1060 est
1496 997 1922 1060 testimonium
1946 998 2115 1081 ejus,
2160 997 2274 1060 ille
2297 1000 2421 1063 soit
2458 1000 2620 1068 [422]

289 1121 362 1163 se
398 1119 549 1162 vera
575 1099 780 1161 dicere
810 1105 885 1162 ut
919 1104 979 1160 et
1018 1117 1132 1159 vos
1163 1097 1490 1160 credatis“
1530 1098 1719 1157 XIX:
1763 1101 1875 1159 34.
1917 1101 2043 1178 353
2080 1100 2232 1176 haec
2257 1101 2417 1161 sacta

289 1208 463 1272 sunt,
502 1208 572 1260 ut
597 1200 998 1276 significarent
1041 1200 1520 1277 conjunctionem
1551 1200 1794 1259 Domini
1829 1216 1965 1260 cum
2005 1200 2267 1261 humano
2304 1220 2414 1280 ge-

288 1320 439 1362 nere
474 1319 586 1378 per
619 1301 904 1361 Divinum
940 1301 1170 1362 Verum
1216 1300 1557 1378 procedens
1618 1316 1688 1359 ex
1723 1300 1943 1360 Divino
1979 1301 2149 1360 Bono
2194 1305 2413 1362 amoris

291 1403 530 1482 Ipsius;
583 1402 804 1461 Pectus
842 1402 1139 1478 significat
1168 1401 1453 1460 Divinum
1482 1402 1795 1476 Amorem3
1852 1399 2111 1478 Sanguis
2149 1408 2210 1461 et
2235 1403 2415 1480 Aqua

288 1503 627 1579 significant
651 1502 935 1561 Divinum
966 1503 1188 1563 Verum
1216 1501 1571 1578 procedenS,
1598 1499 1856 1577 Sanguis
1881 1502 2164 1561 Dii-inum
2184 1503 2412 1562 Verum

291 1604 454 1681 quod
480 1621 592 1680 pro
619 1602 918 1679 spirituali
942 1603 1199 1676 homine,
1240 1608 1301 1661 et
1327 1601 1506 1677 Aqua
1529 1601 1811 1660 Divinum
1843 1601 2071 1661 Verum
2107 1602 2265 1679 quod
2299 1620 2410 1679 pro

288 1704 578 1779 naturali3
618 1705 814 1762 omnia
850 1706 1196 1780 enim-quae
1234 1702 1308 1762 de
1343 1702 1636 1762 Passieno
1670 1701 1913 1760 Domini
1947 1705 2009 1761 in
2034 1702 2240 1763 Verbo
2275 1720 2409 1764 me-

286 1811 629 1879 morantur,
685 1805 863 1863 etiam
925 1804 1286 1880 significant,
1342 1802 1618 1860 videatur
1677 1817 1861 1879 supra
1906 1821 1974 1862 n:
2018 1805 2135 1862 83.
2174 1805 2309 1863 195
2349 1804 2407 1863 f:

284 1911 350 1965 et
384 1908 527 1983 quia
560 1903 668 1962 illa
701 1903 1037 1979 significant
1071 1905 1352 1962 Amorem
1387 1902 1621 1979 Ipsius,
1679 1909 1739 1961 et
1773 1903 2168 1963 salvationem
2203 1903 2404 1964 homi-

283 2008 378 2065 nis
414 2024 526 2083 per
550 1991 833 2063 Dirinum
865 2004 1089 2064 Verum
1126 2003 1464 2081 procedens
1498 2003 1572 2061 ab
1607 2003 1780 2080 Ipso,
1819 2003 1956 2063 ideo
1993 2006 2171 2064 etiam
2197 2001 2420 2064 Evan-'

283 2107 507 2184 gelista
544 2105 686 2165 dicit
722 2107 880 2180 „qui
912 2104 1061 2163 vidit
1096 2110 1387 2178 testatur,
1446 2110 1507 2162 et
1562 2103 1794 2163 firmum
1858 2110 1951 2163 est
2003 2106 2406 2164 testimonium

285 2207 438 2285 eJuS,
479 2205 581 2265 ille
618 2208 733 2265 scit
760 2222 826 2264 se
855 2222 1000 2265 vera
1037 2205 1236 2264 dicere
1270 2210 1335 2262 ut
1372 2209 1433 2262 et
1470 2213 1575 2264 vos
1602 2203 1930 2264 credatis“.
1986 2204 2082 2264 Ad
2111 2204 2215 2264 illa
2250 2223 2405 2282 quac

283 2324 445 2367 nunc
480 2305 743 2366 adducta
777 2313 945 2381 sunt,
999 2305 1175 2364 velim
1214 2304 1475 2382 adjicere
1527 2306 1846 2380 sequentia
1882 2321 1914 2363 e
1951 2303 2186 2381 Verb03
2243 2304 2407 2381 apud

286 2408 639 2468 Sachariam
674 2404 987 2483 „Ex-ulta
1025 2403 1211 2468 valde
1239 2401 1393 2486 filia
1419 2402 1674 2479 Ziom’s,
1720 2402 1944 2483 clanye
1968 2401 2124 2484 filia
2148 2403 2401 2466 Hiero-

278 2504 604 2586 'solymae,
643 2527 773 2568 ecce
799 2508 948 2569 Rex
994 2515 1146 2569 tuus
1184 2506 1381 2580 venit,
1424 2511 1485 2566 et
1523 2502 1808 2583 loquetur
1834 2523 2060 2583 pacem
2083 2504 2403 2585 yentibu8;

290 2614 357 2667 et
378 2605 707 2669 dominari
742 2607 968 2688 Ipsius
1022 2628 1065 2668 a
1101 2605 1275 2668 mari
1314 2624 1511 2684 usque
1563 2603 1653 2665 ad
1693 2623 1895 2680 mare,
1951 2611 2011 2666 et
2056 2625 2101 2666 a
2129 2604 2405 2683 flumine

289 2726 490 2785 usque
542 2707 816 2789 adfine-s·
855 2715 1095 2770 terme.-
1160 2707 1354 2769 etz'am
1408 2712 1497 2781 te,
1543 2726 1664 2785 per
1707 2723 2066 2767 sANcnmnm
2101 2726 2400 2767 nonnums

285 2808 397 2870 tm·
429 2807 713 2869 emittam
752 2810 993 2871 vinctos
1038 2817 1181 2870 tuos
1221 2827 1253 2866 e
1271 2807 1469 2887 fovea
1510 2806 1581 2868 in
1618 2825 1746 2886 qua
1783 2826 1908 2867 non
1935 2810 2150 2886 aqua“
2187 2807 2301 2866 IX:
2339 2812 2397 2867 9.

287 2914 320 2969 1
341 2911 404 2969 Ο.
450 2914 567 2986 11;
603 2910 757 2969 haec
793 2909 866 2968 de
894 2911 1181 2984 Domino,
1225 2916 1284 2967 et
1318 2907 1392 2966 de
1429 2909 1859 2967 instauratione
1895 2909 2211 2969 Ecclesiae
2239 2908 2402 2985 apud

274 3017 494 3088 gentes
532 3010 610 3069 ab
644 3010 819 3087 Ips03
876 3030 986 3088 per
1021 3012 1372 3086 sanguiuem
1408 3008 1668 3067 foederis
1705 3007 1802 3068 hic
1835 3009 2188 3087 intelligitur
2223 3009 2398 3067 Divi-

273 3129 422 3170 num
459 3111 723 3180 Verum,
774 3130 886 3188 per
937 3110 1096 3188 quod
1141 3110 1477 3186 conjunctio
1524 3108 1766 3168 Domini
1813 3126 1945 3168 cum
1999 3111 2117 3169 illis
2163 3111 2263 3186 qui
2320 3108 2398 3167 ab

273 3210 794 3288 Ecclesialpsius
832 3219 1038 3285 erunt,
1078 3217 1147 3268 ut
1179 3226 1380 3286 supra3
1424 3227 1607 3286 quare
1646 3211 1822 3267 etiam
1860 3210 2093 3285 dicitur,
2135 3211 2399 3269 emittam

278 3312 523 3371 vinctos
560 3318 698 3370 tuos
738 3330 770 3370 e
807 3314 984 3374 fovea
1019 3314 1080 3370 in
1117 3328 1236 3387 qua
1270 3326 1387 3367 non
1416 3328 1604 3386 aqua,
1646 3315 1706 3369 et
1739 3328 1847 3386 per
1881 3310 2017 3368 illos
2052 3309 2393 3385 significan—

273 3418 379 3471 tur
413 3416 627 3488 gentes
665 3429 821 3487 quae
855 3415 916 3471 in
951 3412 1122 3471 falsis
1152 3428 1224 3469 ex
1265 3411 1599 3486 ignorantia
1637 3418 1795 3484 sunt,
1834 3411 2011 3469 fovea
2045 3410 2106 3466 in
2134 3424 2254 3481 qua
2279 3423 2399 3466 non

275 3528 442 3586 aqua
476 3511 770 3586 significat
815 3513 919 3572 ubi
955 3531 1072 3572 non
1108 3528 1348 3583 verum,
1409 3518 1470 3570 et
1519 3511 1791 3569 emittere
1846 3508 1982 3566 illos
2038 3505 2173 3564 inde
2210 3507 2398 3582 signi-

272 3611 420 3672 ficat
451 3610 710 3670 liberare
748 3630 822 3671 ex
857 3613 1006 3690 illis3
1046 3611 1208 3689 quod
1240 3629 1353 3689 per
1387 3627 1604 3686 aquam
1641 3607 2006 3686 significetur
2041 3622 2248 3664 verum
2275 3605 2394 3664 Ec-

273 3711 531 3786 clesiae,
572 3712 850 3771 videatur
884 3730 1071 3789 supra
1104 3731 1172 3771 n:
1221 3714 1338 3785 713
1397 3718 1453 3771 et
1492 3708 1651 3786 quod
1687 3728 1797 3786 per
1834 3710 2062 3766 vinctos
2109 3709 2171 3766 in
2220 3706 2398 3766 fovea

272 3811 688 3888 significentur
724 3814 822 3888 qui
857 3816 917 3871 in
954 3813 1119 3872 salsis
1159 3831 1228 3871 cx
1262 3813 1630 3888 ignorantia,
1669 3817 1729 3869 et
1768 3817 1964 3868 tamen
2001 3809 2061 3866 in
2098 3807 2398 3869 desiderio

275 3911 514 3975 sciendi
538 3929 701 3987 vera,
740 3913 801 3971 in
830 3914 1107 3973 AncAms
1136 3912 1553 3972 Cosnnsrmus
1588 3928 1654 3972 n:
1687 3913 1773 3970 47
1790 3912 1900 3969 28.
1935 3913 2146 3969 4744.
2186 3910 2398 3969 5038.

278 4015 495 4074 6854.
543 4017 575 4072 7
595 4013 755 4073 950.
806 4014 989 4092 Apud
1020 4012 1316 4073 Davidem
1356 4011 1596 4088 „Deus
1623 4011 1877 4072 animas
1903 4028 2236 4090 cycnorum
2266 4028 2396 4069 ser-

268 4114 475 4189 vabit,
533 4131 577 4173 a
616 4110 761 4173 dolo
801 4120 860 4174 et
898 4111 1199 4175 violentia
1236 4110 1501 4174 redimet
1536 4112 1824 4173 animam
1859 4129 2092 4183 eoru-m,
2147 4117 2208 4170 et
2244 4127 2397 4186 pre·-

267 4212 482 4276 tiosus
532 4214 657 4275 erit
692 4212 981 4296 Sanyuz's
1031 4212 1290 4276 illorum
1343 4212 1415 4274 in
1476 4209 1679 4273 oculis
1717 4210 1942 4292 Ipsius
1954 4230 1983 4283 ,·
2036 4216 2095 4271 et
2135 4209 2296 4269 vivet
2342 4209 2401 4265 et
