2791 4778
464 371 707 426 CAPUT
748 370 1061 427 sExTuM.
1859 369 2071 425 vene:
2115 380 2166 431 c.
2323 381 2430 447 281

287 535 469 591 enim
521 531 860 608 jucundum
915 529 1177 588 coeleste
1232 532 1291 587 in
1343 530 1462 588 illis
1513 536 1572 590 et
1617 547 1690 589 ex
1740 528 1860 588 illis
1917 535 2037 604 est3
2090 529 2438 589 lamentatio

282 649 499 708 super
537 631 599 688 id
634 629 988 706 intelligitur
1020 647 1131 704 per
1165 630 1308 689 flere
1336 631 1572 704 fletum,
1613 630 1942 705 deprivatio
1973 630 2103 705 ejus
2139 647 2249 705 per
2277 631 2438 706 quod

280 732 571 792 collecta
607 733 685 790 sit
732 730 997 798 laetitia,
1051 736 1111 787 et
1158 729 1444 804 gaudium
1480 747 1554 789 ex
1602 729 1906 799 Carmele,
1960 736 2084 786 tum
2130 747 2243 805 per
2277 729 2439 806 quod

167 864 182 869 -
278 837 586 891 vastator
620 828 902 889 ceciderit
938 828 1277 904 superma,
1336 829 1498 905 quod
1535 830 1899 900 cessaverit,
1948 836 2007 888 et
2042 829 2203 906 quod
2238 828 2438 889 hedad

278 949 421 991 non
487 930 693 989 hedad
703 951 722 1006 3
794 929 1015 987 bonum
1075 928 1236 1004 quod
1293 929 1590 998 ablatum,
1671 935 1921 1006 propter
1973 929 2134 1004 quod
2201 929 2434 989 lamen·
2484 964 2519 977 ι·

273 1033 488 1100 tatio,
543 1029 892 1105 intelligitur
958 1046 1066 1105 per
1115 1029 1345 1089 fructus
1406 1031 1706 1102 autumni,
1774 1034 1834 1087 et
1883 1046 2027 1086 vera
2076 1028 2218 1087 boni
2273 1028 2434 1105 quod

282 1130 518 1190 ablata
572 1147 682 1205 per
736 1128 1098 1187 viudemiam
1153 1134 1213 1185 et
1268 1146 1379 1204 per
1426 1130 1627 1186 vinum
1670 1130 1731 1186 in
1778 1128 2204 1201 torcularibus3
2275 1129 2435 1204 quod

289 1230 702 1289 exulaverint
739 1245 885 1287 vera
935 1234 995 1288 et
1040 1228 1326 1304 perierint
1370 1246 1482 1304 per
1531 1227 1886 1302 scientifica,
1936 1228 2287 1304 intelligitur
2321 1246 2432 1304 per
2474 1230 2634 1292 [531]

281 1332 495 1389 vitem
545 1327 823 1398 Sibmae,
866 1335 924 1386 et
954 1345 1065 1404 per
1098 1330 1463 1404 propagines
1501 1329 1631 1404 ejus
1660 1327 1818 1403 quod
1856 1331 2236 1386 transiverint
2269 1346 2434 1389 mare

286 1445 514 1505 usqne
547 1428 624 1486 ad
653 1445 814 1485 mare
845 1427 1133 1496 Jaeseris,
1160 1445 1324 1486 mare
1357 1427 1652 1504 significat
1679 1405 2083 1486 scientificum.
2137 1427 2207 1485 In
2235 1427 2432 1488 Thre-

286 1531 395 1588 nis
458 1525 749 1605 „Infans
792 1532 851 1585 et
898 1523 1136 1586 lactens
1193 1525 1410 1607 deficit
1460 1527 1530 1586 in
1565 1523 1805 1604 plateis
1861 1526 2070 1602 urbia,
2122 1527 2436 1588 matribus

286 1627 455 1689 auis
496 1625 749 1700 dicunt,
790 1625 898 1685 ubi
918 1626 1318 1704 frumentum
1356 1632 1416 1686 et
1451 1625 1697 1702 vinum,
1735 1645 1927 1705 qaum
1969 1624 2269 1706 deficiunt
2303 1626 2432 1687 sic-

286 1735 373 1789 ut
419 1726 763 1805 conso-saue
787 1725 857 1785 in
880 1723 1124 1804 plateis
1150 1725 1356 1800 urbia,
1413 1744 1552 1785 cum
1577 1725 1928 1804 effunditur
1963 1725 2185 1785 anima
2218 1744 2434 1787 eorum

285 1846 503 1905 super
540 1824 754 1884 einum
781 1832 1060 1885 matrum
1095 1828 1351 1885 eorum“
1390 1825 1485 1884 II:
1540 1829 1648 1883 ll.
1696 1830 1816 1901 123
1869 1825 2020 1885 haec
2057 1825 2244 1884 verba
2284 1842 2443 1886 con-⁷

283 1931 499 1986 tinent
540 1925 1022 1984 lamentationem
1062 1942 1245 2000 super
1281 1925 1614 1984 Ecclesiam
1651 1926 2001 1999 Judaicam,
2057 1925 2217 2001 quod
2259 1943 2432 1985 omne

281 2028 524 2086 bonum
568 2031 626 2081 et
667 2043 870 2083 verum
911 2026 1042 2101 ejus
1072 2024 1449 2100 deperditum
1482 2026 1588 2094 sit,
1645 2042 1715 2084 ac
1750 2024 2097 2083 lamentatio
2134 2025 2428 2085 describi-

286 2134 398 2186 tur
435 2143 557 2201 per
595 2125 875 2183 infantem
914 2132 975 2183 et
1006 2125 1324 2182 lactentem
1364 2126 1467 2200 qui
1503 2123 1786 2183 deficiunt
1809 2127 1869 2181 in
1899 2124 2116 2199 plateis
2151 2123 2332 2198 urbiS,
2374 2131 2435 2183 et

289 2226 511 2284 dicunt
547 2224 839 2282 matribus
889 2225 1018 2282 suis
1070 2222 1172 2282 ubi
1206 2223 1567 2282 frumentum
1608 2231 1667 2281 et
1703 2225 1935 2297 vinum3
1990 2240 2102 2298 per
2143 2222 2431 2281 infantem

293 2332 364 2384 et
397 2324 726 2383 lactentem
754 2322 1164 2399 significantur
1197 2322 1285 2381 illi
1323 2325 1518 2399 quiin
1553 2322 1710 2380 bono
1746 2323 2119 2380 innocentiae
2173 2327 2329 2395 sunt,
2369 2329 2432 2380 et

295 2425 609 2482 abstracte
644 2425 840 2499 ipsum
875 2423 1096 2482 bonum
1132 2425 1549 2493 innocentiae,
1601 2440 1712 2498 per
1748 2421 1860 2480 hoc
1896 2422 2114 2479 bonum
2146 2421 2432 2497 intelligi-

301 2530 414 2580 tur
467 2539 634 2580 omne
676 2524 898 2582 bonum
950 2523 1264 2582 Ecclesiae
1319 2524 1462 2599 quia
1512 2523 1625 2580 hoc
1664 2530 1757 2579 est
1792 2521 2117 2580 essentiale
2168 2521 2429 2578 omnium

297 2622 594 2680 bonorum
646 2624 775 2699 ejus
792 2666 811 2697 ,
872 2623 1148 2681 videatur
1182 2625 1244 2680 in
1284 2622 1486 2699 Opere
1538 2622 1611 2680 de
1671 2620 1996 2680 Conon-1·
2043 2620 2319 2679 Inmane
2353 2638 2426 2678 n:

299 2724 448 2780 276
481 2721 562 2778 ad
596 2724 757 2782 283.
804 2723 966 2781 285.
1002 2725 1164 2781 288.
1210 2723 1373 2780 341.
1412 2723 1587 2798 3823
1625 2739 1736 2798 per
1771 2721 2006 2797 plateas
2035 2721 2198 2779 urbis
2237 2722 2424 2795 signi-

291 2821 557 2896 ficantur
591 2839 740 2879 vera
775 2821 1116 2896 doctrinae3
1172 2839 1284 2897 per
1330 2828 1557 2879 matres
1607 2803 2016 2897 significantur
2061 2821 2259 2878 omnia
2305 2821 2424 2879 Ec-

294 2920 564 2995 clesiae3
623 2928 684 2979 et
718 2939 828 2995 per
862 2921 1224 2981 frumentum
1273 2926 1333 2979 et
1382 2922 1584 2978 vinum
1636 2920 2044 2996 significantur
2087 2922 2149 2977 in
2205 2937 2427 2996 genere

293 3037 476 3077 omne
504 3019 726 3076 bonum
772 3027 832 3077 et
868 3037 1078 3078 verum
1107 3021 1271 3096 ejus;
1313 3020 1473 3095 quod
1501 3019 1735 3078 dicatur
1771 3019 1932 3095 quod
1958 3019 2236 3078 deficiant
2272 3022 2429 3078 sicut

293 3118 618 3176 confossus
654 3121 716 3175 in
754 3119 975 3194 plateis
1011 3119 1207 3193 urbiS,
1267 3137 1446 3195 quum
1486 3118 1805 3177 effunditur
1842 3121 2036 3176 anima
2074 3137 2280 3177 eorum
2314 3136 2421 3177 su-

291 3235 410 3292 per
445 3219 644 3275 sinum
685 3224 941 3276 matrum
979 3236 1216 3292 eorum,
1274 3225 1367 3277 est
1416 3220 1557 3293 quia
1605 3218 1920 3276 confossus
1957 3219 2252 3293 significat
2285 3218 2422 3275 illos

297 3317 406 3392 qni
441 3317 837 3391 spiritualiter
871 3324 1128 3394 pereunt
1173 3334 1248 3376 ex
1287 3318 1697 3393 deprivatione
1727 3320 1883 3385 veri,
1920 3334 1988 3374 ac
2023 3331 2134 3392 per
2169 3318 2424 3374 animam

295 3415 673 3490 significatur
708 3419 832 3473 vita
867 3417 1230 3493 spiritualis3
1291 3416 1451 3492 quod
1486 3416 1728 3492 plateae
1766 3416 1927 3473 urbis
1965 3418 2022 3471 in
2061 3413 2274 3487 quibus
2312 3413 2421 3492 de.-

295 3514 534 3583 ficiunt,
602 3516 936 3590 significent
988 3534 1135 3575 vera
1204 3515 1545 3584 doctrinae,
1606 3514 1884 3573 videatur
1944 3530 2012 3569 n:
2084 3512 2308 3568 2336:
2364 3517 2426 3568 et

299 3614 464 3689 quod
500 3621 690 3672 mater
726 3617 786 3672 in
830 3616 1002 3691 cujus
1039 3618 1232 3673 sinum
1291 3614 1609 3673 effunditur
1653 3616 1849 3671 anima
1886 3608 2176 3686 significet
2208 3607 2425 3667 Eccle-

296 3715 479 3787 siam,
534 3716 865 3772 11:2691.
919 3717 1131 3773 2717.
1178 3715 1388 3772 3703.
1437 3714 1650 3772 4257.
1699 3713 1909 3770 5581.
1955 3711 2165 3768 8897.
2243 3707 2426 3783 Apud

297 3811 672 3887 Zephaniam
735 3812 1001 3886 „Erant
1066 3831 1211 3891 opes
1271 3830 1486 3872 eorum
1546 3811 1618 3871 in
1674 3808 2014 3888 praedam,
2084 3812 2143 3866 et
2198 3805 2426 3869 domus

293 3928 517 3971 eoram
550 3910 622 3970 in
659 3911 1185 3981 deva-atatim,
1237 3918 1309 3972 ut
1346 3910 1681 3991 aedificent
1719 3908 1940 3968 domos
1985 3907 2100 3967 aed
2147 3926 2272 3967 non
2314 3908 2420 3969 in-

297 4007 582 4070 habitent
597 4054 615 4084 ,
669 4017 730 4072 et
754 4008 1052 4091 plantent
1085 4009 1305 4072 vineae
1339 4010 1454 4070 aed
1487 4029 1612 4070 non
1652 4010 1864 4070 bibant
1899 4007 2118 4068 vinum
2156 4010 2424 4069 earum“

293 4107 359 4167 1:
414 4112 543 4184 133
599 4128 711 4186 per
761 4128 911 4188 opes
962 4129 1118 4188 quae
1166 4120 1338 4171 erunt
1383 4114 1445 4169 in
1493 4111 1780 4186 praedam
1823 4109 2229 4186 significantur
2277 4125 2424 4184 opes

301 4209 678 4284 spiritualeS,
734 4229 888 4287 quae
945 4218 1085 4270 sunt
1137 4212 1507 4287 cognitiones
1558 4210 1699 4269 boni
1756 4216 1815 4269 et
1853 4209 2012 4284 veri3
2068 4227 2176 4285 per
2215 4208 2420 4267 domos
