2791 4778
444 380 556 433 424
897 368 1390 424 APOCALYPSIS
1434 368 1870 427 EXPLICATA.
1915 369 1963 436 ὗ.
2005 376 2134 430 405.

438 531 578 591 illos
630 530 733 605 qui
784 530 844 585 in
897 529 1052 588 bono
1101 528 1402 604 spirituali
1456 535 1628 603 sunt,
1688 529 2040 604 intelligitur
2091 547 2198 604 per
2251 537 2555 588 venatores

441 633 543 708 qui
603 629 977 688 venabuntur
1023 628 1193 704 illos3
1278 631 1417 705 quia
1470 628 1556 687 illi
1603 629 2047 705 intelligunmr,
2126 630 2302 688 etiam
2359 630 2555 688 dicitur

383 713 386 716 ¹
443 731 709 806 desuper
745 733 903 788 omni
937 736 1171 799 monte,
1225 736 1284 787 et
1321 729 1583 805 desuper
1618 731 1775 787 omni
1813 729 1996 804 colle,
2050 735 2107 787 et
2142 743 2217 787 ‘ex
2255 731 2551 789 foramini-

443 831 559 890 bus
607 836 953 907 petrarum3
1017 847 1128 906 per
1179 829 1315 888 illos
1370 832 1471 906 qui
1521 846 1706 905 super
1749 838 1950 887 monte
2007 830 2425 904 intelliguntur
2466 834 2553 907 qui

445 935 509 991 in
542 931 701 990 bono
739 933 981 1005 amoris,
1023 933 1124 1006 qui
1158 947 1343 1014 super
1380 930 1533 990 colle
1571 932 1673 1006 qui
1713 932 1770 989 in
1810 930 1967 987 bono
2000 931 2335 1005 charitatis,
2377 939 2434 990 et
2467 935 2553 1007 qui

444 1050 521 1092 ex
547 1031 935 1089 foraminibus
964 1036 1275 1108 petrarum
1311 1032 1499 1106 quiin
1536 1030 1810 1090 obscuris
1848 1033 1994 1088 veri.
2051 1031 2233 1106 Apud
2271 1031 2548 1090 Ezechie-

444 1132 562 1191 lem
626 1174 665 1204 „
703 1128 828 1191 Vos
882 1128 1130 1192 Montes
1179 1126 1460 1190 Israelis
1524 1129 1766 1190 dabitis
1819 1149 2075 1189 ramum
2134 1138 2427 1200 vestrum,
2491 1138 2548 1191 et

432 1232 730 1312 fructum
771 1237 1048 1291 vestrum
1083 1230 1316 1309 seretis
1354 1227 1595 1309 populo
1635 1249 1769 1290 meo
1808 1228 2105 1306 Israelis
2150 1250 2292 1291 cum
2327 1250 2544 1310 appro-

432 1331 753 1411 pinquant
773 1331 1026 1391 venire“
1049 1331 1349 1390 XXXVI:
1390 1335 1448 1407 83
1487 1348 1595 1407 per
1620 1338 1851 1389 montes
1872 1331 2123 1390 Israelis
2151 1333 2555 1407 significantur

442 1431 602 1490 bona
633 1430 972 1507 charitatis3
1014 1432 1171 1508 quod
1207 1431 1343 1489 inde
1381 1449 1527 1490 vera
1551 1430 1691 1489 fidei
1720 1438 1779 1489 et
1807 1432 1963 1490 bona
1991 1434 2165 1503 vitae,
2198 1434 2555 1507 significatur

440 1549 554 1608 per
580 1531 795 1589 dabitis
823 1549 1053 1592 ramum
1084 1540 1369 1603 vestrum,
1400 1538 1460 1590 et
1485 1532 1745 1589 fructum
1776 1539 2040 1590 vestrum
2068 1532 2308 1604 feretiS,
2364 1549 2554 1590 ramus

448 1640 542 1691 est
565 1650 771 1690 verum
799 1632 957 1702 fidei,
998 1641 1057 1689 et
1085 1632 1314 1691 fructus
1345 1638 1437 1690 est
1453 1632 1678 1690 bonum
1706 1635 1882 1691 vitae.
1926 1633 2106 1708 Apud
2136 1625 2325 1692 Amos
2358 1632 2558 1708 „Ecce

444 1732 583 1793 dies
609 1731 943 1807 venientes,
981 1738 1055 1791 ut
1082 1731 1365 1810 attinyat
1388 1751 1589 1791 amans
1617 1737 1940 1802 metentem
1956 1778 1972 1806 ,
2022 1740 2081 1792 et
2119 1730 2380 1793 calcans
2406 1752 2556 1794 uvas

443 1830 899 1893 distrahentem
937 1821 1211 1920 [semen],
1262 1838 1321 1891 et
1356 1829 1601 1893 stillent
1632 1838 1870 1891 montes
1896 1839 2211 1911 mustum,
2250 1838 2310 1894 et
2351 1852 2554 1894 omnes

444 1925 635 1992 colles
696 1930 1042 2010 diffluant,
1098 1951 1251 1992 nam
1299 1931 1602 1994 reducam
1644 1933 2078 2011 captivitatem
2114 1932 2348 2012 populi
2392 1935 2553 1994 mei“

441 2033 568 2094 IX:
616 2035 726 2092 13.
775 2038 893 2109 143
960 2032 1101 2110 quid
1136 2051 1248 2110 per
1290 2034 1441 2092 haec
1490 2034 1886 2110 significatur,
1944 2035 2216 2092 videatur
2254 2052 2439 2111 supra
2490 2054 2553 2093 n:

450 2133 533 2193 3'7
554 2136 620 2208 6,
679 2133 781 2191 ubi
819 2135 1123 2211 explicata
1174 2142 1346 2210 sunt3
1421 2142 1652 2193 montes
1701 2135 1977 2193 dicuntur
2013 2135 2242 2194 stillare
2281 2144 2552 2206 mustum,

444 2242 505 2295 et
540 2236 725 2295 colles
770 2236 1073 2307 diffluere,
1136 2237 1276 2311 quia
1307 2253 1418 2311 per
1454 2242 1684 2293 montes
1720 2236 2089 2312 significatur
2123 2236 2344 2294 bonum
2392 2253 2551 2295 amo-

440 2338 523 2397 ris
566 2338 627 2395 in
660 2336 1011 2407 Dominum,
1066 2342 1125 2395 et
1172 2353 1283 2412 per
1319 2336 1504 2395 colles
1540 2336 1761 2395 bonum
1813 2336 2119 2395 charitatis
2172 2354 2319 2414 erga
2353 2339 2546 2415 proxi-

440 2455 634 2513 mum,
699 2454 771 2497 ac
806 2456 918 2515 per
952 2444 1212 2498 mustum
1248 2455 1422 2512 vera3
1463 2443 1522 2496 et
1547 2437 1685 2495 inde
1720 2454 1831 2512 per
1869 2437 1976 2495 illa
2012 2438 2224 2510 verba,
2294 2439 2445 2515 quod
2479 2454 2549 2496 ex

445 2546 704 2616 utroque
756 2538 862 2597 illo
914 2538 1069 2597 bono
1128 2544 1297 2596 erunt
1337 2538 1454 2596 illis
1504 2555 1652 2596 vera
1698 2540 1758 2595 in
1806 2538 2198 2609 abundantia,
2262 2559 2399 2597 nam
2450 2556 2552 2614 per

452 2639 865 2700 reductionem
893 2640 1103 2716 populi
1142 2657 1210 2697 ex
1242 2641 1606 2714 captivitate,
1639 2636 1712 2696 de
1751 2657 1868 2715 qua
1907 2638 2008 2696 illa
2050 2639 2344 2709 dicuntur,
2369 2642 2547 2716 signi-

444 2736 659 2799 ficatur
692 2742 1047 2799 instauratio
1084 2757 1277 2799 novae
1312 2739 1643 2799 Ecclesiae.
1735 2739 1915 2817 Apud
1959 2740 2255 2798 Davidem
2307 2739 2546 2814 „Jeho-

441 2838 565 2897 vah
608 2839 883 2920 justitia
945 2846 1057 2900 tua
1132 2840 1298 2900 sicut
1347 2844 1588 2899 montes
1648 2838 1812 2915 Dei,
1886 2839 2151 2921 judicia
2205 2846 2320 2900 tua
2394 2841 2547 2901 sicut

439 2937 715 3017 abyssus
759 2942 1046 3017 mayna“
1075 2941 1312 2999 Psalm:
1351 2940 1661 2999 XXXVI:
1717 2945 1748 2999 7
1769 2961 1785 3016 3
1827 2944 1967 3017 quia
1993 2942 2231 3017 justitia
2269 2945 2327 2999 in
2356 2940 2546 3002 Verbo

440 3038 657 3096 dicitur
694 3037 767 3096 de
796 3036 980 3110 bon0,
1038 3055 1109 3097 ac
1138 3039 1431 3114 judicium
1469 3041 1543 3100 de
1579 3058 1751 3115 vero,
1807 3042 1943 3100 ideo
1998 3041 2212 3100 dicitur
2250 3043 2408 3118 quod
2448 3042 2543 3118 ju-

439 3140 605 3197 stitia
631 3137 910 3198 'Jehovae
960 3141 1038 3206 sit
1087 3140 1243 3197 sicut
1288 3147 1522 3199 montes
1570 3142 1718 3213 Dei,
1774 3149 1835 3200 et
1879 3142 2107 3219 judicia
2160 3143 2363 3219 Ipsius
2402 3145 2542 3200 sicut

438 3238 698 3316 abyssus
736 3256 951 3314 magna
964 3259 981 3315 3
1038 3246 1269 3298 montes
1305 3239 1424 3298 Dei
1473 3245 1634 3301 enim
1668 3242 2002 3319 significant
2038 3243 2258 3301 bonum
2295 3244 2539 3303 charita·-

437 3342 544 3411 tie,
607 3346 666 3399 et
702 3338 961 3417 abyssus
998 3340 1294 3417 significat
1341 3358 1489 3400 vera
1535 3345 1596 3400 in
1644 3345 1970 3417 communi,
2036 3361 2190 3419 quae
2238 3362 2387 3402 vera
2417 3341 2541 3402 fidei

440 3448 763 3501 vocantur:
806 3442 964 3516 quod
989 3441 1228 3518 justitia
1265 3440 1497 3501 dicatur
1533 3443 1606 3500 de
1640 3442 1794 3502 bono
1807 3474 1823 3516 5
1866 3450 1924 3502 et
1950 3444 2240 3520 judicium
2283 3445 2357 3503 de
2391 3458 2536 3511 vero,

435 3542 715 3602 videatur
756 3561 827 3600 n:
873 3544 1083 3601 2235.
1131 3543 1339 3602 9857.
1410 3543 1593 3618 Apud
1628 3542 1897 3601 Eundem
1938 3542 2270 3618 „Jelzovah
2296 3542 2538 3623 sunda·

435 3643 529 3704 vit
569 3650 805 3704 terram
845 3660 1035 3723 super
1073 3643 1329 3704 basibus
1368 3642 1541 3717 suis,
1598 3644 1828 3723 abysso
1884 3644 2053 3705 sicut
2100 3651 2268 3704 veste
2317 3640 2543 3705 obvela—

434 3743 528 3804 sti
566 3763 735 3818 eam,
791 3763 981 3822 super
1014 3745 1331 3806 montibus
1376 3748 1553 3803 stant
1589 3762 1813 3822 aquae,
1867 3745 1944 3810 ab
1982 3745 2409 3823 increpatione
2440 3749 2542 3803 tua

423 3843 738 3922 fuyiunt,
814 3864 855 3903 a
916 3863 1056 3904 voce
1109 3843 1378 3905 tonitrui
1444 3843 1542 3904 tui
1592 3844 1968 3924 proripiunt
2028 3864 2093 3904 se
2109 3865 2137 3916 ;
2207 3844 2543 3905 ascendunt

432 3948 703 4018 montes,
769 3943 1154 4005 descendunt
1200 3941 1398 4003 valles
1446 3942 1535 4003 ad
1581 3941 1786 4005 locum
1828 3964 2008 4024 quem
2032 3945 2351 4026 fundasti
2395 3941 2540 4013 illis,

436 4039 706 4103 limitem
730 4043 1051 4122 posuisti,
1089 4062 1237 4103 -non
1290 4049 1647 4121 transeunt,
1709 4065 1832 4105 non
1877 4050 2278 4107 revertuntur
2330 4044 2419 4106 ad
2447 4043 2544 4103 ob-

432 4140 769 4220 teyenclum
832 4149 1106 4215 terram&
1190 4143 1302 4222 qui
1350 4145 1585 4206 emittit
1634 4146 1854 4224 fontes
1923 4147 1991 4207 in
2040 4145 2315 4224 fluvios,
2391 4145 2545 4205 inm

434 4244 674 4297 montes
717 4248 880 4300 eant.
962 4242 1098 4318 Qui
1134 4242 1374 4322 irm'yat
1423 4250 1662 4306 montes
1698 4245 1775 4305 de
1819 4245 2216 4309 conclavibus
2254 4246 2429 4317 suis;
2472 4240 2544 4301 de
