2791 4778
404 355 517 407 208
815 342 1314 398 APOCALYPSIS
1358 340 1793 395 EXPLmATA.
1864 341 1911 408 ς.
1959 349 2085 401 359.

392 501 704 585 paradisi
744 502 880 563 Dei
889 503 925 534 “
982 500 1071 560 II:
1134 506 1205 576 ’ῖς
1265 544 1302 574 „
1328 497 1596 561 Vincens
1629 518 1755 560 non
1795 496 2081 559 laedetur
2114 515 2158 557 a
2187 503 2384 558 morte
2423 516 2535 558 se·-

404 603 659 665 cunda“
707 602 797 661 II:
848 606 969 660 11:
1028 645 1064 674 „
1089 598 1357 661 Vincens
1404 606 1463 659 et
1512 598 1877 660 custodiens
1915 616 2102 676 opera
2140 615 2282 656 mea
2330 616 2540 677 usque

405 703 494 764 ad
545 703 773 783 finem,
850 700 1011 761 dabo
1066 698 1171 761 illi
1232 705 1608 780 potestatem
1672 720 1862 779 super
1910 700 2175 777 quaest
2250 698 2344 758 II:
2396 702 2537 757 26:

411 852 446 881 „
471 805 736 868 Vincens
757 801 1016 882 faciam
1042 798 1232 862 illum
1250 798 1609 861 columnam
1637 799 1707 861 in
1738 798 1997 879 Templo
2022 797 2163 858 Dei
2172 800 2209 831 “
2252 799 2365 860 111:
2414 802 2451 857 1
2471 802 2538 858 2:

412 951 448 980 ,‚
472 904 738 967 Vincens
780 902 940 962 dabo
976 901 1035 961 ei
1075 900 1289 962 sedere
1327 900 1575 962 Mecum
1614 901 1686 962 in
1721 901 1977 962 Throno
2020 917 2150 958 meo
2161 900 2199 929 “
2245 900 2358 958 111:
2414 903 2458 956 2
2475 902 2541 957 1.

413 1051 449 1081 „
474 1005 770 1068 Viccrunt
806 1001 1137 1062 draconem
1165 1021 1287 1080 per
1311 1003 1690 1081 sanquinem
1725 1001 1937 1081 Ayni,
1991 1007 2052 1060 et
2082 1017 2204 1077 per
2261 998 2546 1062 Verbum

408 1102 805 1169 testimonii“
860 1101 1018 1165 XII:
1085 1106 1111 1160 1
1136 1106 1204 1161 l:
1264 1146 1299 1176 „
1325 1100 1593 1163 Vincens
1634 1101 1992 1181 possidebit
2036 1098 2279 1174 omnia,
2333 1105 2396 1159 et
2424 1116 2543 1159 ero

407 1205 516 1269 illi
564 1205 784 1279 Deus,
863 1210 918 1261 et
972 1199 1084 1262 ille
1130 1201 1253 1262 erit
1294 1201 1466 1263 Mihi
1509 1200 1750 1282 filius“
1819 1201 2005 1261 XXI:
2079 1206 2148 1258 7:
2241 1207 2304 1259 et
2362 1198 2547 1277 apud

408 1307 745 1367 Johannem
786 1301 1028 1378 „Jesus
1066 1301 1158 1362 ad
1193 1300 1573 1382 discipulos,
1617 1301 1769 1362 haec
1809 1299 2106 1380 loquutus
2144 1317 2291 1360 sum
2332 1301 2546 1372 vobis,
2643 1306 2650 1311 ⁴

408 1413 482 1468 ut
518 1406 589 1466 in
629 1404 738 1465 Me
777 1421 997 1483 pacem
1038 1401 1351 1479 habeatis,
1406 1403 1477 1462 in
1526 1401 1762 1462 mundo
1806 1400 2220 1482 afflictionem
2257 1399 2543 1475 habetis,

407 1505 521 1567 sed
574 1504 897 1586 confidite,
965 1502 1115 1582 Eyo
1162 1502 1288 1563 vici
1335 1503 1647 1564 mundum
1669 1506 1708 1536 “
1768 1502 1950 1561 XVI:
2017 1502 2137 1586 335
2196 1518 2306 1576 per
2363 1500 2547 1577 quod

410 1607 704 1666 Dominus
760 1606 971 1663 vicerit
1005 1605 1316 1678 mundum,
1364 1604 1718 1679 intelligitur
1754 1602 1912 1679 quod
1948 1600 2359 1678 subjugaverit
2395 1619 2544 1659 om-

413 1708 514 1764 nia
548 1706 808 1778 inferna,
864 1722 1002 1761 nam
1045 1705 1299 1764 mundus
1346 1705 1427 1763 ibi
1471 1703 1766 1781 signifieat
1808 1705 2003 1761 omnia
2055 1701 2214 1760 mala
2259 1707 2321 1760 et
2371 1702 2550 1761 falsa

414 1822 570 1882 quae
609 1805 683 1862 ab
721 1804 980 1879 inferne,
1036 1813 1102 1863 ut
1138 1823 1375 1882 quoque
1415 1805 1575 1881 apud
1601 1804 1940 1864 :Iohannem
1977 1802 2139 1877 Cap:
2185 1796 2363 1861 VIII:
2418 1803 2543 1861 23.

413 1906 574 1983 Cap:
616 1904 770 1964 XII:
815 1907 924 1963 31.
984 1903 1143 1982 Cap:
1180 1906 1366 1965 XIV:
1418 1910 1521 1965 17.
1562 1908 1669 1964 19.
1706 1906 1817 1964 30.
1870 1903 2029 1979 Cap:
2067 1902 2220 1961 XV:
2266 1904 2376 1962 18.
2423 1905 2544 1962 19.

413 2006 572 2081 Cap:
621 2005 811 2064 XVI:
869 2008 927 2065 8.
986 2009 1092 2063 11.
1184 2005 1342 2083 Cap:
1397 2006 1615 2066 XVII:
1673 2008 1732 2064 9.
1793 2007 1901 2062 14.
1964 2006 2072 2061 16.
2155 2002 2359 2079 Simile
2424 2022 2548 2081 per

412 2109 684 2177 vincere,
723 2105 827 2165 ubi
863 2106 935 2163 de
972 2106 1259 2181 Domin0,
1301 2107 1671 2182 significatur
1697 2105 1860 2182 apud
1897 2104 2138 2180 Esajam
2181 2102 2404 2180 „Quis
2433 2104 2548 2165 hic

410 2207 523 2286 qui
559 2206 725 2267 venit
763 2225 843 2266 ea’
885 2205 1132 2282 Edoni,
1192 2225 1565 2285 conspersus
1616 2212 1816 2266 vestes
1855 2223 1936 2264 ecc
1983 2202 2246 2265 Bozra:
2312 2210 2544 2266 torcu-

412 2306 516 2369 lar
544 2305 784 2368 calcavi
813 2304 1021 2381 solus,
1064 2313 1123 2366 et
1149 2306 1226 2367 de
1249 2305 1517 2386 populis
1555 2326 1679 2367 non
1714 2307 1816 2366 vir
1851 2304 2103 2364 Mecum
2124 2327 2145 2365 .·
2189 2312 2543 2384 propterea

307 2462 311 2466 .
411 2408 674 2493 calcavi·
697 2406 849 2469 illos
891 2409 962 2469 in
1010 2409 1116 2469 ira
1160 2428 1324 2483 mea,
1406 2415 1465 2468 et
1519 2406 1878 2471 conculcavi
1928 2425 2032 2466 eos
2083 2406 2153 2466 in
2211 2406 2543 2466 excande-

410 2511 651 2571 scentia
699 2529 839 2570 mea
851 2529 878 2582 ;
934 2507 1101 2570 unde
1139 2528 1372 2588 sparsa
1410 2514 1505 2568 est
1550 2509 1817 2570 victoria
1856 2524 2069 2567 eorum
2104 2525 2292 2585 super
2325 2511 2546 2566 vestes

412 2630 617 2686 meas,
672 2618 731 2671 et
774 2630 950 2670 omne
991 2610 1431 2670 vestimentum
1475 2629 1682 2671 meum
1720 2604 1937 2688 pollui
1951 2627 1979 2679 ;
2045 2612 2115 2666 at
2141 2606 2546 2689 ‘descendere

399 2710 536 2791 feci
578 2711 648 2770 in
686 2716 920 2771 terram
954 2710 1288 2770 victoriam
1315 2714 1575 2771 eorum“
1608 2710 1839 2769 LXIII:
1890 2712 1947 2765 l.
1985 2710 2045 2766 3.
2093 2709 2159 2782 63
2215 2711 2415 2784 agitur
2447 2709 2549 2779 ,ibi

416 2811 489 2870 de
525 2811 812 2883 Domino,
866 2819 925 2869 et
962 2811 1035 2869 de
1070 2813 1288 2888 pugnis
1340 2811 1541 2887 Ipsius
1592 2818 1798 2870 contra
1841 2809 2093 2882 inferna,
2160 2825 2229 2873 ac
2265 2809 2338 2867 de
2371 2809 2547 2868 sub-

405 2911 720 2987 jugatione
758 2927 991 2986 eorum3
1046 2911 1188 2987 Ipse
1219 2912 1417 2988 quoad
1451 2912 1733 2970 Divinum
1759 2910 2098 2967 Humanum
2137 2925 2310 2968 suum
2342 2911 2546 2969 intel-

416 3010 620 3086 ligitur
667 3010 747 3068 ibi
796 3027 906 3086 per
959 3011 1175 3085 Edem,
1237 3014 1338 3086 qui
1391 3028 1753 3087 conspersus
1802 3016 2007 3070 vestes
2063 3025 2135 3068 ex
2182 3008 2412 3082 Bona,
2481 3016 2546 3069 et

413 3129 524 3188 per
558 3116 762 3168 vestes
798 3110 997 3186 Ipsius
1036 3112 1403 3187 significatur
1439 3111 1703 3171 Verbum
1754 3113 1814 3168 in
1858 3111 2063 3182 litera,
2119 3116 2318 3168 vestes
2366 3112 2544 3168 enim

415 3209 750 3285 significant
783 3228 928 3269 vera
962 3214 1373 3281 investientia,
1435 3218 1494 3270 et
1536 3230 1668 3270 cum
1713 3211 1790 3270 de
1837 3210 2130 3284 Domum,
2195 3209 2544 3286 significant

411 3312 633 3371 Divina
673 3310 866 3383 Vera,
921 3311 1171 3386 proinde
1210 3311 1505 3387 Verbum,
1562 3313 1841 3388 quoniam
1884 3310 1968 3368 ibi
2003 3317 2141 3367 sunt
2177 3312 2370 3370 omnia
2417 3309 2544 3367 Di-

396 3415 552 3487 'vina
590 3413 755 3472 Vera
766 3434 782 3488 3
838 3412 1115 3470 videatur
1152 3429 1337 3487 supra
1373 3431 1446 3471 n:
1499 3413 1659 3471 195.
1698 3410 1970 3469 Verbum
2003 3413 2063 3468 in
2099 3427 2282 3470 sensu
2314 3411 2537 3470 literae

410 3515 507 3573 hie
545 3515 723 3575 etiam
752 3513 1098 3589 intelligitur
1126 3530 1236 3590 per
1262 3512 1516 3587 VesteS‚
1558 3515 1698 3588 quia
1734 3511 1816 3569 ibi
1851 3518 1990 3571 sunt
2015 3529 2162 3570 vera
2195 3511 2533 3570 investien-

411 3617 523 3688 tia,
588 3617 834 3673 inservit
870 3616 1025 3673 enim
1060 3630 1274 3673 sensus
1318 3613 1530 3672 literae
1579 3629 1688 3689 pro
1739 3618 1908 3671 veste
1947 3613 2155 3670 sensui
2189 3609 2530 3688 spirituali:

413 3721 474 3772 et
513 3717 654 3789 quia
691 3700 958 3772 Verbum
998 3715 1197 3790 quoad
1244 3713 1411 3772 illum
1447 3730 1690 3772 sensum
1739 3728 1776 3770 a
1819 3712 2046 3788 populo
2100 3712 2356 3770 Judaieo
2397 3709 2532 3768 dis-

412 3819 667 3870 tractum
705 3819 823 3885 est,
891 3820 951 3870 et
992 3831 1101 3887 per
1137 3814 1195 3871 id
1232 3814 1518 3873 Divinum
1551 3814 1781 3874 Verum
1830 3812 2261 3886 adulteratum,
2313 3810 2530 3868 dieitur

308 3910 316 3917 '
415 3927 775 3986 conspersus
814 3918 1017 3971 vestes
1058 3929 1131 3969 ex
1166 3913 1398 3985 Bozra,
1455 3928 1669 3989 sparsa
1706 3920 1800 3971 est
1829 3915 2079 3971 victoria
2115 3926 2530 4001 eorum-super

415 4015 615 4067 vestes
652 4026 848 4081 meas,
919 4017 979 4068 et
1024 4027 1195 4069 omne
1235 4013 1657 4071 vestimentum
1695 4031 1893 4073 meum
1931 4012 2122 4088 pollui
2137 4032 2154 4088 3
2205 4017 2411 4070 vestes
2451 4026 2523 4068 ex

412 4111 608 4167 Bozra
642 4109 974 4185 significant
998 4109 1267 4168 ultimum
1305 4110 1511 4181 Verbi,
1550 4113 1711 4189 quod
1745 4121 1837 4172 est
1873 4128 2090 4171 sensus
2125 4111 2339 4171 literae
2371 4110 2515 4184 ejuS,

415 4212 664 4270 victoria
700 4227 904 4270 eorum
943 4228 1126 4286 super
1160 4218 1362 4271 vestes
1406 4230 1601 4287 meaS,
1661 4212 1954 4287 significat
1990 4213 2291 4270 sinistram
2333 4213 2515 4268 inter-

2712 445 2727 620 4
