2791 4778
368 404 617 470 CAPUT
672 402 981 459 SEXTUM.
1737 406 1942 469 VERS=
1990 420 2081 470 17.
2241 422 2348 475 513

228 575 430 642 eunte,
486 565 694 640 Coeli,
751 564 858 625 ubi
894 564 1120 642 angeli,
1185 567 1476 643 incipiunt
1516 565 1825 643 laborare,
1879 575 2020 630 tunc
2055 568 2349 633 Dominus

227 685 256 727 e
292 667 434 729 Sole
477 667 741 726 intendit
787 668 1071 726 virtutem
1126 682 1329 743 suam,
1393 666 1507 725 hoc
1561 674 1681 742 est,
1746 686 2009 731 amorem
2047 687 2224 732 suum
2272 673 2351 736 ad

227 769 540 827 tutandum
584 768 882 844 Angelos,
936 774 997 825 et
1031 767 1108 825 ad
1140 767 1576 827 restituendum
1620 775 1841 828 statum
1879 771 1978 846 qui
2019 771 2255 831 laborat
2291 779 2350 842 et

224 871 429 946 incipit
466 869 857 942 labefactari,
917 885 990 926 ex
1028 885 1148 943 qua
1190 870 1414 927 virtute
1459 875 1518 927 et
1557 872 1856 945 potentia,
1905 870 2188 930 Divinum
2214 872 2344 932 Ve-

221 986 347 1028 rum
392 973 636 1029 unitum
674 969 894 1028 Divino
930 968 1130 1044 Bono,
1188 968 1349 1044 quod
1399 973 1462 1029 in
1508 986 1619 1029 sua
1656 972 1920 1030 essentia
1965 977 2058 1030 est
2091 971 2346 1033 Divinus

222 1070 436 1147 Amor,
512 1075 795 1147 penetrat
839 1087 950 1146 per
998 1068 1214 1130 Coelos
1265 1069 1343 1126 ad
1393 1071 1699 1147 inferiora,
1765 1070 1868 1130 ubi
1910 1089 1978 1132 se
2031 1075 2343 1133 consocia-

218 1179 434 1230 verunt
454 1169 648 1241 mali,
686 1176 746 1229 et
774 1172 914 1247 quia
948 1170 1037 1229 illi
1063 1186 1180 1228 non
1209 1173 1506 1230 sustinent
1533 1172 1820 1237 influxum
1847 1179 1911 1231 et
1943 1176 2350 1248 praesentiam

223 1271 404 1331 talem
439 1272 652 1331 Divini
678 1272 938 1346 Amoris,
966 1271 1259 1348 incipiunt
1292 1274 1658 1344 tremiscere,
1689 1274 1828 1347 angi
1851 1278 1914 1330 et
1940 1274 2209 1347 cruciari,
2236 1291 2350 1352 per

218 1371 278 1430 id
303 1375 464 1432 enim
494 1373 863 1447 dissipantur
888 1372 1047 1430 bona
1076 1378 1139 1430 et
1157 1388 1317 1446 vera,
1342 1363 1499 1447 quae
1525 1371 1766 1447 loquela
1792 1379 1852 1431 et
1879 1371 2212 1433 actionibus
2240 1391 2345 1434 so-

218 1470 339 1532 lum
368 1477 432 1532 in
464 1475 730 1532 externis
758 1474 993 1531 mentiri
1019 1471 1215 1530 edocti
1241 1478 1399 1545 sunt,
1435 1478 1495 1531 et
1521 1472 1868 1548 aperiuntur
1894 1475 2145 1545 interna,
2189 1492 2345 1552 quae

219 1589 337 1632 non
373 1580 521 1633 sunt
560 1576 674 1632 nisi
723 1591 897 1649 quam
935 1571 1094 1630 mala
1130 1579 1189 1631 et
1224 1571 1410 1644 salsa,
1474 1581 1536 1633 et
1584 1565 1734 1632 haec
1781 1576 1923 1650 quia
1969 1591 2001 1633 e
2054 1573 2344 1635 diametro

222 1678 512 1750 opposita
555 1682 694 1733 sunt
739 1674 912 1732 bonis
962 1680 1024 1731 et
1061 1673 1251 1745 veris,
1316 1691 1472 1749 quae
1519 1672 1594 1732 ab
1642 1675 1909 1734 interiori
1946 1675 2235 1749 influunt,
2285 1680 2346 1734 et

224 1778 427 1833 tamen
472 1774 633 1834 mala
670 1782 730 1833 et
765 1773 919 1832 falsa
953 1774 1224 1832 fecerunt
1262 1777 1447 1833 vitam
1490 1791 1721 1850 eorum,
1775 1775 1912 1834 inde
1950 1774 2067 1835 illis
2105 1781 2343 1850 tremor,

224 1890 413 1951 angor
453 1882 516 1934 et
551 1878 878 1947 cruciatus,
931 1874 1117 1948 tales,
1174 1881 1238 1932 ut
1273 1873 1392 1935 non
1429 1876 1685 1951 amplius
1727 1878 2052 1936 consistere
2085 1879 2343 1952 possint,

223 1975 382 2035 unde
421 1976 738 2051 aufugiunt
790 1982 849 2033 et
896 1991 963 2034 se
1006 1975 1326 2051 conjiciunt
1360 1978 1420 2034 in
1462 1977 1721 2049 inferna,
1777 1994 1929 2051 quae
1966 1977 2078 2037 sub
2125 1979 2344 2038 monti-

224 2072 340 2133 bus
382 2083 444 2135 et
475 2078 692 2151 petris,
742 2074 843 2133 ubi
876 2077 936 2133 in
976 2074 1148 2133 malis
1186 2083 1246 2133 et
1283 2078 1341 2133 in
1379 2074 1549 2134 falsis
1586 2074 1727 2132 mali
1763 2078 1856 2133 sui
1897 2092 2030 2135 esse
2058 2082 2312 2153 possunt
2324 2094 2341 2152 ς

227 2172 339 2232 hoc
376 2178 441 2234 in
477 2177 686 2253 specie
729 2174 1096 2250 significatur
1143 2192 1253 2250 per
1295 2175 1482 2232 verba
1516 2191 1701 2249 supra
1744 2175 2071 2251 explicata,
2123 2173 2343 2249 „dice-

232 2271 380 2333 bant
415 2274 729 2337 montibus
777 2281 835 2334 et
882 2274 1091 2353 petris
1102 2320 1117 2349 ‚
1176 2273 1388 2336 cadite
1435 2293 1625 2354 super
1669 2292 1815 2349 noe,
1880 2281 1940 2335 et
1987 2274 2347 2337 abscondite

234 2388 349 2431 nos
395 2395 438 2435 a
469 2375 644 2456 facie
685 2374 977 2437 &dentis
1024 2396 1214 2456 super
1253 2375 1502 2448 throne,
1564 2379 1623 2435 et
1664 2374 1740 2435 ab
1787 2374 1892 2437 ira
1940 2374 2120 2458 Aym'
2138 2378 2205 2438 .·“
2263 2393 2341 2438 ex

240 2469 333 2530 his
370 2483 631 2537 constare
669 2484 895 2554 potest,
937 2478 1093 2536 unde
1131 2485 1224 2537 est
1260 2478 1418 2554 quod
1456 2477 1687 2536 dicatur
1723 2478 1810 2535 ira
1845 2478 2029 2554 Agni‚
2085 2484 2145 2538 et
2177 2477 2338 2537 unde

241 2579 330 2631 est
364 2577 518 2652 quod
550 2578 836 2639 Ultimum
873 2577 1172 2637 Judicium
1219 2579 1453 2638 dicatur
1499 2578 1626 2637 dies
1664 2595 1913 2653 magnus
1949 2581 2076 2637 irae
2115 2576 2338 2655 IpsiuS,

236 2681 468 2737 tametsi
516 2687 608 2737 est
644 2678 897 2736 Divinus
940 2680 1156 2748 Amor,
1209 2680 1380 2757 cujus
1420 2680 1687 2755 operatio
1735 2679 1795 2735 in
1830 2694 1896 2737 se
1934 2684 2209 2754 spectata
2245 2686 2338 2739 est

234 2784 301 2834 ut
333 2779 643 2837 salventur
685 2796 923 2849 oinneS‚
980 2798 1117 2838 nam
1155 2788 1247 2838 est
1296 2779 1576 2837 voluntas
1613 2777 1915 2852 salvandi,
1970 2781 2054 2837 ita
2090 2794 2336 2855 prorsus

227 2894 341 2937 non
385 2881 502 2953 ira,
558 2880 666 2936 sed
703 2898 881 2937 amor.
959 2878 1162 2937 Simile
1201 2881 1378 2945 etiam
1417 2878 1508 2952 fit,
1563 2876 1798 2954 quando
1842 2878 2033 2936 malus
2071 2879 2335 2955 spirittls,

228 2983 331 3057 qui
379 2982 613 3040 mentiri
657 2986 862 3055 potest
908 2980 1058 3038 lucis
1105 2978 1409 3056 angelum,
1465 2977 1734 3038 ascendit
1771 2981 1834 3068 iu
1872 2978 2156 3055 Coelum,
2221 2997 2338 3056 quo
2438 3057 2443 3061 ¹

224 3096 357 3141 cum
409 3084 599 3154 venit,
659 3083 798 3156 quia
845 3096 961 3137 non
1013 3082 1272 3139 sustinet
1317 3079 1601 3138 Divinum
1655 3078 1889 3139 Bonum
1939 3098 2009 3140 ac
2053 3079 2340 3140 Divinum

188 3179 454 3241 ‘Verum
497 3182 653 3258 quod
696 3181 808 3254 ibi,
865 3184 1071 3257 incipit
1119 3183 1255 3258 angi
1306 3188 1367 3240 et
1403 3183 1685 3256 cruciari3
1741 3199 1933 3258 usque
1979 3181 2131 3240 adeo
2168 3188 2234 3240 ut
2268 3196 2337 3239 se

216 3296 460 3343 summo
510 3285 643 3340 nisu
701 3281 948 3356 dejiciat,
992 3282 1302 3352 deorsum,
1355 3298 1468 3341 nec
1511 3284 1787 3357 quiescat
1833 3285 1999 3357 prius
2055 3298 2234 3356 quam
2277 3284 2336 3342 in

214 3380 463 3442 Inferno
519 3380 1021 3457 correspondente
1071 3400 1179 3440 suo
1229 3382 1404 3439 malo.
1502 3381 1594 3439 Ex
1654 3380 1769 3438 hac
1819 3383 2173 3456 apparentia
2224 3387 2335 3452 est,

218 3492 351 3542 tum
392 3502 465 3541 ex
504 3500 576 3540 ea
612 3482 770 3558 quod
804 3483 1126 3557 puniantur
1160 3480 1299 3537 dum
1336 3479 1561 3537 faciunt
1597 3478 1786 3548 mala,
1840 3477 1997 3553 quod
2032 3480 2090 3535 in
2131 3478 2337 3537 Verbo

219 3585 405 3643 toties
451 3582 748 3641 tribuatur
783 3579 1090 3652 Jehovae,
1156 3578 1270 3638 hoc
1322 3586 1441 3647 est,
1507 3578 1762 3636 Domino
1811 3577 2134 3654 indignatio
2151 3621 2168 3652 ,
2226 3579 2333 3653 ira,

217 3682 749 3755 excandescentia,
805 3683 921 3738 imo
973 3680 1137 3737 furor
1184 3687 1243 3737 et
1292 3678 1581 3754 vindicta3
1649 3678 1759 3737 sed
1806 3680 2003 3738 omnia
2046 3677 2151 3736 illa
2202 3677 2341 3738 loca

221 3784 468 3857 afferre,
525 3782 627 3841 ubi
662 3782 764 3840 illa
802 3780 1137 3840 tribuuntur
1173 3779 1478 3851 Jehovae,
1529 3772 1640 3837 hoc
1680 3785 1801 3850 est,
1851 3778 2133 3853 Domin0,
2189 3794 2336 3855 pro-

224 3893 363 3959 pter
420 3885 652 3958 copiam
696 3881 792 3939 hic
840 3871 1299 3959 supersedetur,
1357 3879 1547 3939 solum
1588 3879 1787 3955 aliqua
1830 3878 2179 3951 afferentur,
2239 3877 2341 3936 ubi

224 3981 512 4043 Ultimum
559 3963 862 4042 Judiltium
916 3988 1164 4040 vocatur
1214 3980 1342 4039 dies
1391 3980 1843 4057 indignationis,
1902 3980 2056 4053 irae,
2114 3974 2337 4037 excan-

226 4083 584 4161 descentiae·
617 4092 676 4140 et
725 4082 1023 4140 vindictae
1074 4081 1346 4141 Jehovae
1393 4087 1452 4138 et
1492 4081 1643 4157 Dei3
1701 4088 1768 4138 ut
1819 4084 1877 4139 in
1914 4078 2303 4154 sequentibus
2319 4097 2336 4154 3

228 4182 388 4258 apud
440 4183 680 4259 Esajam
727 4180 967 4255 „Ecce
1011 4181 1183 4243 Dies
1231 4179 1506 4240 Jehovae
1565 4180 1732 4241 venit
1784 4175 2086 4254 crudelia,
2147 4185 2206 4239 et
2237 4178 2342 4239 in-

229 4280 630 4361 diynatiom'e
675 4290 733 4343 et
777 4276 1328 4342 emeandescehtiae
1362 4280 1524 4357 irae,
1591 4280 1680 4340 ad
1706 4278 2068 4362 ponendum
2109 4285 2344 4341 tem-am

329 4401 754 4452 Swedenborg,
789 4399 978 4453 Apocal.
1010 4399 1123 4451 ειμι.
1156 4399 1213 4437 11.
1919 4382 2005 4439 33
