2791 4778
377 412 607 467 CAPUT
649 411 959 467 SEXTUM.
1721 409 1929 465 VERS':
1978 422 2066 473 13.
2230 423 2336 475 403

228 572 384 650 quod
420 576 497 631 sit
532 575 765 648 perire,
818 589 954 631 nam
993 571 1207 632 stellae
1254 589 1389 632 cum
1425 572 1647 632 cadunt
1696 575 1756 631 in
1801 579 2023 632 terram
2056 584 2338 650 pereunt:

228 673 500 748 similiter
535 674 924 749 significatur,
962 691 1072 750 per
1109 672 1266 748 quod
1302 667 1524 732 stellae
1561 671 1797 733 cadant
1822 671 1900 732 de
1939 669 2140 743 Οοείο,
2181 676 2344 754 apud
2456 717 2459 718 ν

224 774 597 833 Matthaeum
635 773 798 851 Cap:
837 773 1086 833 XXIV:
1131 776 1253 848 29,
1312 781 1373 832 et
1419 773 1582 850 apud
1617 774 1887 833 Marcum
1953 773 2113 851 Cap:
2153 774 2339 836 XIII:

230 876 352 934 25:
423 877 682 951 quisque
719 874 924 933 videre
960 880 1190 950 potest,
1247 874 1406 951 quod
1451 892 1562 950 per
1597 874 1806 933 stellas
1848 892 1964 934 non
2000 873 2341 952 intelligan-

223 982 316 1032 tur
359 975 610 1050 stellae,
687 975 826 1033 illae
880 977 1035 1033 enim
1088 991 1206 1033 non
1253 981 1508 1051 possunt
1556 974 1771 1035 cadere
1833 992 1865 1032 e
1929 973 2139 1049 Coelo,
2206 983 2347 1036 sunt

224 1077 374 1136 enim
410 1076 575 1135 fixae
612 1092 722 1134 seu
749 1077 810 1133 in
843 1074 977 1134 loco
1014 1092 1122 1135 suo
1159 1080 1385 1150 statae,
1438 1093 1549 1134 nec
1579 1082 1833 1153 possunt
1869 1075 2084 1135 cadere
2119 1077 2181 1132 in
2217 1081 2342 1135 ter·

223 1195 384 1247 ram,
447 1178 589 1252 quia
624 1181 764 1234 sunt
809 1169 1070 1253 majores
1117 1182 1309 1250 terra,
1377 1193 1563 1252 quare
1603 1193 1715 1252 per
1754 1175 1890 1235 illas
1935 1174 2348 1253 significantur

222 1278 360 1337 talia
396 1293 563 1354 quae
601 1283 742 1335 sunt
774 1275 925 1335 lucis
963 1277 1151 1348 coeli,
1208 1283 1269 1335 et
1308 1276 1452 1335 dant
1485 1275 1709 1348 luce'm,
1768 1292 1922 1351 quae
1958 1281 2099 1335 sunt
2134 1279 2341 1354 cogni-

222 1381 418 1438 tiones
454 1378 599 1436 boni
633 1383 694 1435 et
737 1379 899 1435 veri:
956 1385 1251 1453 apparent
1285 1378 1466 1436 etiam
1510 1379 1572 1434 in
1615 1375 1801 1436 Coelo
1851 1376 2140 1452 Angelico
2190 1377 2341 1437 stel-

221 1479 346 1551 lae,
408 1478 521 1537 sed
557 1476 697 1536 illae
740 1483 878 1535 sunt
914 1479 1306 1554 apparentiae
1345 1495 1417 1536 ex
1455 1476 1888 1554 cognitionibus
1922 1476 2063 1536 boni
2102 1484 2162 1536 et
2197 1480 2344 1551 veri,

222 1598 416 1657 quare
467 1584 765 1654 apparent
817 1579 1036 1637 circum
1084 1577 1222 1637 illos
1266 1580 1367 1653 qui
1408 1580 1469 1637 in
1519 1577 1955 1655 cognitionibus
2010 1577 2129 1637 illis
2186 1584 2345 1648 sunt,

221 1679 520 1757 imprimis
572 1678 809 1754 quando
864 1695 970 1737 eas
1020 1680 1214 1737 animo
1269 1685 1547 1750 versant,
1628 1685 1686 1739 et
1743 1696 1875 1738 cum
1925 1680 1984 1737 in
2047 1676 2344 1738 desiderio

220 1780 454 1841 sciendi
492 1779 629 1837 illas
666 1785 819 1837 sunt.

260 1911 283 1937 ·
382 1882 551 1939 403.
605 1878 776 1939 Sicut
809 1878 957 1937 ficus
994 1867 1468 1965 dejicit-'grossos
1505 1897 1648 1939 suos
1677 1898 1713 1939 a
1739 1897 1953 1957 magno
1980 1887 2158 1939 vento
2195 1895 2341 1939 con-

225 1999 442 2055 cussa,
502 1979 664 2056 quod
697 1979 990 2055 significet
1026 1996 1175 2055 quas
1211 1979 1500 2039 naturalis
1548 1980 1725 2040 homo
1773 1998 1884 2056 per
1933 1981 2343 2041 ratiocinatio-

227 2099 334 2141 nes
373 2097 518 2141 suas
555 2079 958 2156 depopulatus
995 2087 1104 2154 est,
1146 2086 1376 2139 constat
1414 2097 1487 2138 ex
1516 2080 1944 2155 significatione
1981 2078 2147 2154 ficuS,
2185 2079 2350 2158 quod

226 2184 309 2241 sit
342 2181 637 2241 naturalis
671 2180 878 2250 homo,
934 2179 1009 2238 de
1051 2197 1170 2255 qua
1215 2180 1514 2255 sequitur;
1571 2197 1645 2237 ex
1692 2179 2123 2254 significatione
2166 2195 2343 2255 gros·
2460 2163 2461 2166 ¹

224 2298 434 2343 sorum
478 2282 635 2357 ejus,
709 2282 867 2357 quod
916 2283 1034 2339 sint
1085 2281 1192 2339 illa
1244 2298 1399 2356 quae
1449 2282 1509 2338 in
1555 2278 1816 2338 naturali
1867 2279 2136 2350 homine,
2188 2295 2347 2356 quae

230 2383 525 2458 imprimis
561 2388 692 2440 sunt
729 2383 1097 2459 cognitiones
1146 2380 1407 2440 naturali
1442 2381 1668 2440 homini
1707 2379 2097 2456 implantatae
2134 2378 2210 2439 ab
2245 2381 2341 2440 in·

238 2481 451 2552 santia,
506 2489 561 2540 et
593 2483 849 2543 nondum
900 2489 1201 2557 maturae,
1265 2485 1406 2557 quia
1443 2482 1638 2541 solum
1682 2480 1922 2539 auditae
1963 2487 2021 2540 et
2065 2479 2202 2539 inde
2241 2497 2341 2540 rc·-

232 2590 478 2660 ceptae3
533 2590 591 2642 et
627 2601 699 2642 ex
738 2583 1170 2660 significatione
1219 2599 1435 2658 magno
1473 2589 1651 2641 vento
1687 2597 2016 2650 concussa,
2068 2580 2232 2658 quod
2266 2583 2346 2641 sit

227 2696 380 2760 quas
441 2683 731 2743 naturalis
792 2684 968 2743 homo
1027 2702 1139 2761 per
1200 2684 1685 2741 ratiocinationes
1763 2675 2163 2758 depopulatus
2230 2686 2342 2756 est,

228 2801 444 2862 magno
498 2790 679 2844 vento
728 2786 965 2844 concuti
1013 2782 1308 2861 significat
1353 2782 1451 2842 hic
1504 2784 1988 2842 ratiocinationes
2044 2799 2118 2842 cx
2178 2780 2346 2842 falsis

226 2885 399 2955 mali,
451 2902 589 2943 nam
643 2903 923 2962 magnum
968 2887 1027 2942 in
1082 2884 1279 2944 Verbo
1330 2882 1547 2942 dicitur
1590 2882 1664 2942 de
1718 2882 1876 2945 bono
1932 2890 1993 2942 et
2044 2882 2120 2942 de
2167 2882 2344 2959 malo,

227 2992 447 3045 ventus
485 2985 559 3043 de
593 3003 739 3044 vero
778 2992 838 3043 et
869 2985 943 3044 de
970 2984 1145 3060 falso,
1184 2991 1245 3044 et
1279 2986 1516 3043 concuti
1549 2984 1625 3042 ab
1650 2983 1754 3043 illo
1784 2983 1857 3043 de
1894 2985 2348 3045 ratiocinatione
2418 3036 2426 3041 .

223 3086 398 3146 inde:
456 3085 618 3161 quod
654 3085 796 3144 talia
832 3084 1239 3163 significentur
1272 3102 1383 3161 per
1418 3084 1524 3143 illa
1559 3085 1773 3160 verba,
1823 3087 2063 3145 tametsi
2098 3102 2343 3163 compa-

224 3189 423 3247 rative
476 3193 617 3244 sunt
664 3185 853 3261 dicta,
912 3193 1004 3245 est
1050 3187 1190 3261 quia
1235 3201 1439 3245 omnes
1489 3188 1968 3263 comparationes
2013 3187 2074 3244 in
2120 3185 2345 3260 Verb0,

223 3287 506 3347 similiter
542 3303 612 3345 ac
647 3287 881 3362 reliqua
927 3286 1288 3363 significant,
1345 3292 1486 3346 sunt
1537 3290 1691 3346 enim
1743 3304 1935 3363 aeque
1987 3303 2345 3364 correspon-

222 3386 488 3449 dentiae.
581 3385 731 3446 Cum
765 3387 858 3446 his
893 3389 980 3445 ita
1015 3404 1082 3445 se
1117 3386 1327 3461 habet,
1392 3390 1582 3446 omnis
1612 3386 1795 3447 ¹homo
1832 3387 2100 3445 nascitur
2151 3402 2186 3444 a
2233 3401 2350 3461 pa·-

224 3487 499 3549 rentibus
535 3486 859 3563 naturalis,
912 3486 1022 3546 sed
1054 3487 1120 3545 fit
1154 3504 1190 3545 a
1224 3485 1483 3547 Domino
1529 3485 1882 3562 spiritualis,
1939 3483 2099 3560 quod
2133 3483 2351 3542 dicitur

222 3606 254 3648 e
287 3605 451 3648 novo
488 3582 658 3647 nasci
689 3604 801 3648 seu
834 3589 1178 3664 regenerari
1190 3609 1207 3663 3
1263 3595 1327 3648 et
1364 3589 1506 3665 quia
1546 3586 1814 3644 nascitur
1846 3582 2158 3658 naturalis,
2211 3581 2347 3643 ideo

224 3690 631 3766 cognitiones,
685 3705 834 3765 quas
872 3687 947 3750 ab
982 3688 1232 3748 infantia
1270 3688 1491 3762 haurit,
1543 3693 1866 3759 antequam
1897 3683 1962 3742 fit
1998 3681 2351 3761 spiritualis,

219 3788 655 3866 implantantur
700 3791 1023 3848 memoriae
1077 3790 1208 3866 ejus
1257 3787 1513 3847 naturali
1527 3807 1542 3862 3
1599 3783 1836 3862 quando
1887 3790 2090 3844 autem
2141 3789 2350 3844 aetate

219 3889 606 3967 provehitur,
671 3896 732 3948 et
766 3891 973 3966 incipit
1005 3889 1378 3948 rationaliter
1425 3889 1641 3946 intueri
1682 3886 2052 3964 cognitiones
2097 3884 2240 3944 boni
2293 3872 2377 3945 et*

221 3993 385 4067 veri,
459 4006 611 4067 quas
668 4007 744 4049 ex
789 3990 992 4050 Verbo
1040 4006 1150 4050 seu
1201 4008 1276 4050 ex
1322 3987 1771 4066 praedicatione
1823 3987 2052 4061 hausit,
2107 3986 2161 4045 si
2210 3991 2356 4045 tunc

223 4093 415 4150 vitam
455 4092 579 4166 agit
613 4091 862 4161 malam,
915 4094 1125 4169 arripit
1163 4098 1224 4151 et
1272 4089 1486 4149 imbuit
1533 4088 1689 4148 salsa
1724 4106 1878 4166 quae
1918 4084 2356 4164 cognitionibus

220 4191 337 4250 illis
388 4193 668 4268 opposita
718 4199 779 4250 et
834 4195 1133 4251 contraria
1182 4198 1350 4266 sunt,
1422 4208 1493 4251 ac
1539 4197 1713 4265 tunc,
1780 4190 1920 4266 quia
1961 4187 2358 4249 ratiocinandi

222 4290 360 4351 dote
397 4290 620 4368 pollet,
676 4291 1067 4353 ratiocinatur
1102 4310 1176 4352 ex
1220 4292 1387 4352 salsis
1429 4299 1634 4353 contra
1671 4292 2040 4369 cognitiones
2068 4291 2352 4351 infantiae
2391 4299 2556 4365 [011]

1763 4394 1849 4450 26
1895 4386 1931 4424 ἧς
2334 4384 2341 4389 ’
