<?xml version="1.0" encoding="UTF-8"?>
<!DOCTYPE html PUBLIC "-//W3C//DTD XHTML 1.0 Transitional//EN"
    "http://www.w3.org/TR/xhtml1/DTD/xhtml1-transitional.dtd">
<html xmlns="http://www.w3.org/1999/xhtml" xml:lang="en" lang="en">
 <head>
  <title>
</title>
<meta http-equiv="Content-Type" content="text/html;charset=utf-8" />
  <meta name='ocr-system' content='tesseract 3.04.00' />
  <meta name='ocr-capabilities' content='ocr_page ocr_carea ocr_par ocr_line ocrx_word'/>
</head>
<body>
  <div class='ocr_page' id='page_1' title='image "apocalypsisexpl03swedgoog_0525.png"; bbox 0 0 2791 4778; ppageno 0'>
   <div class='ocr_carea' id='block_1_1' title="bbox 404 347 2382 419">
    <p class='ocr_par' dir='ltr' id='par_1_1' title="bbox 404 347 2382 419">
     <span class='ocr_line' id='line_1_1' title="bbox 404 347 2382 419; baseline 0.007 -15"><span class='ocrx_word' id='word_1_1' title='bbox 404 347 662 404; x_wconf 79' lang='lat' dir='ltr'><em>CAPUT</em></span> <span class='ocrx_word' id='word_1_2' title='bbox 702 348 1017 406; x_wconf 75' lang='lat' dir='ltr'>SEXTUM.</span> <span class='ocrx_word' id='word_1_3' title='bbox 1771 351 1977 419; x_wconf 74' lang='lat' dir='ltr'>VERS=</span> <span class='ocrx_word' id='word_1_4' title='bbox 2027 364 2115 415; x_wconf 84' lang='lat'><em>16.</em></span> <span class='ocrx_word' id='word_1_5' title='bbox 2275 366 2382 418; x_wconf 81' lang='lat'><em>503</em></span> 
     </span>
    </p>
   </div>
   <div class='ocr_carea' id='block_1_2' title="bbox 237 507 2560 3606">
    <p class='ocr_par' dir='ltr' id='par_1_2' title="bbox 237 507 2560 3606">
     <span class='ocr_line' id='line_1_2' title="bbox 240 507 2381 589; baseline 0.004 -21"><span class='ocrx_word' id='word_1_6' title='bbox 240 508 661 586; x_wconf 78' lang='lat' dir='ltr'><em>sequentibus</em></span> <span class='ocrx_word' id='word_1_7' title='bbox 695 509 788 567; x_wconf 88' lang='lat' dir='ltr'><em>his</em></span> <span class='ocrx_word' id='word_1_8' title='bbox 825 507 1013 568; x_wconf 77' lang='lat' dir='ltr'><em>lociS:</em></span> <span class='ocrx_word' id='word_1_9' title='bbox 1080 507 1604 584; x_wconf 83' lang='lat' dir='ltr'><em>apud‘Jeremiam</em></span> <span class='ocrx_word' id='word_1_10' title='bbox 1644 508 1964 589; x_wconf 76' lang='lat' dir='ltr'><em>„Propter</em></span> <span class='ocrx_word' id='word_1_11' title='bbox 1996 532 2210 576; x_wconf 87' lang='lat' dir='ltr'><em>eorum</em></span> <span class='ocrx_word' id='word_1_12' title='bbox 2248 534 2381 577; x_wconf 87' lang='lat' dir='ltr'><em>om·</em></span> 
     </span>
     <span class='ocr_line' id='line_1_3' title="bbox 238 606 2380 689; baseline 0.001 -18"><span class='ocrx_word' id='word_1_13' title='bbox 238 629 386 671; x_wconf 87' lang='lat' dir='ltr'><em>nem</em></span> <span class='ocrx_word' id='word_1_14' title='bbox 432 606 771 670; x_wconf 80' lang='lat' dir='ltr'><em>malitiam</em></span> <span class='ocrx_word' id='word_1_15' title='bbox 810 606 1122 669; x_wconf 76' lang='lat' dir='ltr'><em>occultavi</em></span> <span class='ocrx_word' id='word_1_16' title='bbox 1136 608 1350 689; x_wconf 81' lang='lat' dir='ltr'><em>facies</em></span> <span class='ocrx_word' id='word_1_17' title='bbox 1379 628 1554 684; x_wconf 85' lang='lat' dir='ltr'><em>meas</em></span> <span class='ocrx_word' id='word_1_18' title='bbox 1589 610 1667 671; x_wconf 91' lang='lat' dir='ltr'><em>ab</em></span> <span class='ocrx_word' id='word_1_19' title='bbox 1693 612 1842 671; x_wconf 83' lang='lat' dir='ltr'><em>urbe</em></span> <span class='ocrx_word' id='word_1_20' title='bbox 1874 611 2034 674; x_wconf 55' lang='grc' dir='ltr'><em>Ιῑιασ(ί</em></span> <span class='ocrx_word' id='word_1_21' title='bbox 2067 615 2380 677; x_wconf 89' lang='lat' dir='ltr'>XXXIH:</span> 
     </span>
     <span class='ocr_line' id='line_1_4' title="bbox 247 708 2386 794; baseline 0.003 -24"><span class='ocrx_word' id='word_1_22' title='bbox 247 712 303 770; x_wconf 79' lang='lat'><em>5.</em></span> <span class='ocrx_word' id='word_1_23' title='bbox 366 711 569 788; x_wconf 89' lang='lat' dir='ltr'><strong>Apud</strong></span> <span class='ocrx_word' id='word_1_24' title='bbox 606 711 849 787; x_wconf 71' lang='lat' dir='ltr'><em>Esajfflu</em></span> <span class='ocrx_word' id='word_1_25' title='bbox 900 708 1222 783; x_wconf 77' lang='lat' dir='ltr'><em>„Peccata</em></span> <span class='ocrx_word' id='word_1_26' title='bbox 1271 716 1483 770; x_wconf 84' lang='lat' dir='ltr'><em>vestra</em></span> <span class='ocrx_word' id='word_1_27' title='bbox 1518 711 1977 773; x_wconf 85' lang='lat' dir='ltr'><em>absconderunt</em></span> <span class='ocrx_word' id='word_1_28' title='bbox 1999 715 2212 794; x_wconf 89' lang='lat' dir='ltr'><em>facies</em></span> <span class='ocrx_word' id='word_1_29' title='bbox 2247 716 2386 778; x_wconf 85' lang='lat' dir='ltr'><em>Dei</em></span> 
     </span>
     <span class='ocr_line' id='line_1_5' title="bbox 239 809 2384 889; baseline 0.002 -18"><span class='ocrx_word' id='word_1_30' title='bbox 239 831 283 871; x_wconf 88' lang='lat' dir='ltr'><em>a</em></span> <span class='ocrx_word' id='word_1_31' title='bbox 342 811 573 884; x_wconf 81' lang='lat' dir='ltr'><em>vobis,</em></span> <span class='ocrx_word' id='word_1_32' title='bbox 648 816 720 871; x_wconf 85' lang='lat' dir='ltr'><em>ut</em></span> <span class='ocrx_word' id='word_1_33' title='bbox 780 829 905 869; x_wconf 85' lang='lat' dir='ltr'><em>non</em></span> <span class='ocrx_word' id='word_1_34' title='bbox 959 809 1281 871; x_wconf 77' lang='lat' dir='ltr'><em>audiverit</em></span> <span class='ocrx_word' id='word_1_35' title='bbox 1303 812 1341 843; x_wconf 82' lang='lat'><em>“</em></span> <span class='ocrx_word' id='word_1_36' title='bbox 1399 811 1573 871; x_wconf 85' lang='lat' dir='ltr'>LIX.-</span> <span class='ocrx_word' id='word_1_37' title='bbox 1632 816 1691 871; x_wconf 84' lang='lat'><em>2.</em></span> <span class='ocrx_word' id='word_1_38' title='bbox 1773 813 1955 889; x_wconf 89' lang='lat' dir='ltr'><strong>Apud</strong></span> <span class='ocrx_word' id='word_1_39' title='bbox 2006 816 2384 877; x_wconf 82' lang='lat' dir='ltr'>Ezechielem</span> 
     </span>
     <span class='ocr_line' id='line_1_6' title="bbox 241 908 2383 992; baseline 0.003 -19"><span class='ocrx_word' id='word_1_40' title='bbox 241 913 624 987; x_wconf 68' lang='lat' dir='ltr'><em>„Avertam</em></span> <span class='ocrx_word' id='word_1_41' title='bbox 659 910 872 991; x_wconf 89' lang='lat' dir='ltr'><em>facies</em></span> <span class='ocrx_word' id='word_1_42' title='bbox 927 929 1101 969; x_wconf 87' lang='lat' dir='ltr'><em>meas</em></span> <span class='ocrx_word' id='word_1_43' title='bbox 1155 911 1232 970; x_wconf 91' lang='lat' dir='ltr'><em>ab</em></span> <span class='ocrx_word' id='word_1_44' title='bbox 1285 908 1458 985; x_wconf 86' lang='lat' dir='ltr'><em>illis,</em></span> <span class='ocrx_word' id='word_1_45' title='bbox 1526 917 1599 972; x_wconf 87' lang='lat' dir='ltr'><em>ut</em></span> <span class='ocrx_word' id='word_1_46' title='bbox 1631 912 2031 992; x_wconf 79' lang='lat' dir='ltr'><em>prophanent</em></span> <span class='ocrx_word' id='word_1_47' title='bbox 2077 934 2383 978; x_wconf 85' lang='lat' dir='ltr'><em>arcanum</em></span> 
     </span>
     <span class='ocr_line' id='line_1_7' title="bbox 237 1008 2378 1093; baseline 0.002 -19"><span class='ocrx_word' id='word_1_48' title='bbox 237 1033 502 1088; x_wconf 82' lang='lat' dir='ltr'><em>meum,</em></span> <span class='ocrx_word' id='word_1_49' title='bbox 559 1016 620 1070; x_wconf 89' lang='lat' dir='ltr'><em>et</em></span> <span class='ocrx_word' id='word_1_50' title='bbox 654 1010 908 1071; x_wconf 81' lang='lat' dir='ltr'><em>veniant</em></span> <span class='ocrx_word' id='word_1_51' title='bbox 951 1011 1022 1071; x_wconf 88' lang='lat' dir='ltr'><em>in</em></span> <span class='ocrx_word' id='word_1_52' title='bbox 1070 1008 1242 1072; x_wconf 88' lang='lat' dir='ltr'><em>illud</em></span> <span class='ocrx_word' id='word_1_53' title='bbox 1276 1010 1563 1089; x_wconf 84' lang='lat' dir='ltr'><em>violenti,</em></span> <span class='ocrx_word' id='word_1_54' title='bbox 1618 1018 1677 1071; x_wconf 90' lang='lat' dir='ltr'><em>et</em></span> <span class='ocrx_word' id='word_1_55' title='bbox 1714 1013 2117 1093; x_wconf 79' lang='lat' dir='ltr'><em>prophanent</em></span> <span class='ocrx_word' id='word_1_56' title='bbox 2162 1014 2378 1078; x_wconf 85' lang='lat' dir='ltr'><em>illud“</em></span> 
     </span>
     <span class='ocr_line' id='line_1_8' title="bbox 240 1110 2384 1198; baseline 0.003 -25"><span class='ocrx_word' id='word_1_57' title='bbox 240 1114 406 1173; x_wconf 91' lang='lat' dir='ltr'>VII:</span> <span class='ocrx_word' id='word_1_58' title='bbox 466 1117 580 1172; x_wconf 91' lang='grc'><em>22.</em></span> <span class='ocrx_word' id='word_1_59' title='bbox 662 1112 845 1188; x_wconf 87' lang='lat' dir='ltr'><strong>Apud</strong></span> <span class='ocrx_word' id='word_1_60' title='bbox 883 1112 1152 1170; x_wconf 88' lang='lat' dir='ltr'><em>Eundem</em></span> <span class='ocrx_word' id='word_1_61' title='bbox 1206 1110 1641 1191; x_wconf 71' lang='lat' dir='ltr'><em>„C‘oynoscent</em></span> <span class='ocrx_word' id='word_1_62' title='bbox 1671 1118 1887 1192; x_wconf 75' lang='lat' dir='ltr'><em>yentes</em></span> <span class='ocrx_word' id='word_1_63' title='bbox 1932 1114 2100 1195; x_wconf 90' lang='lat' dir='ltr'><em>quod</em></span> <span class='ocrx_word' id='word_1_64' title='bbox 2121 1123 2384 1198; x_wconf 84' lang='lat' dir='ltr'><em>propter</em></span> 
     </span>
     <span class='ocr_line' id='line_1_9' title="bbox 240 1212 2380 1295; baseline 0.002 -21"><span class='ocrx_word' id='word_1_65' title='bbox 240 1213 672 1293; x_wconf 84' lang='lat' dir='ltr'><em>iniquitatem</em></span> <span class='ocrx_word' id='word_1_66' title='bbox 721 1230 909 1272; x_wconf 90' lang='lat' dir='ltr'><em>suam</em></span> <span class='ocrx_word' id='word_1_67' title='bbox 959 1214 1029 1272; x_wconf 89' lang='lat' dir='ltr'><em>in</em></span> <span class='ocrx_word' id='word_1_68' title='bbox 1078 1212 1511 1291; x_wconf 84' lang='lat' dir='ltr'><em>captivitatem</em></span> <span class='ocrx_word' id='word_1_69' title='bbox 1560 1213 1867 1274; x_wconf 83' lang='lat' dir='ltr'><em>abiverint</em></span> <span class='ocrx_word' id='word_1_70' title='bbox 1895 1214 2036 1295; x_wconf 83' lang='lat' dir='ltr'><em>filii</em></span> <span class='ocrx_word' id='word_1_71' title='bbox 2084 1215 2380 1293; x_wconf 78' lang='lat' dir='ltr'><em>Israelis,</em></span> 
     </span>
     <span class='ocr_line' id='line_1_10' title="bbox 240 1305 2382 1392; baseline 0.001 -19"><span class='ocrx_word' id='word_1_72' title='bbox 240 1321 302 1374; x_wconf 86' lang='lat' dir='ltr'><em>et</em></span> <span class='ocrx_word' id='word_1_73' title='bbox 355 1315 517 1375; x_wconf 84' lang='lat' dir='ltr'><em>ideo</em></span> <span class='ocrx_word' id='word_1_74' title='bbox 571 1312 1004 1373; x_wconf 70' lang='lat' dir='ltr'><em>absconderim</em></span> <span class='ocrx_word' id='word_1_75' title='bbox 1032 1312 1245 1392; x_wconf 87' lang='lat' dir='ltr'><em>facies</em></span> <span class='ocrx_word' id='word_1_76' title='bbox 1298 1332 1473 1372; x_wconf 86' lang='lat' dir='ltr'><em>meas</em></span> <span class='ocrx_word' id='word_1_77' title='bbox 1517 1315 1593 1373; x_wconf 91' lang='lat' dir='ltr'><em>ab</em></span> <span class='ocrx_word' id='word_1_78' title='bbox 1642 1311 1830 1382; x_wconf 82' lang='lat' dir='ltr'><em>illis“&#39;</em></span> <span class='ocrx_word' id='word_1_79' title='bbox 1900 1316 2214 1378; x_wconf 89' lang='lat' dir='ltr'>XXXIX:</span> <span class='ocrx_word' id='word_1_80' title='bbox 2273 1305 2382 1378; x_wconf 74' lang='grc'><em>23.</em></span> 
     </span>
     <span class='ocr_line' id='line_1_11' title="bbox 244 1409 2382 1497; baseline 0.002 -23"><span class='ocrx_word' id='word_1_81' title='bbox 244 1416 318 1474; x_wconf 90' lang='lat' dir='ltr'>In</span> <span class='ocrx_word' id='word_1_82' title='bbox 368 1416 638 1475; x_wconf 86' lang='lat' dir='ltr'><em>Threnis</em></span> <span class='ocrx_word' id='word_1_83' title='bbox 678 1412 956 1489; x_wconf 81' lang='lat' dir='ltr'><em>„Facies</em></span> <span class='ocrx_word' id='word_1_84' title='bbox 992 1409 1266 1473; x_wconf 81' lang='lat' dir='ltr'><em>Jehovae</em></span> <span class='ocrx_word' id='word_1_85' title='bbox 1295 1412 1525 1473; x_wconf 84' lang='lat' dir='ltr'><em>divisit</em></span> <span class='ocrx_word' id='word_1_86' title='bbox 1563 1412 1739 1488; x_wconf 85' lang='lat' dir='ltr'><em>illos,</em></span> <span class='ocrx_word' id='word_1_87' title='bbox 1790 1432 1918 1475; x_wconf 87' lang='lat' dir='ltr'><em>non</em></span> <span class='ocrx_word' id='word_1_88' title='bbox 1945 1415 2141 1478; x_wconf 80' lang='lat' dir='ltr'><em>addet</em></span> <span class='ocrx_word' id='word_1_89' title='bbox 2178 1418 2382 1497; x_wconf 87' lang='lat' dir='ltr'><em>respi-</em></span> 
     </span>
     <span class='ocr_line' id='line_1_12' title="bbox 245 1512 2382 1599; baseline 0.002 -24"><span class='ocrx_word' id='word_1_90' title='bbox 245 1535 392 1578; x_wconf 87' lang='lat' dir='ltr'><em>cere</em></span> <span class='ocrx_word' id='word_1_91' title='bbox 432 1512 635 1597; x_wconf 73' lang='lat' dir='ltr'><em>illos“</em></span> <span class='ocrx_word' id='word_1_92' title='bbox 674 1514 794 1573; x_wconf 92' lang='lat' dir='ltr'>IV:</span> <span class='ocrx_word' id='word_1_93' title='bbox 842 1518 953 1573; x_wconf 81' lang='grc'><em>16.</em></span> <span class='ocrx_word' id='word_1_94' title='bbox 1005 1514 1185 1590; x_wconf 88' lang='lat' dir='ltr'><strong>Apud</strong></span> <span class='ocrx_word' id='word_1_95' title='bbox 1226 1514 1483 1573; x_wconf 84' lang='lat' dir='ltr'><em>Micham</em></span> <span class='ocrx_word' id='word_1_96' title='bbox 1541 1514 1870 1590; x_wconf 73' lang='lat' dir='ltr'><em>„Jehovah</em></span> <span class='ocrx_word' id='word_1_97' title='bbox 1907 1516 2243 1579; x_wconf 73' lang='lat' dir='ltr'><em>occultabit</em></span> <span class='ocrx_word' id='word_1_98' title='bbox 2262 1520 2382 1599; x_wconf 85' lang='lat' dir='ltr'><em>fa-</em></span> 
     </span>
     <span class='ocr_line' id='line_1_13' title="bbox 247 1605 2383 1700; baseline 0.001 -23"><span class='ocrx_word' id='word_1_99' title='bbox 247 1619 387 1677; x_wconf 90' lang='lat' dir='ltr'><em>cies</em></span> <span class='ocrx_word' id='word_1_100' title='bbox 429 1634 590 1677; x_wconf 89' lang='lat' dir='ltr'><em>suas</em></span> <span class='ocrx_word' id='word_1_101' title='bbox 634 1615 712 1674; x_wconf 92' lang='lat' dir='ltr'><em>ab</em></span> <span class='ocrx_word' id='word_1_102' title='bbox 747 1611 917 1688; x_wconf 88' lang='lat' dir='ltr'><em>illis,</em></span> <span class='ocrx_word' id='word_1_103' title='bbox 972 1614 1500 1693; x_wconf 82' lang='lat' dir='ltr'><em>quemadmodum</em></span> <span class='ocrx_word' id='word_1_104' title='bbox 1535 1614 1712 1676; x_wconf 90' lang='lat' dir='ltr'><em>mala</em></span> <span class='ocrx_word' id='word_1_105' title='bbox 1753 1605 2170 1679; x_wconf 72' lang='lat' dir='ltr'><em>reddiderant</em></span> <span class='ocrx_word' id='word_1_106' title='bbox 2196 1637 2383 1700; x_wconf 86' lang='lat' dir='ltr'><em>opera</em></span> 
     </span>
     <span class='ocr_line' id='line_1_14' title="bbox 251 1715 2381 1798; baseline 0 -19"><span class='ocrx_word' id='word_1_107' title='bbox 251 1721 438 1779; x_wconf 83' lang='lat' dir='ltr'><em>sua“</em></span> <span class='ocrx_word' id='word_1_108' title='bbox 491 1717 614 1776; x_wconf 85' lang='lat' dir='ltr'>III:</span> <span class='ocrx_word' id='word_1_109' title='bbox 675 1718 737 1774; x_wconf 90' lang='lat'><em>4.</em></span> <span class='ocrx_word' id='word_1_110' title='bbox 818 1715 999 1791; x_wconf 88' lang='lat' dir='ltr'><em>Apud</em></span> <span class='ocrx_word' id='word_1_111' title='bbox 1055 1715 1348 1775; x_wconf 82' lang='lat' dir='ltr'><em>Davidem</em></span> <span class='ocrx_word' id='word_1_112' title='bbox 1418 1716 1881 1791; x_wconf 79' lang='lat' dir='ltr'><em>„Abscondisti</em></span> <span class='ocrx_word' id='word_1_113' title='bbox 1939 1718 2153 1798; x_wconf 83' lang='lat' dir='ltr'><em>facies</em></span> <span class='ocrx_word' id='word_1_114' title='bbox 2214 1725 2381 1794; x_wconf 85' lang='lat' dir='ltr'><em>tuas,</em></span> 
     </span>
     <span class='ocr_line' id='line_1_15' title="bbox 242 1815 2386 1897; baseline 0.002 -19"><span class='ocrx_word' id='word_1_115' title='bbox 242 1818 674 1897; x_wconf 86' lang='lat' dir='ltr'><em>pert-urbatus</em></span> <span class='ocrx_word' id='word_1_116' title='bbox 709 1819 898 1875; x_wconf 83' lang='lat' dir='ltr'><em>sum“</em></span> <span class='ocrx_word' id='word_1_117' title='bbox 937 1815 1171 1875; x_wconf 85' lang='lat' dir='ltr'><em>Psalm:</em></span> <span class='ocrx_word' id='word_1_118' title='bbox 1219 1817 1436 1878; x_wconf 87' lang='lat' dir='ltr'>XXX:</span> <span class='ocrx_word' id='word_1_119' title='bbox 1483 1822 1541 1878; x_wconf 83' lang='lat'><em>8.</em></span> <span class='ocrx_word' id='word_1_120' title='bbox 1597 1816 1777 1896; x_wconf 86' lang='lat' dir='ltr'><em>Apud</em></span> <span class='ocrx_word' id='word_1_121' title='bbox 1811 1820 2078 1880; x_wconf 87' lang='lat' dir='ltr'><em>Eundem</em></span> <span class='ocrx_word' id='word_1_122' title='bbox 2118 1819 2386 1897; x_wconf 82' lang='lat' dir='ltr'><em>„Quare</em></span> 
     </span>
     <span class='ocr_line' id='line_1_16' title="bbox 243 1915 2386 1997; baseline 0.002 -19"><span class='ocrx_word' id='word_1_123' title='bbox 243 1918 471 1997; x_wconf 82' lang='lat' dir='ltr'><em>facies</em></span> <span class='ocrx_word' id='word_1_124' title='bbox 533 1923 683 1978; x_wconf 88' lang='lat' dir='ltr'><em>tuas</em></span> <span class='ocrx_word' id='word_1_125' title='bbox 744 1915 1109 1991; x_wconf 73' lang='lat' dir='ltr'><em>abscondis,</em></span> <span class='ocrx_word' id='word_1_126' title='bbox 1204 1915 1595 1979; x_wconf 86' lang='lat' dir='ltr'><em>oblivisceris</em></span> <span class='ocrx_word' id='word_1_127' title='bbox 1651 1919 1949 1980; x_wconf 86' lang='lat' dir='ltr'><em>miseriae</em></span> <span class='ocrx_word' id='word_1_128' title='bbox 2006 1926 2261 1983; x_wconf 89' lang='lat' dir='ltr'><em>nostrae</em></span> <span class='ocrx_word' id='word_1_129' title='bbox 2326 1928 2386 1983; x_wconf 89' lang='lat' dir='ltr'><em>et</em></span> 
     </span>
     <span class='ocr_line' id='line_1_17' title="bbox 258 2017 2381 2098; baseline 0 -19"><span class='ocrx_word' id='word_1_130' title='bbox 258 2017 705 2098; x_wconf 77' lang='lat' dir='ltr'><em>oppressionis</em></span> <span class='ocrx_word' id='word_1_131' title='bbox 763 2023 1018 2077; x_wconf 88' lang='lat' dir='ltr'><em>nostrae</em></span> <span class='ocrx_word' id='word_1_132' title='bbox 1038 2020 1075 2050; x_wconf 79' lang='lat'><em>“</em></span> <span class='ocrx_word' id='word_1_133' title='bbox 1156 2017 1391 2075; x_wconf 81' lang='lat' dir='ltr'><em>Psalm:</em></span> <span class='ocrx_word' id='word_1_134' title='bbox 1449 2018 1686 2077; x_wconf 88' lang='lat' dir='ltr'>XLIV:</span> <span class='ocrx_word' id='word_1_135' title='bbox 1756 2021 1865 2077; x_wconf 83' lang='lat'><em>25.</em></span> <span class='ocrx_word' id='word_1_136' title='bbox 1980 2022 2163 2096; x_wconf 88' lang='lat' dir='ltr'><em>Apud</em></span> <span class='ocrx_word' id='word_1_137' title='bbox 2216 2024 2381 2081; x_wconf 88' lang='lat' dir='ltr'><em>Eun-</em></span> 
     </span>
     <span class='ocr_line' id='line_1_18' title="bbox 263 2116 2383 2199; baseline 0.001 -22"><span class='ocrx_word' id='word_1_138' title='bbox 263 2120 410 2178; x_wconf 87' lang='lat' dir='ltr'><em>dem</em></span> <span class='ocrx_word' id='word_1_139' title='bbox 463 2116 868 2194; x_wconf 83' lang='lat' dir='ltr'><em>„Abscondis</em></span> <span class='ocrx_word' id='word_1_140' title='bbox 903 2117 1116 2198; x_wconf 83' lang='lat' dir='ltr'><em>facies</em></span> <span class='ocrx_word' id='word_1_141' title='bbox 1157 2121 1337 2190; x_wconf 87' lang='lat' dir='ltr'><em>tuas,</em></span> <span class='ocrx_word' id='word_1_142' title='bbox 1397 2118 1847 2178; x_wconf 87' lang='lat' dir='ltr'><em>conturbantur</em></span> <span class='ocrx_word' id='word_1_143' title='bbox 1858 2137 1885 2189; x_wconf 91' lang='lat'><em>;</em></span> <span class='ocrx_word' id='word_1_144' title='bbox 1940 2116 2196 2199; x_wconf 76' lang='lat' dir='ltr'><em>colliqis</em></span> <span class='ocrx_word' id='word_1_145' title='bbox 2246 2121 2383 2199; x_wconf 86' lang='lat' dir='ltr'><em>spi-</em></span> 
     </span>
     <span class='ocr_line' id='line_1_19' title="bbox 264 2215 2382 2297; baseline 0 -18"><span class='ocrx_word' id='word_1_146' title='bbox 264 2219 476 2279; x_wconf 86' lang='lat' dir='ltr'><em>rit-um</em></span> <span class='ocrx_word' id='word_1_147' title='bbox 522 2233 734 2279; x_wconf 88' lang='lat' dir='ltr'><em>eorum</em></span> <span class='ocrx_word' id='word_1_148' title='bbox 749 2264 764 2291; x_wconf 92' lang='lat'><em>‚</em></span> <span class='ocrx_word' id='word_1_149' title='bbox 844 2217 1209 2296; x_wconf 74' lang='lat' dir='ltr'><em>eoespirant,</em></span> <span class='ocrx_word' id='word_1_150' title='bbox 1301 2223 1362 2277; x_wconf 91' lang='lat' dir='ltr'><em>et</em></span> <span class='ocrx_word' id='word_1_151' title='bbox 1419 2217 1508 2277; x_wconf 90' lang='lat' dir='ltr'><em>ad</em></span> <span class='ocrx_word' id='word_1_152' title='bbox 1546 2215 1872 2297; x_wconf 83' lang='lat' dir='ltr'><em>pulverem</em></span> <span class='ocrx_word' id='word_1_153' title='bbox 1929 2237 2119 2280; x_wconf 85' lang='lat' dir='ltr'><em>suum</em></span> <span class='ocrx_word' id='word_1_154' title='bbox 2177 2239 2382 2280; x_wconf 85' lang='lat' dir='ltr'><em>rever-</em></span> 
     </span>
     <span class='ocr_line' id='line_1_20' title="bbox 274 2317 2386 2395; baseline 0.001 -17"><span class='ocrx_word' id='word_1_155' title='bbox 274 2322 541 2378; x_wconf 82' lang='lat' dir='ltr'><em>tuntur“</em></span> <span class='ocrx_word' id='word_1_156' title='bbox 605 2320 837 2378; x_wconf 82' lang='lat' dir='ltr'><em>Psalm:</em></span> <span class='ocrx_word' id='word_1_157' title='bbox 879 2318 1049 2378; x_wconf 87' lang='lat' dir='ltr'>CIV:</span> <span class='ocrx_word' id='word_1_158' title='bbox 1094 2321 1209 2378; x_wconf 85' lang='grc'><em>29.</em></span> <span class='ocrx_word' id='word_1_159' title='bbox 1274 2317 1453 2395; x_wconf 88' lang='lat' dir='ltr'><em>Apud</em></span> <span class='ocrx_word' id='word_1_160' title='bbox 1490 2320 1701 2378; x_wconf 82' lang='lat' dir='ltr'><em>Mosen</em></span> <span class='ocrx_word' id='word_1_161' title='bbox 1744 2318 2235 2395; x_wconf 76' lang='lat' dir='ltr'><em>„Eoeoandesoet</em></span> <span class='ocrx_word' id='word_1_162' title='bbox 2280 2321 2386 2382; x_wconf 87' lang='lat' dir='ltr'><em>ira</em></span> 
     </span>
     <span class='ocr_line' id='line_1_21' title="bbox 274 2416 2388 2501; baseline 0.001 -22"><span class='ocrx_word' id='word_1_163' title='bbox 274 2437 418 2480; x_wconf 87' lang='lat' dir='ltr'><em>mea</em></span> <span class='ocrx_word' id='word_1_164' title='bbox 477 2426 690 2481; x_wconf 89' lang='lat' dir='ltr'><em>contra</em></span> <span class='ocrx_word' id='word_1_165' title='bbox 751 2416 1064 2501; x_wconf 84' lang='lat' dir='ltr'><em>populum</em></span> <span class='ocrx_word' id='word_1_166' title='bbox 1121 2420 1190 2480; x_wconf 91' lang='lat' dir='ltr'><em>in</em></span> <span class='ocrx_word' id='word_1_167' title='bbox 1257 2418 1360 2479; x_wconf 87' lang='lat' dir='ltr'><em>die</em></span> <span class='ocrx_word' id='word_1_168' title='bbox 1430 2417 1578 2496; x_wconf 87' lang='lat' dir='ltr'><em>illo,</em></span> <span class='ocrx_word' id='word_1_169' title='bbox 1666 2428 1726 2482; x_wconf 85' lang='lat' dir='ltr'><em>et</em></span> <span class='ocrx_word' id='word_1_170' title='bbox 1777 2419 2063 2482; x_wconf 88' lang='lat' dir='ltr'><em>deseram</em></span> <span class='ocrx_word' id='word_1_171' title='bbox 2118 2440 2254 2497; x_wconf 81' lang='lat' dir='ltr'><em>eos,</em></span> <span class='ocrx_word' id='word_1_172' title='bbox 2328 2428 2388 2481; x_wconf 83' lang='lat' dir='ltr'><em>et</em></span> 
     </span>
     <span class='ocr_line' id='line_1_22' title="bbox 272 2517 2382 2602; baseline 0.001 -22"><span class='ocrx_word' id='word_1_173' title='bbox 272 2518 589 2582; x_wconf 77' lang='lat' dir='ltr'><em>occultabo</em></span> <span class='ocrx_word' id='word_1_174' title='bbox 623 2521 837 2600; x_wconf 88' lang='lat' dir='ltr'><em>facies</em></span> <span class='ocrx_word' id='word_1_175' title='bbox 881 2539 1056 2580; x_wconf 82' lang='lat' dir='ltr'><em>meas</em></span> <span class='ocrx_word' id='word_1_176' title='bbox 1108 2520 1184 2581; x_wconf 92' lang='lat' dir='ltr'><em>ab</em></span> <span class='ocrx_word' id='word_1_177' title='bbox 1236 2517 1428 2595; x_wconf 86' lang='lat' dir='ltr'><em>illis,·</em></span> <span class='ocrx_word' id='word_1_178' title='bbox 1486 2518 1855 2582; x_wconf 87' lang='lat' dir='ltr'><em>occultando</em></span> <span class='ocrx_word' id='word_1_179' title='bbox 1908 2518 2223 2582; x_wconf 88' lang='lat' dir='ltr'><em>occultabo</em></span> <span class='ocrx_word' id='word_1_180' title='bbox 2263 2522 2382 2602; x_wconf 83' lang='lat' dir='ltr'><em>fa&#39;-</em></span> 
     </span>
     <span class='ocr_line' id='line_1_23' title="bbox 268 2619 2385 2703; baseline 0 -21"><span class='ocrx_word' id='word_1_181' title='bbox 268 2621 398 2682; x_wconf 85' lang='lat' dir='ltr'><em>cies</em></span> <span class='ocrx_word' id='word_1_182' title='bbox 463 2641 637 2681; x_wconf 88' lang='lat' dir='ltr'><em>meas</em></span> <span class='ocrx_word' id='word_1_183' title='bbox 699 2622 768 2681; x_wconf 87' lang='lat' dir='ltr'><em>in</em></span> <span class='ocrx_word' id='word_1_184' title='bbox 829 2621 933 2680; x_wconf 82' lang='lat' dir='ltr'><em>die</em></span> <span class='ocrx_word' id='word_1_185' title='bbox 996 2619 1111 2682; x_wconf 88' lang='lat' dir='ltr'><em>illo</em></span> <span class='ocrx_word' id='word_1_186' title='bbox 1157 2627 1420 2700; x_wconf 86' lang='lat' dir='ltr'><em>propter</em></span> <span class='ocrx_word' id='word_1_187' title='bbox 1483 2641 1658 2681; x_wconf 89' lang='lat' dir='ltr'><em>omne</em></span> <span class='ocrx_word' id='word_1_188' title='bbox 1713 2620 1957 2682; x_wconf 89' lang='lat' dir='ltr'><em>malum</em></span> <span class='ocrx_word' id='word_1_189' title='bbox 2010 2622 2178 2701; x_wconf 91' lang='lat' dir='ltr'><em>quod</em></span> <span class='ocrx_word' id='word_1_190' title='bbox 2212 2624 2385 2703; x_wconf 82' lang='lat' dir='ltr'><em>fece-</em></span> 
     </span>
     <span class='ocr_line' id='line_1_24' title="bbox 266 2721 2384 2800; baseline -0.001 -16"><span class='ocrx_word' id='word_1_191' title='bbox 266 2727 466 2784; x_wconf 81' lang='lat' dir='ltr'><em>runt“</em></span> <span class='ocrx_word' id='word_1_192' title='bbox 517 2725 741 2782; x_wconf 87' lang='lat' dir='ltr'><em>Deutr:</em></span> <span class='ocrx_word' id='word_1_193' title='bbox 798 2723 1050 2791; x_wconf 83' lang='lat' dir='ltr'>XXXI:</span> <span class='ocrx_word' id='word_1_194' title='bbox 1107 2727 1211 2781; x_wconf 82' lang='lat'><em>17.</em></span> <span class='ocrx_word' id='word_1_195' title='bbox 1263 2724 1368 2780; x_wconf 90' lang='grc'><em>18.</em></span> <span class='ocrx_word' id='word_1_196' title='bbox 1439 2724 1618 2800; x_wconf 89' lang='lat' dir='ltr'><em>Apud</em></span> <span class='ocrx_word' id='word_1_197' title='bbox 1656 2723 1930 2781; x_wconf 85' lang='lat' dir='ltr'><em>Eundem</em></span> <span class='ocrx_word' id='word_1_198' title='bbox 1995 2721 2384 2796; x_wconf 82' lang='lat' dir='ltr'><em>„Occultabo</em></span> 
     </span>
     <span class='ocr_line' id='line_1_25' title="bbox 253 2819 2381 2903; baseline -0.002 -19"><span class='ocrx_word' id='word_1_199' title='bbox 253 2824 474 2903; x_wconf 82' lang='lat' dir='ltr'><em>facies</em></span> <span class='ocrx_word' id='word_1_200' title='bbox 527 2843 702 2882; x_wconf 85' lang='lat' dir='ltr'><em>meas</em></span> <span class='ocrx_word' id='word_1_201' title='bbox 749 2824 825 2883; x_wconf 90' lang='lat' dir='ltr'><em>ab</em></span> <span class='ocrx_word' id='word_1_202' title='bbox 877 2820 1046 2893; x_wconf 86' lang='lat' dir='ltr'><em>illis,</em></span> <span class='ocrx_word' id='word_1_203' title='bbox 1107 2821 1429 2901; x_wconf 76' lang='lat' dir='ltr'><em>qeneratio</em></span> <span class='ocrx_word' id='word_1_204' title='bbox 1458 2823 1935 2901; x_wconf 86' lang='lat' dir='ltr'><em>perversionum</em></span> <span class='ocrx_word' id='word_1_205' title='bbox 1972 2819 2127 2883; x_wconf 85' lang='lat' dir='ltr'><em>illi“</em></span> <span class='ocrx_word' id='word_1_206' title='bbox 2157 2825 2381 2882; x_wconf 82' lang='lat' dir='ltr'><em>Deutr:</em></span> 
     </span>
     <span class='ocr_line' id='line_1_26' title="bbox 264 2920 2387 3001; baseline 0 -17"><span class='ocrx_word' id='word_1_207' title='bbox 264 2925 552 2985; x_wconf 90' lang='lat' dir='ltr'>XXXII:</span> <span class='ocrx_word' id='word_1_208' title='bbox 598 2927 708 2983; x_wconf 83' lang='lat'><em>20.</em></span> <span class='ocrx_word' id='word_1_209' title='bbox 762 2925 943 3001; x_wconf 88' lang='lat' dir='ltr'><em>Apud</em></span> <span class='ocrx_word' id='word_1_210' title='bbox 971 2925 1208 2999; x_wconf 83' lang='lat' dir='ltr'><em>Esajam</em></span> <span class='ocrx_word' id='word_1_211' title='bbox 1250 2920 1700 3001; x_wconf 71' lang='lat' dir='ltr'><em>„Ea’spectabo</em></span> <span class='ocrx_word' id='word_1_212' title='bbox 1744 2921 2080 2999; x_wconf 77' lang='lat' dir='ltr'><em>Jehovam,</em></span> <span class='ocrx_word' id='word_1_213' title='bbox 2128 2924 2387 2985; x_wconf 83' lang='lat' dir='ltr'><em>tametsi</em></span> 
     </span>
     <span class='ocr_line' id='line_1_27' title="bbox 266 3021 2384 3104; baseline -0.001 -18"><span class='ocrx_word' id='word_1_214' title='bbox 266 3023 603 3087; x_wconf 78' lang='lat' dir='ltr'><em>abscondit</em></span> <span class='ocrx_word' id='word_1_215' title='bbox 635 3024 849 3104; x_wconf 84' lang='lat' dir='ltr'><em>facies</em></span> <span class='ocrx_word' id='word_1_216' title='bbox 885 3044 1043 3085; x_wconf 85' lang='lat' dir='ltr'><em>suas</em></span> <span class='ocrx_word' id='word_1_217' title='bbox 1092 3043 1134 3084; x_wconf 91' lang='lat' dir='ltr'><em>a</em></span> <span class='ocrx_word' id='word_1_218' title='bbox 1187 3022 1369 3082; x_wconf 91' lang='lat' dir='ltr'><em>domo</em></span> <span class='ocrx_word' id='word_1_219' title='bbox 1420 3021 1705 3083; x_wconf 83' lang='lat' dir='ltr'><em>Jacobi“</em></span> <span class='ocrx_word' id='word_1_220' title='bbox 1762 3023 1944 3083; x_wconf 90' lang='lat' dir='ltr'>VIII:</span> <span class='ocrx_word' id='word_1_221' title='bbox 2005 3029 2112 3084; x_wconf 86' lang='grc'><em>17.</em></span> <span class='ocrx_word' id='word_1_222' title='bbox 2205 3026 2384 3103; x_wconf 88' lang='lat' dir='ltr'><em>Apud</em></span> 
     </span>
     <span class='ocr_line' id='line_1_28' title="bbox 264 3122 2389 3206; baseline -0.001 -20"><span class='ocrx_word' id='word_1_223' title='bbox 264 3126 568 3186; x_wconf 80' lang='lat' dir='ltr'><em>Davidem</em></span> <span class='ocrx_word' id='word_1_224' title='bbox 624 3169 661 3198; x_wconf 89' lang='lat'><em>„</em></span> <span class='ocrx_word' id='word_1_225' title='bbox 689 3125 1029 3205; x_wconf 75' lang='lat' dir='ltr'><em>Quousque</em></span> <span class='ocrx_word' id='word_1_226' title='bbox 1089 3122 1373 3184; x_wconf 76' lang='lat' dir='ltr'><em>Jehovah</em></span> <span class='ocrx_word' id='word_1_227' title='bbox 1413 3122 1801 3187; x_wconf 86' lang='lat' dir='ltr'><em>oblivisceris</em></span> <span class='ocrx_word' id='word_1_228' title='bbox 1848 3124 2007 3200; x_wconf 82' lang='lat' dir='ltr'><em>mei,</em></span> <span class='ocrx_word' id='word_1_229' title='bbox 2070 3144 2389 3206; x_wconf 80' lang='lat' dir='ltr'><em>quousque</em></span> 
     </span>
     <span class='ocr_line' id='line_1_29' title="bbox 267 3224 2386 3305; baseline -0.001 -18"><span class='ocrx_word' id='word_1_230' title='bbox 267 3224 618 3289; x_wconf 85' lang='lat' dir='ltr'><em>occultabis</em></span> <span class='ocrx_word' id='word_1_231' title='bbox 641 3225 856 3305; x_wconf 87' lang='lat' dir='ltr'><em>facies</em></span> <span class='ocrx_word' id='word_1_232' title='bbox 902 3227 1052 3286; x_wconf 85' lang='lat' dir='ltr'><em>tuas</em></span> <span class='ocrx_word' id='word_1_233' title='bbox 1093 3245 1134 3285; x_wconf 93' lang='lat' dir='ltr'><em>a</em></span> <span class='ocrx_word' id='word_1_234' title='bbox 1172 3228 1314 3284; x_wconf 85' lang='lat' dir='ltr'><em>me“</em></span> <span class='ocrx_word' id='word_1_235' title='bbox 1359 3226 1595 3284; x_wconf 81' lang='lat' dir='ltr'><em>Psalm:</em></span> <span class='ocrx_word' id='word_1_236' title='bbox 1631 3227 1815 3286; x_wconf 89' lang='lat' dir='ltr'>XIII:</span> <span class='ocrx_word' id='word_1_237' title='bbox 1867 3230 1924 3284; x_wconf 89' lang='grc'><em>2.</em></span> <span class='ocrx_word' id='word_1_238' title='bbox 2007 3227 2187 3303; x_wconf 87' lang='lat' dir='ltr'><em>Apud</em></span> <span class='ocrx_word' id='word_1_239' title='bbox 2219 3228 2386 3285; x_wconf 91' lang='lat' dir='ltr'><em>Eun-</em></span> 
     </span>
     <span class='ocr_line' id='line_1_30' title="bbox 268 3325 2383 3407; baseline 0 -19"><span class='ocrx_word' id='word_1_240' title='bbox 268 3329 409 3388; x_wconf 87' lang='lat' dir='ltr'><em>dem</em></span> <span class='ocrx_word' id='word_1_241' title='bbox 440 3326 588 3401; x_wconf 84' lang='lat' dir='ltr'><em>„Ne</em></span> <span class='ocrx_word' id='word_1_242' title='bbox 616 3326 967 3386; x_wconf 88' lang='lat' dir='ltr'><em>abscondas</em></span> <span class='ocrx_word' id='word_1_243' title='bbox 993 3326 1207 3405; x_wconf 83' lang='lat' dir='ltr'><em>facies</em></span> <span class='ocrx_word' id='word_1_244' title='bbox 1226 3330 1375 3384; x_wconf 87' lang='lat' dir='ltr'><em>tuas</em></span> <span class='ocrx_word' id='word_1_245' title='bbox 1401 3343 1442 3384; x_wconf 93' lang='lat' dir='ltr'><em>a</em></span> <span class='ocrx_word' id='word_1_246' title='bbox 1471 3344 1582 3400; x_wconf 84' lang='lat' dir='ltr'><em>me,</em></span> <span class='ocrx_word' id='word_1_247' title='bbox 1624 3345 1700 3385; x_wconf 87' lang='lat' dir='ltr'><em>ne</em></span> <span class='ocrx_word' id='word_1_248' title='bbox 1724 3325 1985 3407; x_wconf 81' lang='lat' dir='ltr'><em>rejicias</em></span> <span class='ocrx_word' id='word_1_249' title='bbox 2013 3326 2083 3386; x_wconf 83' lang='lat' dir='ltr'><em>in</em></span> <span class='ocrx_word' id='word_1_250' title='bbox 2116 3327 2223 3387; x_wconf 90' lang='lat' dir='ltr'><em>ira</em></span> <span class='ocrx_word' id='word_1_251' title='bbox 2250 3345 2383 3389; x_wconf 80' lang='lat' dir='ltr'><em>ser-</em></span> 
     </span>
     <span class='ocr_line' id='line_1_31' title="bbox 266 3423 2385 3499; baseline -0.002 -9"><span class='ocrx_word' id='word_1_252' title='bbox 266 3447 423 3490; x_wconf 80' lang='lat' dir='ltr'><em>vum</em></span> <span class='ocrx_word' id='word_1_253' title='bbox 455 3428 678 3487; x_wconf 85' lang='lat' dir='ltr'><em>tuum“</em></span> <span class='ocrx_word' id='word_1_254' title='bbox 704 3427 927 3485; x_wconf 85' lang='lat' dir='ltr'><em>Psalm:</em></span> <span class='ocrx_word' id='word_1_255' title='bbox 948 3425 1213 3485; x_wconf 90' lang='lat' dir='ltr'>XXVII:</span> <span class='ocrx_word' id='word_1_256' title='bbox 1250 3426 1310 3481; x_wconf 88' lang='grc'><em>8.</em></span> <span class='ocrx_word' id='word_1_257' title='bbox 1339 3426 1400 3483; x_wconf 85' lang='grc'><em>9.</em></span> <span class='ocrx_word' id='word_1_258' title='bbox 1442 3425 1622 3499; x_wconf 86' lang='lat' dir='ltr'><em>Apud</em></span> <span class='ocrx_word' id='word_1_259' title='bbox 1649 3424 1919 3483; x_wconf 87' lang='lat' dir='ltr'><em>Eundem</em></span> <span class='ocrx_word' id='word_1_260' title='bbox 1951 3470 1985 3499; x_wconf 87' lang='lat'><em>„</em></span> <span class='ocrx_word' id='word_1_261' title='bbox 2000 3423 2097 3484; x_wconf 85' lang='lat' dir='ltr'><em>Ne</em></span> <span class='ocrx_word' id='word_1_262' title='bbox 2124 3426 2385 3486; x_wconf 90' lang='lat' dir='ltr'><em>abscon-</em></span> 
     </span>
     <span class='ocr_line' id='line_1_32' title="bbox 268 3511 2560 3606; baseline -0.003 -16"><span class='ocrx_word' id='word_1_263' title='bbox 268 3529 400 3590; x_wconf 90' lang='lat' dir='ltr'><em>das</em></span> <span class='ocrx_word' id='word_1_264' title='bbox 420 3527 634 3606; x_wconf 83' lang='lat' dir='ltr'><em>facies</em></span> <span class='ocrx_word' id='word_1_265' title='bbox 673 3546 714 3586; x_wconf 90' lang='lat' dir='ltr'><em>a</em></span> <span class='ocrx_word' id='word_1_266' title='bbox 749 3545 924 3586; x_wconf 86' lang='lat' dir='ltr'><em>servo</em></span> <span class='ocrx_word' id='word_1_267' title='bbox 962 3532 1099 3600; x_wconf 87' lang='lat' dir='ltr'><em>tuo,</em></span> <span class='ocrx_word' id='word_1_268' title='bbox 1144 3521 1299 3603; x_wconf 87' lang='lat' dir='ltr'><em>quia</em></span> <span class='ocrx_word' id='word_1_269' title='bbox 1332 3512 1681 3602; x_wconf 74' lang='lat' dir='ltr'><em>anqustum</em></span> <span class='ocrx_word' id='word_1_270' title='bbox 1717 3522 1907 3597; x_wconf 82' lang='lat' dir='ltr'><em>mihi,</em></span> <span class='ocrx_word' id='word_1_271' title='bbox 1966 3524 2233 3599; x_wconf 75' lang='lat' dir='ltr'><em>festina,</em></span> <span class='ocrx_word' id='word_1_272' title='bbox 2286 3545 2388 3585; x_wconf 88' lang='lat' dir='ltr'><em>re-</em></span> <span class='ocrx_word' id='word_1_273' title='bbox 2513 3582 2521 3587; x_wconf 80' lang='grc'><em>,</em></span> <span class='ocrx_word' id='word_1_274' title='bbox 2553 3511 2560 3515; x_wconf 56' lang='grc'><strong>’</strong></span> 
     </span>
    </p>
   </div>
   <div class='ocr_carea' id='block_1_3' title="bbox 145 3623 2388 3710">
    <p class='ocr_par' dir='ltr' id='par_1_3' title="bbox 145 3623 2388 3710">
     <span class='ocr_line' id='line_1_33' title="bbox 145 3623 2388 3710; baseline -0.003 -20"><span class='ocrx_word' id='word_1_275' title='bbox 145 3683 151 3690; x_wconf 95' lang='grc'><strong>.</strong></span> <span class='ocrx_word' id='word_1_276' title='bbox 267 3627 512 3710; x_wconf 88' lang='lat' dir='ltr'><em>sponde</em></span> <span class='ocrx_word' id='word_1_277' title='bbox 558 3626 766 3688; x_wconf 64' lang='grc' dir='ltr'><em>πιὶῘιῑἭ</em></span> <span class='ocrx_word' id='word_1_278' title='bbox 813 3626 1047 3686; x_wconf 84' lang='lat' dir='ltr'><em>Psalm:</em></span> <span class='ocrx_word' id='word_1_279' title='bbox 1084 3623 1322 3684; x_wconf 88' lang='lat' dir='ltr'>LXIX:</span> <span class='ocrx_word' id='word_1_280' title='bbox 1370 3626 1479 3682; x_wconf 86' lang='grc'><em>18.</em></span> <span class='ocrx_word' id='word_1_281' title='bbox 1563 3623 1742 3700; x_wconf 87' lang='lat' dir='ltr'><em>Apud</em></span> <span class='ocrx_word' id='word_1_282' title='bbox 1790 3625 2058 3684; x_wconf 88' lang='lat' dir='ltr'><em>Eundem</em></span> <span class='ocrx_word' id='word_1_283' title='bbox 2118 3623 2388 3700; x_wconf 81' lang='lat' dir='ltr'><em>„Quare</em></span> 
     </span>
    </p>
   </div>
   <div class='ocr_carea' id='block_1_4' title="bbox 270 3724 2588 4311">
    <p class='ocr_par' dir='ltr' id='par_1_4' title="bbox 270 3724 2588 4311">
     <span class='ocr_line' id='line_1_34' title="bbox 270 3724 2389 3805; baseline -0.002 -15"><span class='ocrx_word' id='word_1_284' title='bbox 270 3727 562 3791; x_wconf 77' lang='lat' dir='ltr'><em>Jehovah</em></span> <span class='ocrx_word' id='word_1_285' title='bbox 613 3727 853 3788; x_wconf 87' lang='lat' dir='ltr'><em>deseris</em></span> <span class='ocrx_word' id='word_1_286' title='bbox 911 3727 1197 3787; x_wconf 87' lang='lat' dir='ltr'><em>animam</em></span> <span class='ocrx_word' id='word_1_287' title='bbox 1244 3743 1477 3799; x_wconf 89' lang='lat' dir='ltr'><em>meam,</em></span> <span class='ocrx_word' id='word_1_288' title='bbox 1543 3724 1877 3785; x_wconf 89' lang='lat' dir='ltr'><em>abscondis</em></span> <span class='ocrx_word' id='word_1_289' title='bbox 1911 3724 2123 3805; x_wconf 86' lang='lat' dir='ltr'><em>facies</em></span> <span class='ocrx_word' id='word_1_290' title='bbox 2161 3730 2311 3786; x_wconf 87' lang='lat' dir='ltr'><em>tuas</em></span> <span class='ocrx_word' id='word_1_291' title='bbox 2347 3745 2389 3785; x_wconf 90' lang='lat' dir='ltr'><em>a</em></span> 
     </span>
     <span class='ocr_line' id='line_1_35' title="bbox 272 3825 2386 3903; baseline -0.002 -13"><span class='ocrx_word' id='word_1_292' title='bbox 272 3829 700 3890; x_wconf 78' lang='lat' dir='ltr'><em>me“Psa1m:</em></span> <span class='ocrx_word' id='word_1_293' title='bbox 739 3827 1162 3888; x_wconf 89' lang='lat' dir='ltr'>LXXXVIII:</span> <span class='ocrx_word' id='word_1_294' title='bbox 1210 3828 1318 3885; x_wconf 82' lang='lat'><em>15:</em></span> <span class='ocrx_word' id='word_1_295' title='bbox 1393 3825 1572 3903; x_wconf 90' lang='lat' dir='ltr'><em>Apud</em></span> <span class='ocrx_word' id='word_1_296' title='bbox 1607 3827 1875 3886; x_wconf 87' lang='lat' dir='ltr'><em>Eundem</em></span> <span class='ocrx_word' id='word_1_297' title='bbox 1942 3825 2087 3900; x_wconf 86' lang='lat' dir='ltr'><em>„Ne</em></span> <span class='ocrx_word' id='word_1_298' title='bbox 2126 3827 2386 3886; x_wconf 85' lang='lat' dir='ltr'><em>abscon·</em></span> 
     </span>
     <span class='ocr_line' id='line_1_36' title="bbox 273 3925 2386 4009; baseline -0.003 -17"><span class='ocrx_word' id='word_1_299' title='bbox 273 3929 400 3992; x_wconf 89' lang='lat' dir='ltr'><em>das</em></span> <span class='ocrx_word' id='word_1_300' title='bbox 431 3928 644 4009; x_wconf 85' lang='lat' dir='ltr'><em>facies</em></span> <span class='ocrx_word' id='word_1_301' title='bbox 688 3935 837 3989; x_wconf 87' lang='lat' dir='ltr'><em>tuas</em></span> <span class='ocrx_word' id='word_1_302' title='bbox 882 3949 924 3990; x_wconf 89' lang='lat' dir='ltr'><em>a</em></span> <span class='ocrx_word' id='word_1_303' title='bbox 959 3947 1078 4005; x_wconf 84' lang='lat' dir='ltr'><em>me,</em></span> <span class='ocrx_word' id='word_1_304' title='bbox 1131 3929 1201 3988; x_wconf 90' lang='lat' dir='ltr'><em>in</em></span> <span class='ocrx_word' id='word_1_305' title='bbox 1255 3925 1361 3985; x_wconf 89' lang='lat' dir='ltr'><em>die</em></span> <span class='ocrx_word' id='word_1_306' title='bbox 1402 3945 1523 4005; x_wconf 89' lang='lat' dir='ltr'><em>quo</em></span> <span class='ocrx_word' id='word_1_307' title='bbox 1559 3925 1867 4007; x_wconf 63' lang='lat' dir='ltr'><em>angustia</em></span> <span class='ocrx_word' id='word_1_308' title='bbox 1895 3926 2386 3987; x_wconf 73' lang='lat' dir='ltr'><em>miki“Psa1m:</em></span> 
     </span>
     <span class='ocr_line' id='line_1_37' title="bbox 277 4026 2588 4122; baseline -0.002 -31"><span class='ocrx_word' id='word_1_309' title='bbox 277 4030 526 4091; x_wconf 73' lang='lat'>(31123</span> <span class='ocrx_word' id='word_1_310' title='bbox 610 4030 793 4106; x_wconf 90' lang='lat' dir='ltr'><em>Apud</em></span> <span class='ocrx_word' id='word_1_311' title='bbox 828 4029 1103 4089; x_wconf 89' lang='lat' dir='ltr'><em>Eundem</em></span> <span class='ocrx_word' id='word_1_312' title='bbox 1167 4026 1549 4106; x_wconf 77' lang='lat' dir='ltr'><em>„Responde</em></span> <span class='ocrx_word' id='word_1_313' title='bbox 1586 4028 1748 4089; x_wconf 77' lang='lat' dir='ltr'><em>mihi</em></span> <span class='ocrx_word' id='word_1_314' title='bbox 1780 4027 2098 4122; x_wconf 76' lang='lat' dir='ltr'><em>Jehovah‚</em></span> <span class='ocrx_word' id='word_1_315' title='bbox 2150 4046 2227 4087; x_wconf 87' lang='lat' dir='ltr'><em>ne</em></span> <span class='ocrx_word' id='word_1_316' title='bbox 2275 4028 2385 4088; x_wconf 89' lang='lat' dir='ltr'><em>ab·</em></span> <span class='ocrx_word' id='word_1_317' title='bbox 2427 4041 2588 4104; x_wconf 81' lang='lat'>[676]</span> 
     </span>
     <span class='ocr_line' id='line_1_38' title="bbox 276 4126 2392 4212; baseline -0 -22"><span class='ocrx_word' id='word_1_318' title='bbox 276 4130 550 4190; x_wconf 87' lang='lat' dir='ltr'><em>scondas</em></span> <span class='ocrx_word' id='word_1_319' title='bbox 571 4129 787 4212; x_wconf 82' lang='lat' dir='ltr'><em>facies</em></span> <span class='ocrx_word' id='word_1_320' title='bbox 827 4135 975 4190; x_wconf 89' lang='lat' dir='ltr'><em>tuas</em></span> <span class='ocrx_word' id='word_1_321' title='bbox 1026 4149 1069 4190; x_wconf 92' lang='lat' dir='ltr'><em>a</em></span> <span class='ocrx_word' id='word_1_322' title='bbox 1103 4149 1230 4202; x_wconf 91' lang='lat' dir='ltr'><em>me,</em></span> <span class='ocrx_word' id='word_1_323' title='bbox 1290 4134 1349 4188; x_wconf 88' lang='lat' dir='ltr'><em>et</em></span> <span class='ocrx_word' id='word_1_324' title='bbox 1393 4126 1637 4189; x_wconf 90' lang='lat' dir='ltr'><em>similis</em></span> <span class='ocrx_word' id='word_1_325' title='bbox 1674 4131 1841 4210; x_wconf 85' lang='lat' dir='ltr'><em>fiam</em></span> <span class='ocrx_word' id='word_1_326' title='bbox 1878 4126 2392 4207; x_wconf 76' lang='lat' dir='ltr'><em>descendentibus</em></span> 
     </span>
     <span class='ocr_line' id='line_1_39' title="bbox 277 4223 2391 4311; baseline -0.001 -20"><span class='ocrx_word' id='word_1_327' title='bbox 277 4230 349 4292; x_wconf 88' lang='lat' dir='ltr'><em>in</em></span> <span class='ocrx_word' id='word_1_328' title='bbox 386 4231 646 4311; x_wconf 85' lang='lat' dir='ltr'><em>foveam</em></span> <span class='ocrx_word' id='word_1_329' title='bbox 657 4233 691 4263; x_wconf 87' lang='lat'><em>“</em></span> <span class='ocrx_word' id='word_1_330' title='bbox 756 4232 992 4290; x_wconf 79' lang='lat' dir='ltr'><em>Psalm:</em></span> <span class='ocrx_word' id='word_1_331' title='bbox 1038 4230 1328 4291; x_wconf 85' lang='lat' dir='ltr'>CXLIII:</span> <span class='ocrx_word' id='word_1_332' title='bbox 1374 4235 1433 4288; x_wconf 92' lang='grc'><em>7.</em></span> <span class='ocrx_word' id='word_1_333' title='bbox 1528 4223 1704 4307; x_wconf 86' lang='lat' dir='ltr'><em>Apud</em></span> <span class='ocrx_word' id='word_1_334' title='bbox 1741 4229 2119 4291; x_wconf 84' lang='lat' dir='ltr'><em>Ezechielem</em></span> <span class='ocrx_word' id='word_1_335' title='bbox 2184 4227 2391 4308; x_wconf 74' lang='lat' dir='ltr'><em>„Cum</em></span> 
     </span>
    </p>
   </div>
  </div>
 </body>
</html>
