2791 4778
359 357 591 437 CAPUT
634 381 941 436 sEx'ruM.
1711 385 1918 441 vsRs=
1967 394 2053 451 14·
2179 389 2321 453 ·445

212 563 281 604 ex
317 559 503 602 causa
539 543 681 617 quia
707 540 880 598 Mens
919 542 1247 617 spiritualis
1283 560 1401 600 non
1439 549 1651 620 aperta
1688 551 1811 619 est,
1851 561 1962 621 per
1997 563 2175 620 quam
2214 546 2321 607 lux

209 644 372 704 Coeli
405 644 743 727 immittitur
775 642 836 698 in
876 642 1144 701 naturale
1182 661 1293 719 per
1325 645 1484 700 viam
1525 652 1780 718 rectam,
1837 645 1944 703 sed
1981 646 2171 705 solum
2208 665 2323 724 per

202 748 379 804 rimas
424 745 841 814 circumcirca,
910 742 1068 800 unde
1119 747 1172 801 ei
1226 743 1483 802 facultas
1539 746 1865 820 cogitandi,
1932 748 2324 807 ratiocinandi

208 853 260 905 et
290 842 611 920 loquendi,
670 851 729 900 et
772 859 1009 917 quoque
1054 844 1308 903 facultas
1344 845 1714 920 intelligendi
1750 864 1924 919 vera,
1982 847 2091 906 scd
2125 865 2318 923 usque

204 963 312 1004 non
352 943 612 1002 facultas
653 943 889 1000 amandi
924 943 1060 1012 illa,
1114 961 1224 1003 scu
1253 963 1333 1014 ex,
1355 944 1667 1004 affectione
1701 946 1958 1004 faciendi
1990 947 2122 1019 illa,
2178 966 2319 1007 nam

174 1045 460 1105 ,facultas
498 1043 734 1101 amandi
762 1061 904 1100 vera
935 1048 1072 1119 quia
1108 1063 1254 1103 vera
1280 1053 1419 1103 sunt
1447 1045 1620 1104 datur
1655 1047 1847 1104 solum
1885 1064 1995 1122 per
2029 1049 2316 1106 influxum

200 1147 346 1207 lucis
388 1143 560 1203 Coeli
594 1161 703 1219 per
739 1145 1110 1219 spiritualem
1155 1155 1444 1216 mentem,
1502 1146 1604 1204 lux
1641 1150 1796 1205 enim
1837 1146 2005 1206 Coeli
2038 1166 2148 1224 per
2182 1151 2313 1224 spi·

198 1245 473 1306 ritualem
542 1250 800 1323 mentem
853 1246 1171 1321 conj-uncta
1226 1254 1319 1305 est
1378 1262 1516 1304 cum
1571 1248 1769 1305 calore
1821 1247 2014 1320 Coeli,
2072 1251 2173 1323 qui
2222 1257 2316 1308 est

196 1363 397 1415 amor,
454 1345 646 1420 qualis
695 1351 788 1402 est
831 1349 1234 1421 comparative
1274 1346 1379 1406 lux
1432 1347 1636 1406 mundi
1680 1354 1950 1422 tempore
2003 1351 2196 1424 veris,
2252 1357 2316 1409 at

193 1448 289 1507 lux
347 1435 505 1505 coeli
540 1445 793 1502 influens
839 1463 949 1521 pcr
999 1449 1179 1505 rimas
1226 1449 1287 1504 in
1336 1447 1637 1522 naturale,
1695 1455 1786 1505 est
1823 1448 1925 1505 lux
1960 1457 2243 1524 separata
2279 1469 2317 1510 a

150 1581 155 1586 ,
195 1548 394 1607 calore
434 1545 621 1615 coeli,
661 1548 761 1620 qui
798 1552 891 1604 est
927 1563 1122 1621 amor,
1167 1547 1361 1621 qualis
1401 1539 1495 1607 'est
1531 1551 1934 1624 comparative
1969 1549 2073 1606 lux
2109 1551 2316 1610 mundi

191 1631 465 1724 tempore
501 1646 731 1722 hyemis
752 1666 767 1721 3
806 1646 941 1704 inde
982 1654 1192 1723 patere
1229 1655 1456 1724 potest,
1516 1648 1676 1724 quod
1715 1649 1911 1719 homo,
1947 1649 2107 1724 apud
2135 1635 2352 1725 quem*

193 1748 529 1826 spiritualis
570 1763 737 1804 mens
775 1755 984 1822 aperta
1022 1756 1143 1820 est,
1199 1751 1278 1807 sit
1313 1750 1469 1808 sicut
1507 1750 1714 1808 hortus
1754 1757 1813 1808 et
1846 1749 2192 1826 paradisuS,
2250 1758 2313 1811 et

156 1888 161 1891 ψ
195 1849 355 1926 quod
391 1849 604 1921 homo,
662 1846 824 1923 apud
860 1865 1039 1923 quem
1076 1848 1406 1924 spiritualis
1443 1868 1609 1909 mens
1645 1870 1762 1909 non
1798 1858 2010 1926 aperta
2049 1855 2181 1922 est,
2234 1855 2312 1910 sit

192 1952 349 2009 sicut
402 1947 694 2021 solitud0,
763 1955 822 2004 et
869 1950 1025 2006 sicut
1075 1957 1237 2008 terra
1282 1951 1419 2008 nive
1467 1951 1737 2009 obtecta:
1809 1954 2087 2027 quoniam
2136 1952 2309 2013 Mens

191 2051 335 2110 facit
371 2051 703 2120 hominem,
756 2048 926 2107 Mens
975 2051 1129 2107 enim
1185 2051 1314 2126 ejus
1368 2057 1466 2108 est
1513 2051 1854 2110 intellectus
1904 2057 1964 2110 et
2008 2052 2305 2126 voluntas,

188 2151 326 2210 inde
385 2151 543 2208 idem
599 2154 718 2221 est,
795 2151 922 2207 sive
965 2150 1128 2208 dicas
1180 2151 1442 2209 Mentem
1483 2153 1612 2208 sive
1662 2150 1990 2219 hominem,
2044 2153 2129 2208 ita
2177 2153 2306 2211 sive

190 2251 360 2311 dicas
395 2250 656 2308 Mentem
702 2251 1075 2325 spiritualem
1113 2258 1172 2310 et
1208 2250 1571 2323 naturalem,
1625 2252 1752 2308 sive
1799 2249 1964 2309 dicas
2005 2250 2304 2310 hominem

192 2349 573 2428 spiritualem
611 2355 666 2408 et
702 2352 1051 2410 naturalem.
1122 2352 1293 2411 Mens
1332 2351 1626 2412 naturalis
1665 2368 1776 2411 seu
1803 2351 1978 2410 homo
2016 2352 2302 2413 naturalis
2345 2347 2505 2411 [638]

200 2450 404 2526 quoad
442 2467 579 2509 vera
628 2452 756 2528 ejus
796 2458 855 2509 et
905 2452 1104 2528 quoad
1140 2452 1299 2512 'falsa
1348 2454 1479 2530 ejus
1519 2452 1886 2530 significatur
1923 2469 2035 2528 per
2068 2451 2307 2513 Insulas

189 2553 257 2609 in
300 2550 527 2627 Verbo;
565 2551 761 2632 quoad
792 2569 938 2610 vera
974 2553 1133 2628 apud
1171 2553 1335 2626 illos,
1384 2553 1546 2629 apud
1579 2570 1729 2630 quos
1767 2552 2095 2629 spiritualis
2131 2554 2304 2613 Mens

186 2659 403 2728 aperta
441 2657 561 2725 est,
630 2660 690 2710 et
726 2653 925 2728 quoad
959 2654 1112 2711 falsa
1149 2653 1311 2730 apud
1349 2655 1518 2727 illos,
1575 2653 1737 2730 apud
1787 2670 1935 2730 quos
1974 2654 2305 2730 spiritualis

182 2752 358 2811 Mens
411 2751 658 2811 occlusa
693 2758 815 2829 est3
876 2753 1035 2828 quod
1070 2754 1174 2812 illa
1222 2754 1629 2830 significentur
1676 2772 1785 2831 per
1830 2753 2099 2827 Insulas,
2155 2771 2302 2814 con-

182 2860 347 2912 stare
382 2860 590 2930 potest
641 2870 714 2912 ex
761 2854 1151 2929 sequentibus
1196 2854 1344 2914 locis
1392 2857 1452 2912 in
1500 2854 1734 2930 Verbo;
1808 2855 1972 2931 apud
2008 2854 2303 2916 Ezechie-

179 2955 298 3014 lem
343 2953 509 3027 „Sic
549 2952 730 3014 dimit
770 2954 1100 3015 Dominus
1147 2953 1416 3015 Jehovih
1455 2951 1663 3034 Tyro,
1729 2975 1930 3017 nonne
1968 2956 2041 3016 ob
2078 2975 2304 3019 sonum

179 3073 374 3116 casus
422 3054 519 3115 tui
533 3098 551 3129 ,
615 3072 756 3114 cum
804 3061 1006 3133 yemet
1057 3055 1387 3134 confossas
1403 3101 1417 3128 ,
1500 3073 1641 3117 cum
1681 3062 2032 3137 perayetur
2081 3057 2303 3119 caedes

175 3155 245 3217 in
283 3153 501 3215 medio
551 3153 667 3229 tui,
708 3155 1180 3216 contremiscent
1204 3153 1488 3225 Insulae,
1522 3161 1581 3215 et
1619 3156 1988 3219 descendent
2033 3158 2303 3238 desuper

177 3256 433 3317 thronis
484 3255 628 3315 ouis
676 3273 886 3315 omnes
920 3256 1247 3335 principes
1296 3257 1503 3317 maris
1522 3279 1542 3317 .·
1597 3259 2068 3319 contremiscent
2100 3257 2295 3319 Insu-

173 3354 274 3419 lae
312 3356 423 3418 die
456 3373 649 3416 casus
689 3356 786 3415 tui
799 3399 816 3430 ,
874 3362 934 3417 et
962 3359 1500 3436 perturbabuntur
1534 3355 1799 3417 Insulae
1828 3376 1987 3435 quae
2025 3359 2095 3418 in
2128 3357 2302 3420 mari

173 3459 243 3519 ob
292 3457 549 3517 eaeitum
607 3460 807 3516 tuum.
920 3455 1148 3517 Omnes
1208 3457 1596 3519 habitatores
1644 3454 2023 3516 Insularum
2080 3457 2295 3517 obstu-

165 3562 455 3637 puerunt
514 3576 704 3636 super
769 3563 855 3631 te,
937 3562 997 3617 et
1051 3576 1231 3637 reyes
1288 3576 1508 3618 earum
1571 3555 2015 3616 cohorruerunt
2071 3553 2294 3616 horro-

170 3678 276 3730 re;
358 3657 652 3718 turbatae
715 3664 865 3717 eunt
912 3658 1126 3736 facies
1146 3661 1183 3691 “
1264 3657 1509 3718 XXVI:
1583 3657 1690 3714 15.
1766 3658 1874 3714 16.
1948 3659 2056 3714 18.
2138 3654 2295 3732 Cap:

170 3758 461 3819 XXVII:
522 3760 642 3834 353
715 3761 912 3834 agitur
963 3761 1024 3816 in
1059 3759 1214 3816 binis
1264 3758 1380 3816 illis
1438 3757 1747 3834 Capitibus
1803 3755 1876 3814 de
1930 3756 2120 3833 Tyr0,
2187 3772 2300 3832 per

171 3876 358 3935 quam
422 3856 790 3934 significatur
843 3858 1118 3917 Ecclesia
1180 3858 1376 3934 quoad
1426 3860 1793 3934 cognitiones
1848 3859 1975 3915 veri
2029 3862 2089 3915 et
2137 3856 2295 3932 boni,

173 3966 234 4017 et
290 3958 433 4017 inde
483 3958 892 4033 significantur
928 3960 1291 4045 cognitiones
1340 3960 1469 4016 veri
1520 3966 1578 4017 et
1629 3958 1769 4017 boni
1826 3957 2126 4016 abstracte
2142 3976 2159 4033 3
2240 3962 2302 4017 et

168 4062 433 4134 primum
487 4058 567 4116 ibi
639 4061 835 4135 agitur
908 4059 981 4117 de
1052 4059 1448 4135 intelligentia
1511 4065 1572 4118 et
1633 4060 1930 4135 sapientia
1997 4058 2301 4117 hominum

169 4159 489 4218 Ecclesiae
536 4177 648 4235 per
697 4161 1065 4235 cognitiones
1119 4163 1244 4221 veri
1292 4166 1352 4218 et
1401 4158 1542 4217 boni
1585 4177 1659 4217 ex
1707 4157 1908 4218 Verbo
1924 4178 1939 4234 ;
2017 4166 2075 4217 et
2121 4164 2298 4236 post-

175 4276 253 4317 ea
294 4258 373 4318 de
414 4258 693 4319 Ecclesia
728 4265 970 4319 vastata
1010 4259 1206 4334 quoad
1255 4260 1423 4334 illas3
1496 4259 1770 4318 Ecclesia
1821 4265 2061 4319 vastata
2101 4259 2303 4337 quoad
