<?xml version="1.0" encoding="UTF-8"?>
<!DOCTYPE html PUBLIC "-//W3C//DTD XHTML 1.0 Transitional//EN"
    "http://www.w3.org/TR/xhtml1/DTD/xhtml1-transitional.dtd">
<html xmlns="http://www.w3.org/1999/xhtml" xml:lang="en" lang="en">
 <head>
  <title>
</title>
<meta http-equiv="Content-Type" content="text/html;charset=utf-8" />
  <meta name='ocr-system' content='tesseract 3.04.00' />
  <meta name='ocr-capabilities' content='ocr_page ocr_carea ocr_par ocr_line ocrx_word'/>
</head>
<body>
  <div class='ocr_page' id='page_1' title='image "apocalypsisexpl03swedgoog_0306.png"; bbox 0 0 2791 4778; ppageno 0'>
   <div class='ocr_carea' id='block_1_1' title="bbox 461 344 2124 412">
    <p class='ocr_par' dir='ltr' id='par_1_1' title="bbox 461 344 2124 412">
     <span class='ocr_line' id='line_1_1' title="bbox 461 344 2124 412; baseline -0.008 -3"><span class='ocrx_word' id='word_1_1' title='bbox 461 356 571 409; x_wconf 82' lang='grc'><strong>284</strong></span> <span class='ocrx_word' id='word_1_2' title='bbox 904 344 1400 400; x_wconf 82' lang='lat' dir='ltr'>APOCALYPSIS</span> <span class='ocrx_word' id='word_1_3' title='bbox 1441 344 1873 403; x_wconf 81' lang='lat' dir='ltr'>EXPLICATA.</span> <span class='ocrx_word' id='word_1_4' title='bbox 1915 344 1962 412; x_wconf 82' lang='lat'>§.</span> <span class='ocrx_word' id='word_1_5' title='bbox 2005 353 2124 405; x_wconf 82' lang='grc'><strong>376.</strong></span> 
     </span>
    </p>
   </div>
   <div class='ocr_carea' id='block_1_2' title="bbox 260 499 2529 4261">
    <p class='ocr_par' dir='ltr' id='par_1_2' title="bbox 260 499 2529 4261">
     <span class='ocr_line' id='line_1_2' title="bbox 460 499 2507 580; baseline -0.002 -16"><span class='ocrx_word' id='word_1_6' title='bbox 460 507 689 580; x_wconf 82' lang='lat' dir='ltr'><em>absque</em></span> <span class='ocrx_word' id='word_1_7' title='bbox 716 506 981 579; x_wconf 86' lang='lat' dir='ltr'>interno,</span> <span class='ocrx_word' id='word_1_8' title='bbox 1022 521 1091 561; x_wconf 83' lang='lat' dir='ltr'>n:</span> <span class='ocrx_word' id='word_1_9' title='bbox 1146 505 1353 562; x_wconf 94' lang='grc'><strong>1200.</strong></span> <span class='ocrx_word' id='word_1_10' title='bbox 1415 505 1627 562; x_wconf 83' lang='grc'><strong>3147.</strong></span> <span class='ocrx_word' id='word_1_11' title='bbox 1679 505 1890 562; x_wconf 83' lang='grc'><strong>3479.</strong></span> <span class='ocrx_word' id='word_1_12' title='bbox 1937 503 2160 562; x_wconf 83' lang='lat'>8871:</span> <span class='ocrx_word' id='word_1_13' title='bbox 2196 499 2507 576; x_wconf 78' lang='lat' dir='ltr'><em>quodJose-</em></span> 
     </span>
     <span class='ocr_line' id='line_1_3' title="bbox 458 600 2514 683; baseline -0.001 -20"><span class='ocrx_word' id='word_1_14' title='bbox 458 606 617 683; x_wconf 86' lang='lat' dir='ltr'>phus</span> <span class='ocrx_word' id='word_1_15' title='bbox 654 601 946 679; x_wconf 82' lang='lat' dir='ltr'>significet</span> <span class='ocrx_word' id='word_1_16' title='bbox 981 603 1312 662; x_wconf 84' lang='lat' dir='ltr'><strong>Ecclesiam</strong></span> <span class='ocrx_word' id='word_1_17' title='bbox 1351 602 1743 678; x_wconf 84' lang='lat' dir='ltr'>spiritualem,</span> <span class='ocrx_word' id='word_1_18' title='bbox 1780 609 1840 661; x_wconf 91' lang='lat' dir='ltr'><em>et</em></span> <span class='ocrx_word' id='word_1_19' title='bbox 1873 601 2013 660; x_wconf 89' lang='lat' dir='ltr'><em>inde</em></span> <span class='ocrx_word' id='word_1_20' title='bbox 2052 603 2224 659; x_wconf 86' lang='lat' dir='ltr'>etiam</span> <span class='ocrx_word' id='word_1_21' title='bbox 2257 600 2514 677; x_wconf 69' lang='lat' dir='ltr'>spirituale</span> 
     </span>
     <span class='ocr_line' id='line_1_4' title="bbox 458 700 2515 777; baseline -0.004 -12"><span class='ocrx_word' id='word_1_22' title='bbox 458 704 788 777; x_wconf 71' lang='lat' dir='ltr'><strong>Ecclesiae,</strong></span> <span class='ocrx_word' id='word_1_23' title='bbox 826 722 895 760; x_wconf 89' lang='lat' dir='ltr'>n:</span> <span class='ocrx_word' id='word_1_24' title='bbox 941 705 1152 762; x_wconf 84' lang='lat'><strong>3969.</strong></span> <span class='ocrx_word' id='word_1_25' title='bbox 1195 705 1406 762; x_wconf 88' lang='grc'><strong>3971.</strong></span> <span class='ocrx_word' id='word_1_26' title='bbox 1450 705 1666 762; x_wconf 89' lang='grc'><strong>4669.</strong></span> <span class='ocrx_word' id='word_1_27' title='bbox 1707 706 1916 763; x_wconf 90' lang='grc'><strong>6417.</strong></span> <span class='ocrx_word' id='word_1_28' title='bbox 2008 702 2189 777; x_wconf 89' lang='lat' dir='ltr'><strong>Apud</strong></span> <span class='ocrx_word' id='word_1_29' title='bbox 2224 700 2515 760; x_wconf 82' lang='lat' dir='ltr'>Sachariam</span> 
     </span>
     <span class='ocr_line' id='line_1_5' title="bbox 462 797 2519 878; baseline -0.002 -16"><span class='ocrx_word' id='word_1_30' title='bbox 462 802 837 878; x_wconf 77' lang='lat' dir='ltr'><em>„Potentem</em></span> <span class='ocrx_word' id='word_1_31' title='bbox 885 800 1154 863; x_wconf 82' lang='lat' dir='ltr'><em>reddam</em></span> <span class='ocrx_word' id='word_1_32' title='bbox 1207 801 1466 862; x_wconf 80' lang='lat' dir='ltr'>domum</span> <span class='ocrx_word' id='word_1_33' title='bbox 1520 800 1842 877; x_wconf 74' lang='lat' dir='ltr'><em>Jehadae,</em></span> <span class='ocrx_word' id='word_1_34' title='bbox 1909 807 1969 861; x_wconf 83' lang='lat' dir='ltr'>et</span> <span class='ocrx_word' id='word_1_35' title='bbox 2010 801 2266 861; x_wconf 83' lang='lat' dir='ltr'>domum</span> <span class='ocrx_word' id='word_1_36' title='bbox 2308 797 2519 878; x_wconf 68' lang='lat' dir='ltr'><em>Josephi</em></span> 
     </span>
     <span class='ocr_line' id='line_1_6' title="bbox 458 898 2519 981; baseline -0.003 -19"><span class='ocrx_word' id='word_1_37' title='bbox 458 903 714 964; x_wconf 64' lang='lat' dir='ltr'>amabo</span> <span class='ocrx_word' id='word_1_38' title='bbox 725 922 754 973; x_wconf 92' lang='lat'><em>;</em></span> <span class='ocrx_word' id='word_1_39' title='bbox 807 902 954 963; x_wconf 79' lang='lat' dir='ltr'>hino</span> <span class='ocrx_word' id='word_1_40' title='bbox 979 908 1162 963; x_wconf 75' lang='lat' dir='ltr'><em>erant</em></span> <span class='ocrx_word' id='word_1_41' title='bbox 1195 901 1363 962; x_wconf 69' lang='lat' dir='ltr'><em>siout</em></span> <span class='ocrx_word' id='word_1_42' title='bbox 1376 907 1605 981; x_wconf 69' lang='lat' dir='ltr'><em>potens</em></span> <span class='ocrx_word' id='word_1_43' title='bbox 1631 899 1975 981; x_wconf 78' lang='lat' dir='ltr'><strong><em>Ephraim,</em></strong></span> <span class='ocrx_word' id='word_1_44' title='bbox 2015 906 2076 960; x_wconf 81' lang='lat' dir='ltr'>et</span> <span class='ocrx_word' id='word_1_45' title='bbox 2104 898 2418 960; x_wconf 78' lang='lat' dir='ltr'>laetabitur</span> <span class='ocrx_word' id='word_1_46' title='bbox 2442 915 2519 957; x_wconf 76' lang='lat' dir='ltr'>cor</span> 
     </span>
     <span class='ocr_line' id='line_1_7' title="bbox 457 998 2521 1081; baseline -0.004 -18"><span class='ocrx_word' id='word_1_47' title='bbox 457 1020 673 1063; x_wconf 78' lang='lat' dir='ltr'><em>eorum</em></span> <span class='ocrx_word' id='word_1_48' title='bbox 710 1000 902 1081; x_wconf 71' lang='lat' dir='ltr'><em>quasi</em></span> <span class='ocrx_word' id='word_1_49' title='bbox 934 1001 1122 1061; x_wconf 54' lang='lat' dir='ltr'>‘vind‘</span> <span class='ocrx_word' id='word_1_50' title='bbox 1152 1002 1233 1062; x_wconf 90' lang='lat' dir='ltr'>X:</span> <span class='ocrx_word' id='word_1_51' title='bbox 1279 1005 1336 1060; x_wconf 88' lang='lat'>6.</span> <span class='ocrx_word' id='word_1_52' title='bbox 1385 1007 1455 1076; x_wconf 81' lang='lat'>73</span> <span class='ocrx_word' id='word_1_53' title='bbox 1493 1019 1603 1078; x_wconf 91' lang='lat' dir='ltr'>per</span> <span class='ocrx_word' id='word_1_54' title='bbox 1638 1002 1875 1060; x_wconf 89' lang='lat' dir='ltr'>domum</span> <span class='ocrx_word' id='word_1_55' title='bbox 1902 1002 2188 1061; x_wconf 86' lang='lat' dir='ltr'><em>Jehudae</em></span> <span class='ocrx_word' id='word_1_56' title='bbox 2215 998 2521 1076; x_wconf 75' lang='lat' dir='ltr'>significatur</span> 
     </span>
     <span class='ocr_line' id='line_1_8' title="bbox 460 1097 2517 1177; baseline -0.005 -16"><span class='ocrx_word' id='word_1_57' title='bbox 460 1102 735 1162; x_wconf 82' lang='lat' dir='ltr'>Ecclesia</span> <span class='ocrx_word' id='word_1_58' title='bbox 768 1101 1047 1161; x_wconf 78' lang='lat' dir='ltr'><em>coelestis</em></span> <span class='ocrx_word' id='word_1_59' title='bbox 1076 1102 1335 1177; x_wconf 77' lang='lat' dir='ltr'>Domini,</span> <span class='ocrx_word' id='word_1_60' title='bbox 1369 1107 1430 1160; x_wconf 88' lang='lat' dir='ltr'><em>et</em></span> <span class='ocrx_word' id='word_1_61' title='bbox 1452 1119 1564 1177; x_wconf 87' lang='lat' dir='ltr'>per</span> <span class='ocrx_word' id='word_1_62' title='bbox 1596 1102 1833 1160; x_wconf 84' lang='lat' dir='ltr'>domum</span> <span class='ocrx_word' id='word_1_63' title='bbox 1863 1102 2127 1177; x_wconf 87' lang='lat' dir='ltr'>Josephi</span> <span class='ocrx_word' id='word_1_64' title='bbox 2151 1100 2407 1158; x_wconf 85' lang='lat' dir='ltr'><em>Ecclesia</em></span> <span class='ocrx_word' id='word_1_65' title='bbox 2423 1097 2517 1172; x_wconf 85' lang='lat' dir='ltr'>spi-</span> 
     </span>
     <span class='ocr_line' id='line_1_9' title="bbox 456 1195 2522 1278; baseline -0.004 -18"><span class='ocrx_word' id='word_1_66' title='bbox 456 1202 690 1261; x_wconf 84' lang='lat' dir='ltr'>ritualis</span> <span class='ocrx_word' id='word_1_67' title='bbox 713 1203 970 1277; x_wconf 85' lang='lat' dir='ltr'>Domini3</span> <span class='ocrx_word' id='word_1_68' title='bbox 1012 1208 1068 1259; x_wconf 87' lang='lat' dir='ltr'><em>et</em></span> <span class='ocrx_word' id='word_1_69' title='bbox 1093 1219 1203 1277; x_wconf 85' lang='lat' dir='ltr'>per</span> <span class='ocrx_word' id='word_1_70' title='bbox 1231 1208 1511 1278; x_wconf 82' lang='lat' dir='ltr'><em>potentes</em></span> <span class='ocrx_word' id='word_1_71' title='bbox 1537 1202 1790 1261; x_wconf 83' lang='lat' dir='ltr'>reddere</span> <span class='ocrx_word' id='word_1_72' title='bbox 1812 1203 2023 1262; x_wconf 83' lang='lat' dir='ltr'>domos</span> <span class='ocrx_word' id='word_1_73' title='bbox 2064 1218 2300 1273; x_wconf 83' lang='lat' dir='ltr'>eorum,</span> <span class='ocrx_word' id='word_1_74' title='bbox 2346 1195 2522 1273; x_wconf 82' lang='lat' dir='ltr'>signifi-</span> 
     </span>
     <span class='ocr_line' id='line_1_10' title="bbox 458 1296 2521 1378; baseline -0.004 -17"><span class='ocrx_word' id='word_1_75' title='bbox 458 1310 631 1362; x_wconf 84' lang='lat' dir='ltr'>catur</span> <span class='ocrx_word' id='word_1_76' title='bbox 668 1302 1063 1377; x_wconf 84' lang='lat' dir='ltr'>multiplicare</span> <span class='ocrx_word' id='word_1_77' title='bbox 1104 1318 1248 1359; x_wconf 84' lang='lat' dir='ltr'>vera</span> <span class='ocrx_word' id='word_1_78' title='bbox 1284 1319 1439 1377; x_wconf 87' lang='lat' dir='ltr'><em>quae</em></span> <span class='ocrx_word' id='word_1_79' title='bbox 1483 1320 1553 1361; x_wconf 83' lang='lat' dir='ltr'><em>ex</em></span> <span class='ocrx_word' id='word_1_80' title='bbox 1604 1301 1760 1360; x_wconf 88' lang='lat' dir='ltr'>bono</span> <span class='ocrx_word' id='word_1_81' title='bbox 1798 1302 1961 1378; x_wconf 89' lang='lat' dir='ltr'>apud</span> <span class='ocrx_word' id='word_1_82' title='bbox 1999 1302 2164 1375; x_wconf 76' lang='lat' dir='ltr'><em>ilice,</em></span> <span class='ocrx_word' id='word_1_83' title='bbox 2203 1317 2335 1357; x_wconf 90' lang='lat' dir='ltr'>nam</span> <span class='ocrx_word' id='word_1_84' title='bbox 2380 1296 2521 1354; x_wconf 86' lang='lat' dir='ltr'>omnis</span> 
     </span>
     <span class='ocr_line' id='line_1_11' title="bbox 457 1401 2520 1478; baseline -0.004 -19"><span class='ocrx_word' id='word_1_85' title='bbox 457 1405 725 1478; x_wconf 81' lang='lat' dir='ltr'>potentia</span> <span class='ocrx_word' id='word_1_86' title='bbox 762 1408 853 1460; x_wconf 85' lang='lat' dir='ltr'><em>est</em></span> <span class='ocrx_word' id='word_1_87' title='bbox 888 1403 1015 1458; x_wconf 81' lang='lat' dir='ltr'><em>veri</em></span> <span class='ocrx_word' id='word_1_88' title='bbox 1053 1417 1125 1457; x_wconf 84' lang='lat' dir='ltr'><em>ex</em></span> <span class='ocrx_word' id='word_1_89' title='bbox 1161 1401 1349 1476; x_wconf 83' lang='lat' dir='ltr'>b0n03</span> <span class='ocrx_word' id='word_1_90' title='bbox 1403 1401 1540 1459; x_wconf 87' lang='lat' dir='ltr'><em>inde</em></span> <span class='ocrx_word' id='word_1_91' title='bbox 1569 1402 1816 1475; x_wconf 86' lang='lat' dir='ltr'>dicitur,</span> <span class='ocrx_word' id='word_1_92' title='bbox 1870 1401 2031 1476; x_wconf 89' lang='lat' dir='ltr'>quod</span> <span class='ocrx_word' id='word_1_93' title='bbox 2071 1406 2244 1460; x_wconf 84' lang='lat' dir='ltr'><em>erunt</em></span> <span class='ocrx_word' id='word_1_94' title='bbox 2278 1401 2417 1456; x_wconf 82' lang='lat' dir='ltr'>sicut</span> <span class='ocrx_word' id='word_1_95' title='bbox 2438 1411 2520 1471; x_wconf 89' lang='lat' dir='ltr'>po-</span> 
     </span>
     <span class='ocr_line' id='line_1_12' title="bbox 458 1497 2527 1577; baseline -0.006 -16"><span class='ocrx_word' id='word_1_96' title='bbox 458 1509 592 1562; x_wconf 88' lang='lat' dir='ltr'><em>tens</em></span> <span class='ocrx_word' id='word_1_97' title='bbox 634 1502 947 1576; x_wconf 85' lang='lat' dir='ltr'><strong>Ephraim,</strong></span> <span class='ocrx_word' id='word_1_98' title='bbox 998 1517 1107 1576; x_wconf 87' lang='lat' dir='ltr'>per</span> <span class='ocrx_word' id='word_1_99' title='bbox 1156 1501 1439 1576; x_wconf 82' lang='lat' dir='ltr'>Ephraim</span> <span class='ocrx_word' id='word_1_100' title='bbox 1498 1501 1870 1577; x_wconf 81' lang='lat' dir='ltr'>significatur</span> <span class='ocrx_word' id='word_1_101' title='bbox 1926 1501 2291 1559; x_wconf 9' lang='lat' dir='ltr'><em>intellectus,</em></span> <span class='ocrx_word' id='word_1_102' title='bbox 2321 1497 2432 1555; x_wconf 83' lang='lat' dir='ltr'><em>veri</em></span> <span class='ocrx_word' id='word_1_103' title='bbox 2473 1509 2527 1551; x_wconf 87' lang='lat' dir='ltr'><em>ex</em></span> 
     </span>
     <span class='ocr_line' id='line_1_13' title="bbox 260 1594 2528 1677; baseline -0.007 -14"><span class='ocrx_word' id='word_1_104' title='bbox 260 1595 425 1674; x_wconf 83' lang='lat'>[533]</span> <span class='ocrx_word' id='word_1_105' title='bbox 465 1602 653 1675; x_wconf 82' lang='lat' dir='ltr'><em>bone,</em></span> <span class='ocrx_word' id='word_1_106' title='bbox 719 1603 802 1659; x_wconf 90' lang='lat' dir='ltr'>ita</span> <span class='ocrx_word' id='word_1_107' title='bbox 846 1608 1060 1676; x_wconf 81' lang='lat' dir='ltr'>potens</span> <span class='ocrx_word' id='word_1_108' title='bbox 1111 1601 1325 1658; x_wconf 86' lang='lat' dir='ltr'>dicitur</span> <span class='ocrx_word' id='word_1_109' title='bbox 1374 1618 1449 1659; x_wconf 85' lang='lat' dir='ltr'>ex</span> <span class='ocrx_word' id='word_1_110' title='bbox 1490 1600 1982 1675; x_wconf 85' lang='lat' dir='ltr'>multiplicatione</span> <span class='ocrx_word' id='word_1_111' title='bbox 2036 1600 2204 1677; x_wconf 84' lang='lat' dir='ltr'><em>ejus;</em></span> <span class='ocrx_word' id='word_1_112' title='bbox 2249 1594 2528 1674; x_wconf 87' lang='lat' dir='ltr'>jucundum</span> 
     </span>
     <span class='ocr_line' id='line_1_14' title="bbox 378 1696 2525 1778; baseline -0.005 -18"><span class='ocrx_word' id='word_1_113' title='bbox 378 1718 401 1734; x_wconf 83' lang='lat'><strong>·</strong></span> <span class='ocrx_word' id='word_1_114' title='bbox 457 1702 721 1760; x_wconf 85' lang='lat' dir='ltr'><em>coeleste</em></span> <span class='ocrx_word' id='word_1_115' title='bbox 756 1701 893 1758; x_wconf 87' lang='lat' dir='ltr'><em>iude</em></span> <span class='ocrx_word' id='word_1_116' title='bbox 922 1700 1288 1775; x_wconf 81' lang='lat' dir='ltr'>significatur</span> <span class='ocrx_word' id='word_1_117' title='bbox 1322 1718 1434 1775; x_wconf 85' lang='lat' dir='ltr'>per</span> <span class='ocrx_word' id='word_1_118' title='bbox 1468 1700 1791 1758; x_wconf 81' lang='lat' dir='ltr'>laetabitur</span> <span class='ocrx_word' id='word_1_119' title='bbox 1827 1717 1931 1759; x_wconf 88' lang='lat' dir='ltr'>cor</span> <span class='ocrx_word' id='word_1_120' title='bbox 1966 1717 2179 1758; x_wconf 89' lang='lat' dir='ltr'><em>eorum</em></span> <span class='ocrx_word' id='word_1_121' title='bbox 2214 1697 2376 1778; x_wconf 85' lang='lat' dir='ltr'>quasi</span> <span class='ocrx_word' id='word_1_122' title='bbox 2407 1696 2525 1761; x_wconf 80' lang='lat' dir='ltr'>vino,</span> 
     </span>
     <span class='ocr_line' id='line_1_15' title="bbox 457 1788 2528 1875; baseline -0.002 -18"><span class='ocrx_word' id='word_1_123' title='bbox 457 1802 658 1857; x_wconf 79' lang='lat' dir='ltr'>vinum</span> <span class='ocrx_word' id='word_1_124' title='bbox 714 1805 805 1856; x_wconf 86' lang='lat' dir='ltr'><em>est</em></span> <span class='ocrx_word' id='word_1_125' title='bbox 852 1816 1057 1857; x_wconf 85' lang='lat' dir='ltr'><em>verum</em></span> <span class='ocrx_word' id='word_1_126' title='bbox 1108 1817 1183 1857; x_wconf 76' lang='lat' dir='ltr'><em>ex</em></span> <span class='ocrx_word' id='word_1_127' title='bbox 1231 1799 1419 1873; x_wconf 86' lang='lat' dir='ltr'>bono,</span> <span class='ocrx_word' id='word_1_128' title='bbox 1491 1817 1566 1858; x_wconf 82' lang='lat' dir='ltr'>ex</span> <span class='ocrx_word' id='word_1_129' title='bbox 1627 1817 1745 1875; x_wconf 86' lang='lat' dir='ltr'>quo</span> <span class='ocrx_word' id='word_1_130' title='bbox 1791 1798 2133 1875; x_wconf 88' lang='lat' dir='ltr'><strong>jucundum</strong></span> <span class='ocrx_word' id='word_1_131' title='bbox 2183 1795 2356 1856; x_wconf 85' lang='lat' dir='ltr'><em>illud:</em></span> <span class='ocrx_word' id='word_1_132' title='bbox 2404 1788 2528 1868; x_wconf 76' lang='lat' dir='ltr'>quod</span> 
     </span>
     <span class='ocr_line' id='line_1_16' title="bbox 457 1891 2527 1974; baseline -0.004 -16"><span class='ocrx_word' id='word_1_133' title='bbox 457 1900 645 1958; x_wconf 84' lang='lat' dir='ltr'>omnis</span> <span class='ocrx_word' id='word_1_134' title='bbox 681 1898 951 1974; x_wconf 85' lang='lat' dir='ltr'>potentia</span> <span class='ocrx_word' id='word_1_135' title='bbox 986 1901 1065 1955; x_wconf 79' lang='lat' dir='ltr'>sit</span> <span class='ocrx_word' id='word_1_136' title='bbox 1101 1901 1262 1956; x_wconf 84' lang='lat' dir='ltr'><em>veris</em></span> <span class='ocrx_word' id='word_1_137' title='bbox 1300 1916 1372 1957; x_wconf 86' lang='lat' dir='ltr'>ex</span> <span class='ocrx_word' id='word_1_138' title='bbox 1410 1900 1587 1971; x_wconf 78' lang='lat' dir='ltr'><strong>bonu,</strong></span> <span class='ocrx_word' id='word_1_139' title='bbox 1625 1900 1901 1957; x_wconf 84' lang='lat' dir='ltr'>videatur</span> <span class='ocrx_word' id='word_1_140' title='bbox 1935 1900 1993 1956; x_wconf 89' lang='lat' dir='ltr'>in</span> <span class='ocrx_word' id='word_1_141' title='bbox 2020 1897 2228 1974; x_wconf 86' lang='lat' dir='ltr'><em>Opere</em></span> <span class='ocrx_word' id='word_1_142' title='bbox 2265 1896 2335 1953; x_wconf 86' lang='lat' dir='ltr'>de</span> <span class='ocrx_word' id='word_1_143' title='bbox 2369 1891 2527 1952; x_wconf 72' lang='lat' dir='ltr'>Gonu&gt;</span> 
     </span>
     <span class='ocr_line' id='line_1_17' title="bbox 455 1989 2526 2075; baseline -0.005 -19"><span class='ocrx_word' id='word_1_144' title='bbox 455 1997 866 2065; x_wconf 68' lang='grc' dir='ltr'>ΕΤῚΝΕῈΒΝΟ,</span> <span class='ocrx_word' id='word_1_145' title='bbox 900 2015 970 2055; x_wconf 86' lang='lat' dir='ltr'>n:</span> <span class='ocrx_word' id='word_1_146' title='bbox 1017 2001 1157 2057; x_wconf 89' lang='grc'>228</span> <span class='ocrx_word' id='word_1_147' title='bbox 1192 1997 1267 2056; x_wconf 85' lang='lat' dir='ltr'>ad</span> <span class='ocrx_word' id='word_1_148' title='bbox 1301 2001 1474 2074; x_wconf 75' lang='lat'>2333</span> <span class='ocrx_word' id='word_1_149' title='bbox 1516 2006 1576 2057; x_wconf 88' lang='lat' dir='ltr'><em>et</em></span> <span class='ocrx_word' id='word_1_150' title='bbox 1606 2015 1845 2075; x_wconf 87' lang='lat' dir='ltr'><em>quoque</em></span> <span class='ocrx_word' id='word_1_151' title='bbox 1871 2015 2058 2074; x_wconf 86' lang='lat' dir='ltr'>supra</span> <span class='ocrx_word' id='word_1_152' title='bbox 2094 2017 2167 2056; x_wconf 90' lang='lat' dir='ltr'>n:</span> <span class='ocrx_word' id='word_1_153' title='bbox 2222 1997 2371 2056; x_wconf 92' lang='grc'><strong>209.</strong></span> <span class='ocrx_word' id='word_1_154' title='bbox 2401 1989 2526 2050; x_wconf 80' lang='lat'>333:</span> 
     </span>
     <span class='ocr_line' id='line_1_18' title="bbox 457 2087 2524 2174; baseline -0.006 -17"><span class='ocrx_word' id='word_1_155' title='bbox 457 2097 627 2174; x_wconf 90' lang='lat' dir='ltr'>quod·</span> <span class='ocrx_word' id='word_1_156' title='bbox 660 2096 943 2156; x_wconf 80' lang='lat' dir='ltr'>Jehudah</span> <span class='ocrx_word' id='word_1_157' title='bbox 991 2100 1051 2154; x_wconf 87' lang='lat' dir='ltr'>in</span> <span class='ocrx_word' id='word_1_158' title='bbox 1095 2097 1299 2155; x_wconf 87' lang='lat' dir='ltr'><em>Verbo</em></span> <span class='ocrx_word' id='word_1_159' title='bbox 1336 2098 1631 2174; x_wconf 79' lang='lat' dir='ltr'>significet</span> <span class='ocrx_word' id='word_1_160' title='bbox 1676 2098 1952 2173; x_wconf 88' lang='lat' dir='ltr'><em>Regnum</em></span> <span class='ocrx_word' id='word_1_161' title='bbox 1995 2096 2281 2157; x_wconf 86' lang='lat' dir='ltr'><em>Coeleste</em></span> <span class='ocrx_word' id='word_1_162' title='bbox 2313 2087 2524 2157; x_wconf 84' lang='lat' dir='ltr'>Domini,</span> 
     </span>
     <span class='ocr_line' id='line_1_19' title="bbox 455 2189 2529 2273; baseline -0.004 -16"><span class='ocrx_word' id='word_1_163' title='bbox 455 2200 516 2256; x_wconf 88' lang='lat' dir='ltr'>in</span> <span class='ocrx_word' id='word_1_164' title='bbox 551 2198 823 2257; x_wconf 71' lang='lat' dir='ltr'><em>AncAle</em></span> <span class='ocrx_word' id='word_1_165' title='bbox 862 2195 1310 2270; x_wconf 66' lang='lat' dir='ltr'>Colzms&#39;rmw,</span> <span class='ocrx_word' id='word_1_166' title='bbox 1349 2216 1417 2254; x_wconf 81' lang='lat' dir='ltr'>n:</span> <span class='ocrx_word' id='word_1_167' title='bbox 1477 2199 1689 2257; x_wconf 86' lang='grc'><strong>3881.</strong></span> <span class='ocrx_word' id='word_1_168' title='bbox 1734 2199 1958 2272; x_wconf 87' lang='grc'><strong>6363,</strong></span> <span class='ocrx_word' id='word_1_169' title='bbox 1945 2217 1957 2231; x_wconf 90' lang='grc'><em>·</em></span> <span class='ocrx_word' id='word_1_170' title='bbox 2015 2203 2078 2255; x_wconf 89' lang='lat' dir='ltr'><em>et</em></span> <span class='ocrx_word' id='word_1_171' title='bbox 2109 2197 2269 2273; x_wconf 86' lang='lat' dir='ltr'>quod</span> <span class='ocrx_word' id='word_1_172' title='bbox 2294 2189 2529 2269; x_wconf 80' lang='lat' dir='ltr'>Ephraim</span> 
     </span>
     <span class='ocr_line' id='line_1_20' title="bbox 454 2274 2523 2368; baseline -0.005 -11"><span class='ocrx_word' id='word_1_173' title='bbox 454 2297 861 2357; x_wconf 88' lang='lat' dir='ltr'><em>intellectuale</em></span> <span class='ocrx_word' id='word_1_174' title='bbox 897 2295 1226 2368; x_wconf 84' lang='lat' dir='ltr'><em>Ecclesiae,</em></span> <span class='ocrx_word' id='word_1_175' title='bbox 1260 2315 1328 2354; x_wconf 90' lang='lat' dir='ltr'>n:</span> <span class='ocrx_word' id='word_1_176' title='bbox 1375 2299 1586 2356; x_wconf 83' lang='lat'><strong>3969.</strong></span> <span class='ocrx_word' id='word_1_177' title='bbox 1621 2298 1830 2356; x_wconf 85' lang='lat'>5354.</span> <span class='ocrx_word' id='word_1_178' title='bbox 1870 2274 2082 2356; x_wconf 88' lang='grc'><strong>6222.</strong></span> <span class='ocrx_word' id='word_1_179' title='bbox 2117 2298 2327 2355; x_wconf 90' lang='grc'><strong>6234.</strong></span> <span class='ocrx_word' id='word_1_180' title='bbox 2359 2287 2523 2350; x_wconf 86' lang='grc'><strong>6238.</strong></span> 
     </span>
     <span class='ocr_line' id='line_1_21' title="bbox 462 2383 2524 2472; baseline -0.007 -15"><span class='ocrx_word' id='word_1_181' title='bbox 462 2400 674 2457; x_wconf 87' lang='grc'><strong>6267.</strong></span> <span class='ocrx_word' id='word_1_182' title='bbox 721 2398 929 2457; x_wconf 87' lang='grc'><strong>6296.</strong></span> <span class='ocrx_word' id='word_1_183' title='bbox 1021 2396 1202 2471; x_wconf 88' lang='lat' dir='ltr'>Apud</span> <span class='ocrx_word' id='word_1_184' title='bbox 1236 2397 1552 2455; x_wconf 84' lang='lat' dir='ltr'><em>Danielem</em></span> <span class='ocrx_word' id='word_1_185' title='bbox 1614 2394 2060 2472; x_wconf 72' lang='lat' dir='ltr'><em>„Beleclzazar</em></span> <span class='ocrx_word' id='word_1_186' title='bbox 2093 2397 2247 2458; x_wconf 74' lang='lat' dir='ltr'><em>Rex</em></span> <span class='ocrx_word' id='word_1_187' title='bbox 2283 2383 2524 2458; x_wconf 72' lang='lat' dir='ltr'>Bahelis,</span> 
     </span>
     <span class='ocr_line' id='line_1_22' title="bbox 452 2487 2523 2578; baseline -0.002 -23"><span class='ocrx_word' id='word_1_188' title='bbox 452 2503 512 2556; x_wconf 79' lang='lat' dir='ltr'>et</span> <span class='ocrx_word' id='word_1_189' title='bbox 550 2501 880 2576; x_wconf 71' lang='lat' dir='ltr'><em>maynates</em></span> <span class='ocrx_word' id='word_1_190' title='bbox 927 2494 1091 2576; x_wconf 65' lang='lat' dir='ltr'><em>ejm,</em></span> <span class='ocrx_word' id='word_1_191' title='bbox 1146 2502 1205 2555; x_wconf 79' lang='lat' dir='ltr'><em>et</em></span> <span class='ocrx_word' id='word_1_192' title='bbox 1245 2513 1478 2556; x_wconf 62' lang='lat' dir='ltr'><em>umores</em></span> <span class='ocrx_word' id='word_1_193' title='bbox 1517 2496 1681 2578; x_wconf 66' lang='lat' dir='ltr'><em>ejuS,</em></span> <span class='ocrx_word' id='word_1_194' title='bbox 1756 2504 1817 2557; x_wconf 76' lang='lat' dir='ltr'>et</span> <span class='ocrx_word' id='word_1_195' title='bbox 1855 2495 2120 2575; x_wconf 68' lang='lat' dir='ltr'><em>pellices</em></span> <span class='ocrx_word' id='word_1_196' title='bbox 2167 2496 2333 2577; x_wconf 68' lang='lat' dir='ltr'><em>eius,</em></span> <span class='ocrx_word' id='word_1_197' title='bbox 2397 2487 2523 2550; x_wconf 79' lang='lat' dir='ltr'><em>bibe-</em></span> 
     </span>
     <span class='ocr_line' id='line_1_23' title="bbox 452 2585 2526 2676; baseline -0.004 -19"><span class='ocrx_word' id='word_1_198' title='bbox 452 2602 605 2657; x_wconf 76' lang='lat' dir='ltr'>runt</span> <span class='ocrx_word' id='word_1_199' title='bbox 643 2614 861 2657; x_wconf 67' lang='lat' dir='ltr'>omum</span> <span class='ocrx_word' id='word_1_200' title='bbox 912 2613 991 2654; x_wconf 76' lang='lat' dir='ltr'><em>eoe</em></span> <span class='ocrx_word' id='word_1_201' title='bbox 1031 2596 1210 2655; x_wconf 71' lang='lat' dir='ltr'>vasio</span> <span class='ocrx_word' id='word_1_202' title='bbox 1264 2593 1516 2673; x_wconf 78' lang='lat' dir='ltr'><em>Templi</em></span> <span class='ocrx_word' id='word_1_203' title='bbox 1557 2594 2179 2676; x_wconf 57' lang='lat' dir='ltr'>Hiero-solymitani,</span> <span class='ocrx_word' id='word_1_204' title='bbox 2235 2599 2293 2654; x_wconf 76' lang='lat' dir='ltr'><em>et</em></span> <span class='ocrx_word' id='word_1_205' title='bbox 2332 2585 2526 2651; x_wconf 67' lang='lat' dir='ltr'><em>lauda-</em></span> 
     </span>
     <span class='ocr_line' id='line_1_24' title="bbox 452 2685 2525 2781; baseline -0.004 -27"><span class='ocrx_word' id='word_1_206' title='bbox 452 2699 603 2755; x_wconf 71' lang='lat' dir='ltr'>runt</span> <span class='ocrx_word' id='word_1_207' title='bbox 631 2693 779 2754; x_wconf 74' lang='lat' dir='ltr'><em>deos</em></span> <span class='ocrx_word' id='word_1_208' title='bbox 810 2685 1029 2781; x_wconf 76' lang='lat' dir='ltr'>[auri,]</span> <span class='ocrx_word' id='word_1_209' title='bbox 1060 2694 1330 2774; x_wconf 70' lang='lat' dir='ltr'>arqenti,</span> <span class='ocrx_word' id='word_1_210' title='bbox 1372 2696 1565 2770; x_wconf 62' lang='lat' dir='ltr'>aeria,</span> <span class='ocrx_word' id='word_1_211' title='bbox 1590 2696 1780 2775; x_wconf 75' lang='lat' dir='ltr'><em>ferri,</em></span> <span class='ocrx_word' id='word_1_212' title='bbox 1821 2694 1989 2775; x_wconf 66' lang='lat' dir='ltr'>liqna</span> <span class='ocrx_word' id='word_1_213' title='bbox 2019 2702 2078 2755; x_wconf 77' lang='lat' dir='ltr'>et</span> <span class='ocrx_word' id='word_1_214' title='bbox 2105 2692 2384 2774; x_wconf 72' lang='lat' dir='ltr'>lapidis.-</span> <span class='ocrx_word' id='word_1_215' title='bbox 2416 2685 2525 2747; x_wconf 76' lang='lat' dir='ltr'><em>ideo</em></span> 
     </span>
     <span class='ocr_line' id='line_1_25' title="bbox 453 2782 2523 2874; baseline -0.005 -20"><span class='ocrx_word' id='word_1_216' title='bbox 453 2792 765 2871; x_wconf 69' lang='lat' dir='ltr'>scriptum</span> <span class='ocrx_word' id='word_1_217' title='bbox 802 2799 898 2852; x_wconf 71' lang='lat' dir='ltr'><em>est</em></span> <span class='ocrx_word' id='word_1_218' title='bbox 935 2793 1005 2853; x_wconf 77' lang='lat' dir='ltr'>in</span> <span class='ocrx_word' id='word_1_219' title='bbox 1027 2795 1307 2871; x_wconf 76' lang='lat' dir='ltr'><em>pariete,</em></span> <span class='ocrx_word' id='word_1_220' title='bbox 1351 2793 1779 2869; x_wconf 75' lang='lat' dir='ltr'><em>Numeratue,</em></span> <span class='ocrx_word' id='word_1_221' title='bbox 1831 2797 2175 2874; x_wconf 72' lang='lat' dir='ltr'><em>Appensus</em></span> <span class='ocrx_word' id='word_1_222' title='bbox 2187 2840 2207 2870; x_wconf 90' lang='lat'><strong>,</strong></span> <span class='ocrx_word' id='word_1_223' title='bbox 2258 2799 2315 2853; x_wconf 81' lang='lat' dir='ltr'><em>et</em></span> <span class='ocrx_word' id='word_1_224' title='bbox 2357 2782 2523 2850; x_wconf 79' lang='lat' dir='ltr'><em>Divi-</em></span> 
     </span>
     <span class='ocr_line' id='line_1_26' title="bbox 453 2888 2526 2973; baseline -0.001 -22"><span class='ocrx_word' id='word_1_225' title='bbox 453 2911 607 2962; x_wconf 75' lang='lat' dir='ltr'><em>eu8;</em></span> <span class='ocrx_word' id='word_1_226' title='bbox 659 2897 718 2949; x_wconf 77' lang='lat' dir='ltr'><em>et</em></span> <span class='ocrx_word' id='word_1_227' title='bbox 756 2888 868 2950; x_wconf 82' lang='lat' dir='ltr'><em>ille</em></span> <span class='ocrx_word' id='word_1_228' title='bbox 916 2891 1062 2952; x_wconf 74' lang='lat' dir='ltr'><em>dein</em></span> <span class='ocrx_word' id='word_1_229' title='bbox 1112 2913 1155 2953; x_wconf 83' lang='lat' dir='ltr'>a</span> <span class='ocrx_word' id='word_1_230' title='bbox 1198 2891 1371 2973; x_wconf 69' lang='lat' dir='ltr'><em>filiis</em></span> <span class='ocrx_word' id='word_1_231' title='bbox 1421 2893 1699 2953; x_wconf 70' lang='grc' dir='ltr'>Ιιοηιίηἰε</span> <span class='ocrx_word' id='word_1_232' title='bbox 1755 2893 2065 2972; x_wconf 69' lang='lat' dir='ltr'><em>expulsus</em></span> <span class='ocrx_word' id='word_1_233' title='bbox 2115 2899 2252 2968; x_wconf 69' lang='lat' dir='ltr'><em>eet,</em></span> <span class='ocrx_word' id='word_1_234' title='bbox 2328 2895 2526 2950; x_wconf 75' lang='lat' dir='ltr'><em>etcum</em></span> 
     </span>
     <span class='ocr_line' id='line_1_27' title="bbox 454 2984 2523 3074; baseline -0.003 -23"><span class='ocrx_word' id='word_1_235' title='bbox 454 2991 720 3071; x_wconf 63' lang='lat' dir='ltr'>onagris</span> <span class='ocrx_word' id='word_1_236' title='bbox 774 2989 1084 3051; x_wconf 75' lang='lat' dir='ltr'>habitatio</span> <span class='ocrx_word' id='word_1_237' title='bbox 1136 2993 1317 3074; x_wconf 73' lang='lat' dir='ltr'><em>eju8“</em></span> <span class='ocrx_word' id='word_1_238' title='bbox 1372 2995 1461 3053; x_wconf 88' lang='lat' dir='ltr'>V:</span> <span class='ocrx_word' id='word_1_239' title='bbox 1515 2998 1572 3051; x_wconf 91' lang='grc'>2.</span> <span class='ocrx_word' id='word_1_240' title='bbox 1635 2995 1694 3052; x_wconf 90' lang='grc'>3.</span> <span class='ocrx_word' id='word_1_241' title='bbox 1753 2998 1812 3051; x_wconf 89' lang='grc'><strong>4.</strong></span> <span class='ocrx_word' id='word_1_242' title='bbox 1862 2998 1919 3053; x_wconf 90' lang='grc'><strong>5.</strong></span> <span class='ocrx_word' id='word_1_243' title='bbox 1977 2998 2099 3068; x_wconf 83' lang='lat'>213</span> <span class='ocrx_word' id='word_1_244' title='bbox 2152 3011 2267 3068; x_wconf 89' lang='lat' dir='ltr'>per</span> <span class='ocrx_word' id='word_1_245' title='bbox 2312 2991 2447 3049; x_wconf 86' lang='lat' dir='ltr'><em>haec</em></span> <span class='ocrx_word' id='word_1_246' title='bbox 2479 2984 2523 3039; x_wconf 83' lang='lat' dir='ltr'>in</span> 
     </span>
     <span class='ocr_line' id='line_1_28' title="bbox 453 3089 2521 3169; baseline -0.003 -19"><span class='ocrx_word' id='word_1_247' title='bbox 453 3108 633 3150; x_wconf 79' lang='lat' dir='ltr'><em>sensu</em></span> <span class='ocrx_word' id='word_1_248' title='bbox 660 3092 891 3147; x_wconf 86' lang='lat' dir='ltr'>interno</span> <span class='ocrx_word' id='word_1_249' title='bbox 922 3090 1277 3150; x_wconf 85' lang='lat' dir='ltr'>describitur</span> <span class='ocrx_word' id='word_1_250' title='bbox 1311 3093 1708 3169; x_wconf 84' lang='lat' dir='ltr'>prophanatio</span> <span class='ocrx_word' id='word_1_251' title='bbox 1745 3093 1884 3151; x_wconf 89' lang='lat' dir='ltr'>boni</span> <span class='ocrx_word' id='word_1_252' title='bbox 1921 3100 1982 3150; x_wconf 88' lang='lat' dir='ltr'><em>et</em></span> <span class='ocrx_word' id='word_1_253' title='bbox 2019 3095 2162 3165; x_wconf 88' lang='lat' dir='ltr'><em>veri,</em></span> <span class='ocrx_word' id='word_1_254' title='bbox 2207 3107 2358 3168; x_wconf 84' lang='lat' dir='ltr'><em>quae</em></span> <span class='ocrx_word' id='word_1_255' title='bbox 2384 3089 2521 3148; x_wconf 75' lang='lat' dir='ltr'>etiam</span> 
     </span>
     <span class='ocr_line' id='line_1_29' title="bbox 455 3183 2521 3268; baseline -0.001 -21"><span class='ocrx_word' id='word_1_256' title='bbox 455 3196 548 3248; x_wconf 81' lang='lat' dir='ltr'><em>est</em></span> <span class='ocrx_word' id='word_1_257' title='bbox 604 3189 795 3246; x_wconf 88' lang='lat' dir='ltr'><em>Babel</em></span> <span class='ocrx_word' id='word_1_258' title='bbox 849 3205 960 3246; x_wconf 84' lang='lat' dir='ltr'><em>seu</em></span> <span class='ocrx_word' id='word_1_259' title='bbox 1008 3189 1371 3267; x_wconf 87' lang='lat' dir='ltr'>Babylonia,</span> <span class='ocrx_word' id='word_1_260' title='bbox 1428 3210 1566 3251; x_wconf 85' lang='lat' dir='ltr'>nam</span> <span class='ocrx_word' id='word_1_261' title='bbox 1616 3210 1727 3268; x_wconf 88' lang='lat' dir='ltr'>per</span> <span class='ocrx_word' id='word_1_262' title='bbox 1777 3192 1983 3250; x_wconf 90' lang='lat' dir='ltr'><em>bibere</em></span> <span class='ocrx_word' id='word_1_263' title='bbox 2029 3194 2237 3250; x_wconf 90' lang='lat' dir='ltr'>vinum</span> <span class='ocrx_word' id='word_1_264' title='bbox 2285 3208 2355 3249; x_wconf 82' lang='lat' dir='ltr'><em>ex</em></span> <span class='ocrx_word' id='word_1_265' title='bbox 2392 3183 2521 3246; x_wconf 71' lang='lat' dir='ltr'>vasis</span> 
     </span>
     <span class='ocr_line' id='line_1_30' title="bbox 456 3284 2521 3367; baseline -0.003 -19"><span class='ocrx_word' id='word_1_266' title='bbox 456 3290 693 3365; x_wconf 87' lang='lat' dir='ltr'><em>Templi</em></span> <span class='ocrx_word' id='word_1_267' title='bbox 736 3288 1292 3365; x_wconf 83' lang='lat' dir='ltr'>Hierosolymitani,</span> <span class='ocrx_word' id='word_1_268' title='bbox 1350 3292 1720 3367; x_wconf 84' lang='lat' dir='ltr'>significatur</span> <span class='ocrx_word' id='word_1_269' title='bbox 1768 3290 2006 3349; x_wconf 86' lang='lat' dir='ltr'>haurire</span> <span class='ocrx_word' id='word_1_270' title='bbox 2060 3307 2210 3348; x_wconf 87' lang='lat' dir='ltr'>vera</span> <span class='ocrx_word' id='word_1_271' title='bbox 2259 3284 2521 3349; x_wconf 77' lang='lat' dir='ltr'><em>Ecclesiae</em></span> 
     </span>
     <span class='ocr_line' id='line_1_31' title="bbox 452 3386 2515 3462; baseline -0.002 -15"><span class='ocrx_word' id='word_1_272' title='bbox 452 3406 526 3447; x_wconf 83' lang='lat' dir='ltr'><em>ex</em></span> <span class='ocrx_word' id='word_1_273' title='bbox 562 3389 796 3461; x_wconf 67' lang='lat' dir='ltr'>VertbO,</span> <span class='ocrx_word' id='word_1_274' title='bbox 836 3387 1040 3446; x_wconf 88' lang='lat' dir='ltr'><em>bibere</em></span> <span class='ocrx_word' id='word_1_275' title='bbox 1080 3392 1232 3447; x_wconf 88' lang='lat' dir='ltr'><em>enim</em></span> <span class='ocrx_word' id='word_1_276' title='bbox 1263 3391 1463 3452; x_wconf 85' lang='lat' dir='ltr'>vinum</span> <span class='ocrx_word' id='word_1_277' title='bbox 1502 3399 1594 3449; x_wconf 81' lang='lat' dir='ltr'><em>est</em></span> <span class='ocrx_word' id='word_1_278' title='bbox 1626 3391 1867 3449; x_wconf 86' lang='lat' dir='ltr'>haurire</span> <span class='ocrx_word' id='word_1_279' title='bbox 1904 3408 2066 3462; x_wconf 83' lang='lat' dir='ltr'>vera,</span> <span class='ocrx_word' id='word_1_280' title='bbox 2107 3397 2168 3447; x_wconf 89' lang='lat' dir='ltr'><em>et</em></span> <span class='ocrx_word' id='word_1_281' title='bbox 2204 3406 2350 3449; x_wconf 84' lang='lat' dir='ltr'>vasa</span> <span class='ocrx_word' id='word_1_282' title='bbox 2373 3386 2515 3446; x_wconf 87' lang='lat' dir='ltr'><em>Tem·</em></span> 
     </span>
     <span class='ocr_line' id='line_1_32' title="bbox 448 3484 2517 3565; baseline -0.003 -18"><span class='ocrx_word' id='word_1_283' title='bbox 448 3489 535 3565; x_wconf 90' lang='lat' dir='ltr'>pli</span> <span class='ocrx_word' id='word_1_284' title='bbox 579 3486 1105 3564; x_wconf 83' lang='lat' dir='ltr'>Hierosolymitani</span> <span class='ocrx_word' id='word_1_285' title='bbox 1154 3496 1293 3546; x_wconf 86' lang='lat' dir='ltr'>sunt</span> <span class='ocrx_word' id='word_1_286' title='bbox 1338 3489 1445 3546; x_wconf 86' lang='lat' dir='ltr'>illa</span> <span class='ocrx_word' id='word_1_287' title='bbox 1489 3507 1642 3565; x_wconf 88' lang='lat' dir='ltr'><em>quae</em></span> <span class='ocrx_word' id='word_1_288' title='bbox 1692 3498 1831 3548; x_wconf 85' lang='lat' dir='ltr'>sunt</span> <span class='ocrx_word' id='word_1_289' title='bbox 1891 3490 2194 3548; x_wconf 86' lang='lat' dir='ltr'>doctrinae</span> <span class='ocrx_word' id='word_1_290' title='bbox 2250 3484 2517 3548; x_wconf 73' lang='lat' dir='ltr'><em>Ecclesiae</em></span> 
     </span>
     <span class='ocr_line' id='line_1_33' title="bbox 452 3577 2520 3665; baseline -0.003 -17"><span class='ocrx_word' id='word_1_291' title='bbox 452 3607 527 3648; x_wconf 86' lang='lat' dir='ltr'><em>ex</em></span> <span class='ocrx_word' id='word_1_292' title='bbox 564 3588 795 3663; x_wconf 81' lang='lat' dir='ltr'><em>Verb03</em></span> <span class='ocrx_word' id='word_1_293' title='bbox 852 3604 921 3645; x_wconf 88' lang='lat' dir='ltr'>ac</span> <span class='ocrx_word' id='word_1_294' title='bbox 957 3586 1205 3644; x_wconf 87' lang='lat' dir='ltr'>laudare</span> <span class='ocrx_word' id='word_1_295' title='bbox 1242 3588 1387 3646; x_wconf 87' lang='lat' dir='ltr'><em>deos</em></span> <span class='ocrx_word' id='word_1_296' title='bbox 1427 3591 1582 3659; x_wconf 86' lang='lat' dir='ltr'>auri,</span> <span class='ocrx_word' id='word_1_297' title='bbox 1640 3591 1894 3665; x_wconf 85' lang='lat' dir='ltr'>argenti,</span> <span class='ocrx_word' id='word_1_298' title='bbox 1948 3590 2138 3661; x_wconf 86' lang='lat' dir='ltr'>aeris,</span> <span class='ocrx_word' id='word_1_299' title='bbox 2193 3588 2363 3657; x_wconf 85' lang='lat' dir='ltr'>ferri,</span> <span class='ocrx_word' id='word_1_300' title='bbox 2408 3577 2520 3656; x_wconf 85' lang='lat' dir='ltr'>ligni</span> 
     </span>
     <span class='ocr_line' id='line_1_34' title="bbox 452 3680 2515 3765; baseline -0.005 -18"><span class='ocrx_word' id='word_1_301' title='bbox 452 3694 515 3747; x_wconf 88' lang='lat' dir='ltr'><em>et</em></span> <span class='ocrx_word' id='word_1_302' title='bbox 556 3687 804 3764; x_wconf 87' lang='lat' dir='ltr'>lapidis,</span> <span class='ocrx_word' id='word_1_303' title='bbox 860 3685 1155 3763; x_wconf 84' lang='lat' dir='ltr'>significat</span> <span class='ocrx_word' id='word_1_304' title='bbox 1190 3686 1414 3745; x_wconf 86' lang='lat' dir='ltr'><em>cultum</em></span> <span class='ocrx_word' id='word_1_305' title='bbox 1442 3704 1517 3745; x_wconf 84' lang='lat' dir='ltr'><em>ex</em></span> <span class='ocrx_word' id='word_1_306' title='bbox 1554 3705 1755 3746; x_wconf 85' lang='lat' dir='ltr'>amore</span> <span class='ocrx_word' id='word_1_307' title='bbox 1793 3690 1886 3747; x_wconf 82' lang='lat' dir='ltr'>sui</span> <span class='ocrx_word' id='word_1_308' title='bbox 1924 3695 1982 3747; x_wconf 91' lang='lat' dir='ltr'><em>et</em></span> <span class='ocrx_word' id='word_1_309' title='bbox 2016 3686 2250 3760; x_wconf 90' lang='lat' dir='ltr'>mundi,</span> <span class='ocrx_word' id='word_1_310' title='bbox 2286 3705 2389 3765; x_wconf 87' lang='lat' dir='ltr'>per</span> <span class='ocrx_word' id='word_1_311' title='bbox 2412 3680 2515 3741; x_wconf 83' lang='lat' dir='ltr'><em>illos</em></span> 
     </span>
     <span class='ocr_line' id='line_1_35' title="bbox 454 3780 2519 3862; baseline -0.001 -17"><span class='ocrx_word' id='word_1_312' title='bbox 454 3788 610 3845; x_wconf 84' lang='lat' dir='ltr'><em>enim</em></span> <span class='ocrx_word' id='word_1_313' title='bbox 646 3787 791 3846; x_wconf 86' lang='lat' dir='ltr'><em>deos</em></span> <span class='ocrx_word' id='word_1_314' title='bbox 829 3786 1195 3862; x_wconf 86' lang='lat' dir='ltr'>significatur</span> <span class='ocrx_word' id='word_1_315' title='bbox 1242 3786 1440 3844; x_wconf 85' lang='lat' dir='ltr'>cultus</span> <span class='ocrx_word' id='word_1_316' title='bbox 1486 3787 1894 3846; x_wconf 83' lang='lat' dir='ltr'>idololatricus</span> <span class='ocrx_word' id='word_1_317' title='bbox 1946 3788 2133 3845; x_wconf 82' lang='lat' dir='ltr'>omnis</span> <span class='ocrx_word' id='word_1_318' title='bbox 2182 3789 2432 3862; x_wconf 59' lang='lat' dir='ltr'><em>generisi,</em></span> <span class='ocrx_word' id='word_1_319' title='bbox 2476 3780 2519 3833; x_wconf 77' lang='grc' dir='ltr'>θῐ</span> 
     </span>
     <span class='ocr_line' id='line_1_36' title="bbox 450 3883 2515 3962; baseline -0.002 -22"><span class='ocrx_word' id='word_1_320' title='bbox 450 3883 844 3961; x_wconf 86' lang='lat' dir='ltr'>prophanatio</span> <span class='ocrx_word' id='word_1_321' title='bbox 858 3905 875 3960; x_wconf 80' lang='lat'><em>3</em></span> <span class='ocrx_word' id='word_1_322' title='bbox 931 3884 1090 3960; x_wconf 87' lang='lat' dir='ltr'>quod</span> <span class='ocrx_word' id='word_1_323' title='bbox 1121 3885 1257 3943; x_wconf 91' lang='lat' dir='ltr'><em>ideo</em></span> <span class='ocrx_word' id='word_1_324' title='bbox 1309 3888 1595 3962; x_wconf 85' lang='lat' dir='ltr'>scriptum</span> <span class='ocrx_word' id='word_1_325' title='bbox 1642 3888 1722 3944; x_wconf 80' lang='lat' dir='ltr'>sit</span> <span class='ocrx_word' id='word_1_326' title='bbox 1769 3888 1830 3944; x_wconf 89' lang='lat' dir='ltr'>in</span> <span class='ocrx_word' id='word_1_327' title='bbox 1876 3888 2142 3961; x_wconf 88' lang='lat' dir='ltr'>pariete,</span> <span class='ocrx_word' id='word_1_328' title='bbox 2197 3887 2515 3945; x_wconf 49' lang='lat' dir='ltr'>numeratu&amp;</span> 
     </span>
     <span class='ocr_line' id='line_1_37' title="bbox 453 3971 2519 4062; baseline 0 -22"><span class='ocrx_word' id='word_1_329' title='bbox 453 3999 793 4057; x_wconf 77' lang='lat' dir='ltr'>appensus,</span> <span class='ocrx_word' id='word_1_330' title='bbox 850 3983 1110 4051; x_wconf 75' lang='lat' dir='ltr'>divisae,</span> <span class='ocrx_word' id='word_1_331' title='bbox 1157 3985 1452 4061; x_wconf 80' lang='lat' dir='ltr'>significat</span> <span class='ocrx_word' id='word_1_332' title='bbox 1493 3987 1935 4062; x_wconf 83' lang='lat' dir='ltr'>separationem</span> <span class='ocrx_word' id='word_1_333' title='bbox 1972 3984 2045 4042; x_wconf 87' lang='lat' dir='ltr'>ab</span> <span class='ocrx_word' id='word_1_334' title='bbox 2084 3986 2353 4044; x_wconf 88' lang='lat' dir='ltr'>omnibus</span> <span class='ocrx_word' id='word_1_335' title='bbox 2388 3971 2519 4041; x_wconf 70' lang='lat' dir='ltr'>Coeli</span> 
     </span>
     <span class='ocr_line' id='line_1_38' title="bbox 455 4077 2519 4159; baseline 0 -19"><span class='ocrx_word' id='word_1_336' title='bbox 455 4087 515 4140; x_wconf 86' lang='lat' dir='ltr'><em>et</em></span> <span class='ocrx_word' id='word_1_337' title='bbox 550 4080 856 4140; x_wconf 81' lang='lat' dir='ltr'><em>Ecclesiae</em></span> <span class='ocrx_word' id='word_1_338' title='bbox 870 4102 886 4156; x_wconf 85' lang='lat'><em>3</em></span> <span class='ocrx_word' id='word_1_339' title='bbox 945 4083 1101 4157; x_wconf 89' lang='lat' dir='ltr'>quod</span> <span class='ocrx_word' id='word_1_340' title='bbox 1140 4083 1240 4143; x_wconf 91' lang='lat' dir='ltr'><em>ille</em></span> <span class='ocrx_word' id='word_1_341' title='bbox 1290 4084 1425 4143; x_wconf 84' lang='lat' dir='ltr'><em>dein</em></span> <span class='ocrx_word' id='word_1_342' title='bbox 1469 4102 1507 4143; x_wconf 89' lang='lat' dir='ltr'>a</span> <span class='ocrx_word' id='word_1_343' title='bbox 1539 4085 1674 4144; x_wconf 83' lang='lat' dir='ltr'>filiis</span> <span class='ocrx_word' id='word_1_344' title='bbox 1721 4084 1974 4143; x_wconf 84' lang='lat' dir='ltr'>hominis</span> <span class='ocrx_word' id='word_1_345' title='bbox 2014 4087 2302 4159; x_wconf 84' lang='lat' dir='ltr'><em>expulsus</em></span> <span class='ocrx_word' id='word_1_346' title='bbox 2335 4087 2432 4149; x_wconf 81' lang='lat' dir='ltr'>sit,</span> <span class='ocrx_word' id='word_1_347' title='bbox 2474 4077 2519 4130; x_wconf 72' lang='lat'>6²</span> 
     </span>
     <span class='ocr_line' id='line_1_39' title="bbox 454 4165 2519 4261; baseline -0 -21"><span class='ocrx_word' id='word_1_348' title='bbox 454 4196 587 4240; x_wconf 89' lang='lat' dir='ltr'>cum</span> <span class='ocrx_word' id='word_1_349' title='bbox 626 4182 861 4254; x_wconf 84' lang='lat' dir='ltr'>onagris</span> <span class='ocrx_word' id='word_1_350' title='bbox 897 4180 1184 4240; x_wconf 87' lang='lat' dir='ltr'>habitatio</span> <span class='ocrx_word' id='word_1_351' title='bbox 1226 4184 1374 4260; x_wconf 80' lang='lat' dir='ltr'><em>ejus,</em></span> <span class='ocrx_word' id='word_1_352' title='bbox 1418 4184 1712 4261; x_wconf 87' lang='lat' dir='ltr'>significat</span> <span class='ocrx_word' id='word_1_353' title='bbox 1748 4183 1912 4261; x_wconf 89' lang='lat' dir='ltr'>quod</span> <span class='ocrx_word' id='word_1_354' title='bbox 1949 4192 2264 4259; x_wconf 82' lang='lat' dir='ltr'>separatus</span> <span class='ocrx_word' id='word_1_355' title='bbox 2295 4184 2364 4242; x_wconf 87' lang='lat' dir='ltr'>ab</span> <span class='ocrx_word' id='word_1_356' title='bbox 2397 4165 2519 4239; x_wconf 71' lang='lat' dir='ltr'>omni</span> 
     </span>
    </p>
   </div>
  </div>
 </body>
</html>
