2791 4778
357 505 451 562 sia
497 502 637 572 fuit,
691 497 956 557 fundatio
1005 495 1208 555 mundi
1256 501 1350 553 est
1410 496 1768 555 instauratio
1820 496 2134 555 Ecclesiae
2147 518 2164 572 3
2236 515 2274 555 a
2332 515 2486 557 sau-

356 603 536 680 guine
573 597 782 659 Abelis
831 615 1025 674 usque
1071 596 1148 655 ad
1191 598 1546 672 sanguinem
1595 596 1929 656 Zachariae
1981 598 2283 656 interfecti
2328 600 2491 657 inter

356 702 568 762 Altare
605 709 666 760 et
703 698 1053 775 Templum,
1100 696 1398 773 significat
1433 695 1931 755 adulterationem
1968 700 2155 756 omnis
2192 697 2372 772 boni,
2434 706 2495 757 et

354 802 494 862 inde
532 801 986 861 exstinctionem
1027 797 1224 858 cultus
1275 797 1544 871 Domini,
1602 801 1847 873 sanguis
1902 797 2113 857 Abelis
2160 815 2363 873 usque
2414 798 2492 856 ad

356 903 713 964 Zachariam
750 908 844 960 est
880 900 1235 958 adulteratio
1289 900 1480 957 omnis
1527 897 1698 967 boni,
1762 899 2015 957 interfici
2067 901 2225 957 inter
2274 899 2491 957 Altare

360 1010 420 1063 et
462 1004 779 1081 Templum
827 1008 920 1059 est
965 1001 1344 1075 exstinguere
1399 1015 1569 1056 omne
1608 996 1827 1057 bonum
1870 1005 1932 1057 et
1967 1016 2141 1058 omne
2177 1016 2399 1057 verum
2435 1002 2494 1057 in
2698 1001 2703 1084 s]

359 1105 558 1178 cultu,
615 1104 803 1160 altare
856 1102 1010 1158 enim
1060 1099 1356 1175 significat
1414 1098 1638 1159 cultum
1698 1116 1772 1157 ex
1819 1099 2010 1174 bono,
2078 1107 2139 1157 et
2192 1100 2490 1175 templum

358 1205 583 1265 cultum
616 1221 689 1262 ex
727 1218 902 1274 vero,
960 1209 1026 1259 ut
1063 1216 1248 1276 supra
1285 1216 1523 1276 quoque
1560 1200 1783 1258 dictum
1812 1205 1930 1270 est,
1968 1202 2125 1258 inter
2161 1207 2486 1277 utrumque

359 1312 453 1364 est
499 1303 602 1364 ubi
656 1303 1021 1379 conjunctio,
1103 1307 1164 1359 et
1210 1299 1313 1358 ubi
1365 1317 1482 1358 non
1538 1302 1877 1377 conjunctio
1938 1300 2019 1358 ibi
2083 1317 2202 1358 non
2264 1300 2495 1359 bonum

279 1437 282 1440 ·
355 1421 469 1463 nec
507 1420 747 1478 verum3
804 1402 994 1460 altare
1044 1406 1175 1458 erat
1218 1407 1388 1458 extra
1442 1400 1787 1460 Tentorium
1827 1406 2157 1459 conventus
2209 1408 2274 1460 et
2319 1408 2499 1459 extra

361 1503 711 1582 Templum,
800 1502 960 1579 quod
1020 1504 1227 1578 itaque
1281 1500 1464 1559 fiebat
1523 1503 1676 1559 inter
1727 1509 2044 1578 utrumque
2106 1500 2501 1577 significabat

360 1605 955 1664 communicationem
1025 1609 1084 1659 et
1154 1602 1661 1678 conjunctionem,
1741 1600 2016 1659 videatur
2081 1603 2142 1659 in
2203 1602 2500 1662 Ancams

359 1705 778 1765 Col-:Laevinus
828 1722 896 1760 n:
960 1704 1221 1761 10001.
1287 1704 1523 1761 10025
1541 1721 1558 1777 ;
1651 1710 1712 1761 et
1765 1702 1923 1778 quod
1971 1701 2126 1760 Abel
2182 1703 2501 1778 significet

354 1804 580 1864 bonum
616 1804 961 1871 charitatis»,
1013 1822 1087 1861 n:
1143 1805 1306 1861 342.
1361 1804 1523 1860 374.
1584 1806 1794 1861 1179.
1852 1804 2078 1878 3325;
2153 1802 2323 1878 quod
2381 1822 2501 1862 non

357 1904 513 1964 Abel
550 1922 662 1965 nec
695 1905 1023 1964 Zacharias
1060 1904 1156 1961 hic
1202 1905 1262 1961 in
1304 1903 1606 1979 spirituali
1650 1920 1832 1962 sensu
1870 1897 2272 1979 intelligatur,
2341 1923 2500 1963 con-

157 2017 317 2082 [572]
357 2012 479 2065 stat
516 2023 589 2066 ex
628 2023 726 2076 e0,
765 2005 921 2082 quod
957 2007 1197 2063 nomina
1229 2006 1291 2061 in
1327 2003 1530 2062 Verbo
1569 2003 1903 2081 significent
1935 2020 2053 2062 res.
2108 2003 2292 2080 Apud
2325 2004 2500 2064 Mat-

354 2107 601 2168 thaeum
642 2104 884 2182 „Jews
926 2104 1134 2179 dixit,
1183 2104 1247 2164 si
1284 2101 1590 2165 obtuleris
1625 2123 1858 2165 munus
1898 2111 2080 2176 tuum
2124 2123 2325 2184 super
2366 2104 2501 2166 Al-

355 2207 518 2282 tari,
599 2215 660 2270 et
705 2205 884 2287 apud
931 2206 1044 2267 hoc
1091 2203 1466 2266 recordatus
1513 2204 1762 2284 fuet-is,
1827 2204 1996 2285 quod
2045 2205 2268 2284 frater
2335 2212 2506 2268 tuus

354 2309 580 2370 habeat
631 2305 885 2388 aliquid
936 2313 1153 2368 contra
1204 2310 1290 2380 te,
1363 2302 1648 2385 relinque
1687 2324 1921 2374 munus
1971 2324 2181 2366 coram
2230 2303 2500 2383 Altari,

353 2416 415 2471 et
452 2410 557 2471 abi
591 2409 786 2490 prius
825 2406 1229 2470 reconciliare
1257 2407 1503 2487 fratri,
1572 2413 1638 2473 ,et
1673 2413 1823 2467 tunc
1857 2407 2106 2467 veniens
2144 2407 2299 2486 offer
2338 2429 2501 2471 mu-

353 2531 479 2572 nus
517 2513 744 2572 tuum“
787 2510 874 2573 V:
919 2512 1031 2569 23.
1078 2513 1201 2584 243
1284 2526 1395 2585 per
1432 2508 1642 2567 offerre
1698 2526 1914 2567 munus
1961 2525 2147 2585 super
2180 2507 2397 2568 Altari
2440 2512 2503 2569 in

353 2629 541 2672 sensu
582 2610 877 2687 spirituali
911 2609 1265 2686 intelligitur
1301 2608 1497 2668 colere
1525 2609 1754 2679 Deum,
1803 2616 1864 2667 et
1896 2627 2006 2686 per
2042 2609 2242 2667 colere
2279 2609 2501 2670 Deum

354 2713 707 2789 intelligitur
766 2711 960 2770 cultus
1011 2718 1133 2769 tam
1184 2712 1454 2768 internus
1508 2727 1684 2784 quam
1735 2715 2047 2783 externus,
2109 2727 2330 2785 nempe
2393 2713 2503 2787 qui

357 2819 451 2871 cst
506 2814 726 2870 amoris
771 2819 829 2869 ct
878 2811 1019 2870 fidei
1056 2818 1115 2869 et
1153 2811 1288 2871 inde
1326 2813 1515 2880 vitae,
1567 2809 1680 2867 hoc
1715 2809 2067 2887 intelligitur
2102 2812 2244 2886 quia
2279 2808 2507 2870 cultus

355 2912 415 2971 in
451 2911 728 2971 Ecclesia
778 2911 1038 2970 Judaica
1085 2911 1499 2988 principaliter
1558 2911 1871 2970 constabat
1917 2913 1977 2969 ln
2023 2910 2334 2969 sacrificiis
2379 2930 2500 2971 seu

355 3010 700 3070 muneribus
740 3010 1056 3070 offerendis
1093 3026 1278 3087 super
1307 3012 1535 3080 Altari,
1589 3006 2043 3088 ac‘principale
2079 3014 2339 3070 sumitur
2379 3029 2497 3089 pro

358 3113 549 3187 omni3
607 3128 680 3169 ex
718 3110 812 3169 his
850 3116 1124 3169 constare
1175 3118 1410 3188 potest,
1468 3110 1611 3188 quitl
1646 3112 1704 3169 in
1742 3127 1923 3170 sensu
1960 3110 2260 3188 spirituali
2294 3113 2494 3172 intel-

352 3213 556 3288 ligitur
591 3228 701 3287 per
741 3211 843 3269 illa
873 3210 1061 3269 verba
1086 3212 1344 3286 Domini,
1391 3211 1549 3310 quod
1573 3228 1789 3287 nempe
1819 3212 2014 3271 cultus
2048 3212 2308 3271 Divinus
2351 3216 2493 3290 pri-

348 3314 534 3372 mario
571 3313 859 3371 consistat
900 3313 961 3371 in
1010 3312 1299 3371 charitate
1357 3302 1502 3389 erga
1549 3288 1918 3388 proximum,
1976 3319 2037 3370 et
2072 3329 2190 3371 non
2224 3314 2286 3371 in
2337 3316 2487 3389 pie—

346 3421 471 3472 tate
530 3413 759 3491 absque
807 3413 941 3486 illa‚
999 3413 1211 3472 offerre
1263 3430 1476 3471 munus
1528 3430 1713 3488 super
1773 3412 1947 3471 altari
2002 3419 2097 3470 est
2161 3413 2369 3472 cultus
2410 3430 2488 3471 ex

346 3517 604 3592 pietate,
654 3521 713 3574 et
748 3513 1118 3574 reconciliari
1144 3514 1312 3571 fratri
1349 3520 1444 3571 est
1492 3512 1688 3571 cultus
1727 3530 1802 3571 ex
1837 3512 2162 3583 charitate,
2216 3520 2280 3572 et
2315 3512 2488 3590 quod

346 3616 443 3674 hic
481 3618 560 3674 sit
596 3632 736 3674 vere
774 3614 1000 3687 cultuS‚
1067 3622 1126 3672 et
1162 3612 1357 3690 qualis
1392 3613 1490 3672 hic
1526 3611 1663 3671 talis
1698 3612 1832 3687 ille,
1885 3612 1959 3671 de
1995 3630 2116 3689 qua
2152 3631 2216 3673 re
2256 3613 2476 3673 videa-

236 3754 240 3758 ·
349 3722 446 3774 tur
480 3715 806 3774 Dec-rama
839 3714 1058 3775 Novae
1089 3715 1584 3774 Hit-:aosommas
1645 3731 1711 3772 n:
1774 3715 1909 3773 123
1963 3712 2039 3771 ad
2084 3716 2241 3772 129.
2291 3715 2478 3786 315,·

351 3817 514 3872 etin
562 3814 763 3890 Opere
809 3815 882 3873 de
934 3814 1140 3874 Coeno
1205 3835 1281 3874 εἰ·
1335 3814 1617 3873 INFsaNo
1677 3831 1747 3869 n:
1817 3816 1977 3872 222.
2060 3818 2223 3872 224.
2305 3815 2471 3873 358.

353 3914 516 3971 359.
562 3914 724 3988 360.
769 3917 928 3974 528.
989 3916 1148 3973 529.
1207 3917 1381 3986 535,
1436 3920 1497 3973 et
1532 3930 1720 3990 supra
1754 3931 1810 3972 n:
1859 3915 2030 3987 3253
2073 3914 2233 3990 quod
2269 3915 2324 3972 si
2364 3912 2480 3973 ob-

346 4012 555 4070 tuleris
593 4030 806 4071 munus
843 4020 1007 4070 tuum
1045 4030 1229 4088 super
1263 4013 1480 4084 Altari‚
1516 4012 1811 4090 significet
1843 4015 1904 4071 in
1941 4016 2101 4072 omni
2137 4014 2321 4088 cultu,
2359 4029 2476 4088 pa-

347 4113 509 4162 teta
543 4108 783 4165 Domini
834 4110 1034 4166 verbis
1085 4110 1246 4183 apud
1305 4112 1532 4170 Lucam
1587 4111 1745 4187 Cap:
1797 4113 2017 4173 XVII:
2078 4118 2150 4186 4,
2221 4111 2471 4189 [Matthz

348 4200 591 4260 XVIII:
653 4200 790 4283 22.]
859 4205 961 4262 ubi
1011 4206 1223 4264 dicitur
1279 4210 1438 4285 quod
1501 4213 1658 4269 omui
1720 4219 1988 4292 tempore
2054 4212 2476 4273 remittendum

358 351 467 406 344
686 351 695 374 ’
800 336 1296 400 APOCALYPSIS
1338 336 1777 396 EXPLIGATA.
1834 337 1880 406 5.
1925 348 2055 400 391.
2662 2 2700 501 Ξ

2696 707 2701 998 λ
