2791 4778
375 349 602 405 CAPUT
638 349 948 405 senum,
1742 349 1954 419 vens:
1999 360 2053 412 3.
2210 358 2320 412 209

195 495 199 499 ⁴
243 517 347 578 est,
397 509 555 586 quod
587 526 695 585 per
738 526 955 568 nomen
998 508 1089 567 illi
1121 525 1314 584 morS,
1338 572 1343 576 ,
1370 514 1432 568 et
1467 509 1731 569 infernus
1776 508 2143 585 sequebatur
2189 526 2326 568 cum

230 610 337 680 illo,
381 609 743 685 significetur
779 609 1080 668 damnatio
1107 614 1374 668 aeterna.
1653 652 1660 657 -
1971 591 1976 594 ¹

366 711 519 770 384.
585 711 663 768 Et
696 710 838 768 data
885 709 1005 767 illis
1052 714 1328 785 potestas
1374 708 1770 768 interficiendi
1817 726 2005 786 super-
2049 717 2325 787 quartam

230 816 440 890 partem
475 815 705 885 terrae,
764 809 924 886 quod
976 809 1270 885 significet
1315 809 1791 886 deprivationem
1841 812 2032 868 omnis
2078 809 2220 869 boni
2265 818 2327 870 et

228 911 348 970 inde
405 913 595 968 omnis
643 912 774 993 veri
834 925 908 968 ex
967 908 1204 984 Verbo,
1287 916 1348 968 et
1388 909 1526 968 inde
1588 911 1650 966 in
1699 910 1966 969 doctrina
2015 909 2325 969 Ecclesiae

227 1029 405 1070 corum
440 1029 514 1069 ex
569 1010 806 1083 Verbo,
878 1016 1113 1068 constat
1155 1027 1229 1068 cx
1276 1009 1705 1087 significatione
1754 1013 2107 1087 potestatis,
2166 1010 2326 1085 quod

226 1113 291 1168 sit
319 1111 590 1183 effectuS,
632 1113 910 1186 quoniam
945 1125 1133 1185 posse
1171 1117 1264 1169 est
1301 1111 1537 1170 efficere
1557 1131 1572 1185 3
1632 1127 1705 1169 ex
1741 1111 2175 1186 significatione
2228 1114 2321 1168 in-

225 1211 468 1270 terficere
522 1227 634 1270 seu
681 1210 987 1285 occidere,
1046 1210 1206 1287 quod
1251 1214 1329 1269 sit
1365 1210 1678 1286 deprivare
1715 1211 1872 1270 bono
1923 1218 1984 1270 et
2018 1227 2192 1285 vero,
2249 1212 2323 1270 de

229 1328 336 1386 qua
369 1328 555 1388 supra
591 1329 665 1370 n:
710 1312 880 1385 3663
922 1327 1008 1368 ex>
1030 1309 1462 1387 significatione
1501 1318 1748 1386 quartae
1777 1313 1996 1386 partis,
2052 1310 2212 1387 quod
2246 1314 2327 1369 sit

226 1428 375 1470 omne
407 1411 632 1469 bonum
679 1416 738 1469 et
772 1411 911 1469 inde
957 1429 1196 1481 verum,
1250 1411 1323 1470 de
1362 1429 1481 1487 qua
1517 1412 1821 1486 sequitur3
1877 1418 1939 1469 et
1982 1428 2055 1470 ex
2090 1411 2321 1487 signifi·-

223 1514 427 1570 catione
465 1519 687 1584 terrae,
729 1511 892 1586 quod
928 1514 1006 1570 sit
1040 1511 1335 1585 Ecclesia,
1369 1517 1429 1570 et
1463 1528 1635 1569 omne
1675 1511 1806 1588 ejus
1824 1518 1848 1584 ‚'
1881 1512 1954 1570 de
1992 1528 2326 1588 qua.supra

220 1629 282 1668 n:
354 1616 455 1672 29.
519 1614 705 1688 3043
789 1619 849 1669 et
912 1613 1052 1688 quia
1107 1611 1385 1670 Ecclesia
1440 1618 1532 1670 est
1585 1611 1860 1670 Ecclesia
1920 1630 1993 1670 ex
2059 1611 2326 1670 doctrina

218 1711 318 1785 ibi,
369 1719 425 1770 et
474 1729 554 1771 ex
589 1714 713 1770 vita
757 1713 1082 1770 secundum
1119 1712 1312 1781 illam,
1370 1720 1430 1770 et
1471 1714 1610 1786 quia
1646 1714 1832 1771 omnis
1889 1713 2157 1771 doctrina
2204 1712 2323 1770 Ec-

219 1811 415 1871 clesiae
452 1815 575 1872 erit
612 1829 684 1869 ex
722 1811 957 1883 Verb0‚
1005 1813 1142 1870 inde
1191 1815 1372 1871 etiam
1422 1812 1600 1870 simul
1652 1812 2021 1889 significatur
2056 1812 2326 1871 doctrina

218 1911 501 1974 Ecclesiae
546 1930 621 1971 ex
664 1912 863 1972 Verbo
878 1933 895 1988 3
972 1931 1045 1971 ex
1084 1912 1179 1971 his
1220 1920 1498 1972 constare
1535 1919 1767 1989 potest,
1824 1913 1983 1989 quod
2034 1930 2146 1989 per
2181 1912 2325 1971 data

218 2011 321 2071 illis
352 2021 623 2089 potestas
659 2013 1054 2072 interficiendi
1084 2015 1273 2090 super
1302 2019 1573 2089 quartam
1609 2020 1842 2089 partem
1879 2021 2094 2087 terrae,
2134 2015 2320 2089 signi-

218 2111 414 2172 ficetur
449 2115 788 2191 deprivatio
826 2115 1015 2171 omnis
1050 2114 1192 2172 boni
1242 2122 1302 2171 et
1343 2113 1480 2171 inde
1526 2115 1653 2170 veri
1694 2130 1766 2170 ex
1805 2113 2039 2187 Verbo,
2091 2120 2151 2172 et
2181 2113 2322 2172 inde

193 2206 274 2272 ‘in
315 2201 578 2274 ⁴doctrina
612 2214 924 2273 Ecclesiae
956 2231 1031 2273 cx
1074 2214 1280 2274 Verbo
1293 2234 1309 2289 ;
1366 2213 1527 2289 quod
1576 2214 1807 2271 dicatur
1860 2213 2018 2289 quod
2051 2219 2323 2289 potestas

223 2313 350 2373 data
380 2315 528 2391 illis,
593 2315 948 2392 intelligitur
1000 2315 1161 2392 quod
1202 2313 1376 2373 malis
1416 2319 1477 2372 et
1510 2313 1646 2371 inde
1687 2313 1884 2386 falsis,
1950 2330 2106 2388 quae
2135 2313 2324 2370 'etiam

226 2417 611 2491 significantur
646 2433 758 2493 per
791 2423 1046 2474 mortem
1087 2424 1146 2475 et
1180 2417 1492 2474 infernum.
1576 2414 1753 2489 Quod
1793 2413 1881 2471 illi
1919 2417 2019 2490 qui
2055 2415 2116 2472 in
2151 2412 2323 2471 malis

230 2520 287 2572 et
328 2515 485 2575 falsis
533 2526 684 2592 sunt,
733 2533 802 2575 se
852 2516 1168 2591 deprivent
1213 2518 1371 2574 omni
1406 2518 1795 2591 perceptione
1843 2513 1982 2572 boni
2034 2530 2104 2572 ac
2140 2512 2319 2571 intel·
2364 2517 2523 2576 [543]

219 2616 370 2674 lectu
412 2620 534 2676 veri
570 2636 643 2677 ex
680 2615 918 2690 Verbo,
977 2622 1036 2675 et
1069 2617 1205 2675 inde
1250 2618 1310 2674 in
1353 2615 1622 2675 doctrina
1661 2614 1971 2675 Ecclesiae
2009 2632 2214 2673 eorum
2252 2631 2326 2673 ex

218 2715 419 2792 Verbo,
474 2724 647 2795 patet
681 2718 999 2777 manifeste
1040 2735 1113 2775 ex
1142 2716 1261 2775 illis
1300 2719 1402 2793 qui
1434 2718 1495 2774 in
1536 2716 1704 2775 falsis
1743 2716 2047 2775 doctrinae
2084 2722 2223 2774 sunt
2251 2732 2323 2775 ex

214 2817 370 2876 malis
415 2822 614 2893 vitae,
681 2818 768 2877 illi
817 2820 1056 2876 tametsi
1101 2817 1311 2893 legunt
1360 2816 1663 2890 Verbum,
1725 2833 1914 2893 usque
1974 2833 2120 2875 vera
2167 2833 2325 2892 quae

210 2915 285 2975 ibi
315 2927 449 2978 sunt
484 2920 587 2978 vel
621 2936 740 2978 non
765 2916 971 2976 vident
1009 2917 1110 2977 vel
1143 2918 1486 2990 falsificant,
1523 2916 1890 2994 applicando
1918 2916 2023 2976 illa
2060 2916 2135 2975 ad
2171 2916 2326 2976 falsa

211 3020 467 3096 principii
506 3007 603 3078 sui
640 3027 701 3078 et
734 3018 811 3077 ad
848 3018 1008 3076 mala
1035 3019 1253 3076 amoris
1283 3019 1394 3093 sui3
1436 3033 1651 3076 sensus
1684 3017 1899 3076 literae
1936 3019 2101 3076 enim
2139 3016 2326 3076 Verbi

209 3117 333 3177 talis
370 3129 491 3193 est,
535 3127 601 3177 ut
638 3122 740 3194 qui
773 3121 832 3177 in
868 3118 1023 3177 bono
1055 3124 1195 3176 sunt
1232 3118 1475 3177 videant
1508 3135 1653 3176 vera
1692 3117 1791 3193 ibi,
1834 3125 1894 3177 et
1934 3120 2036 3195 qui
2069 3120 2128 3175 in
2165 3118 2322 3176 malo

209 3218 435 3278 videant
484 3220 643 3279 falsa
682 3220 796 3293 ibi,
864 3236 1001 3277 nam
1048 3235 1264 3278 sensus
1315 3218 1529 3276 literae
1570 3227 1662 3276 est
1699 3220 2028 3279 secundum
2082 3225 2326 3293 captum

208 3319 520 3394 infantum,
574 3337 930 3397 puerorum,
989 3324 1049 3377 et
1083 3320 1472 3394 simplicium,
1532 3327 1591 3377 et
1625 3328 1949 3395 propterea
1990 3318 2326 3377 secundum

212 3422 645 3494 apparentiam,
704 3421 813 3478 sed
865 3436 1059 3495 usque
1102 3422 1166 3477 in
1212 3435 1287 3492 eo
1332 3435 1515 3482 sensu
1562 3418 1750 3495 latent
1787 3435 1962 3487 vera,
2011 3433 2165 3491 quae
2201 3434 2326 3473 non

207 3517 298 3576 alii
329 3521 537 3581 vident
588 3518 766 3597 quam
818 3523 921 3596 qui
968 3523 1028 3577 in
1062 3519 1219 3579 bono
1270 3526 1440 3593 sunt,
1499 3526 1560 3577 at
1598 3520 1698 3596 qui
1737 3521 1799 3575 in
1833 3516 1990 3575 malo
2026 3522 2168 3573 sunt
2208 3531 2325 3572 non

205 3618 400 3678 volunt
440 3621 646 3681 videre
693 3621 828 3695 illa,
895 3621 1005 3679 sed
1056 3621 1299 3681 trahunt
1350 3637 1424 3678 ca
1474 3637 1587 3695 per
1635 3613 1908 3677 sinistras
1961 3617 2326 3690 interpreta-

205 3718 387 3780 tiones
423 3722 504 3780 ad
536 3722 697 3780 mala
736 3739 1006 3780 amorum
1047 3738 1294 3779 suorum
1328 3727 1386 3779 et
1416 3720 1490 3777 ad
1517 3719 1673 3778 falsa
1709 3718 2138 3795 principiorum
2176 3731 2324 3772 suo-

204 3833 360 3895 rum;
418 3829 484 3881 ut
532 3823 846 3881 manifeste
899 3827 1172 3881 constare
1232 3827 1438 3897 potest
1493 3837 1564 3878 ex
1620 3824 1709 3877 tot
1761 3816 2114 3876 haeresibus
2168 3818 2327 3874 intra

203 3914 556 3999 Ecclesiam,
594 3923 886 3998 imprimis
925 3940 999 3981 ex
1033 3922 1293 3981 nefanda
1327 3920 1570 3980 haeresi
1604 3918 2010 3996 Babylonica,
2068 3926 2129 3977 et
2171 3936 2324 3995 quo·-

207 4032 316 4091 que
362 4040 438 4081 ex
487 4024 727 4083 haeresi
775 4022 1051 4082 Judaiea.
1133 4022 1561 4098 Quod-quarta
1609 4036 1754 4097 pars
1807 4018 2103 4096 significet
2154 4036 2325 4078 omne

205 4114 418 4179 bonum
469 4131 528 4182 et
581 4123 717 4183 inde
766 4141 1007 4196 verum,
1066 4129 1156 4182 est
1208 4125 1350 4199 quia
1397 4138 1681 4181 numerus
1732 4127 1991 4204 quatuor
2036 4120 2330 4197 significat

208 4221 672 4298 conjunctionem
708 4224 849 4285 boni
885 4231 944 4283 et
987 4226 1144 4298 veri,
1204 4230 1263 4282 et
1299 4221 1437 4280 inde
1477 4230 1692 4296 quarta
1734 4239 1878 4297 pars
1908 4239 2018 4280 seu
2053 4227 2328 4296 quartum
