2791 4778
504 327 575 376 30
757 353 765 360 .
909 310 1403 368 APOCALYPSIS
1444 308 1914 369 EXPL10ATA.-
1965 311 2014 378 §0
2061 317 2193 372 324.
2255 264 2262 270 ι

504 490 703 534 meum
738 475 893 536 inter
927 478 1138 549 gentes
1153 515 1172 547 ,
1225 470 1522 548 signifieat
1556 469 1718 547 quod
1750 469 2027 531 Ecclesia
2062 475 2123 529 et
2157 467 2356 531 cultus
2388 470 2650 531 Domini

507 576 621 634 erit
655 573 850 633 ubivis
885 571 1050 648 apud
1082 570 1219 631 illos
1265 574 1370 648 qui
1401 572 1462 631 in
1496 569 1655 631 bono
1689 576 1862 645 sunt,
1917 568 1994 629 ab
2031 574 2167 629 ortu
2201 570 2348 630 solis
2397 570 2482 630 ad
2527 588 2645 633 oc-

505 689 713 735 casum
746 671 1039 749 significat
1080 671 1277 732 ubivis
1326 671 1433 731 ubi
1471 670 1696 730 bonum
1710 714 1728 747 ,
1792 669 2029 732 Nomen
2077 687 2279 730 meum
2319 670 2485 748 quod
2524 673 2651 732 urit

506 790 786 851 magnum
834 772 1134 851 significat
1187 773 1553 850 agnitionem
1612 777 1673 831 et
1714 770 1942 830 cultum
1978 769 2252 845 Domini,
2305 776 2368 831 et
2415 779 2650 850 gentes

506 873 845 951 significant
876 874 1013 933 illos
1050 875 1155 950 qni
1187 874 1247 930 in
1280 871 1439 933 bono
1474 878 1645 948 sunt3
1682 871 1919 932 suffitus
1959 870 2178 932 allatus
2211 871 2458 932 Nomini
2493 890 2646 935 meo

507 983 569 1036 et
613 974 895 1035 Minchah
942 973 1194 1046 munda,
1256 972 1556 1050 significat
1600 972 1823 1032 cultum
1859 971 2101 1031 Domini
2164 989 2239 1032 ex
2282 970 2446 1032 bono
2496 976 2643 1051 spi·

505 1076 734 1149 rituali,
774 1074 937 1152 quod
972 1080 1065 1134 est
1096 1072 1316 1134 bonum
1347 1071 1655 1133 charitatis
1694 1088 1839 1148 erga
1871 1073 2226 1149 proximum,
2267 1078 2330 1132 et
2364 1090 2444 1132 ex
2469 1073 2647 1134 bono

507 1175 789 1250 coelesti,
829 1174 990 1251 quod
1020 1181 1117 1233 est
1151 1172 1374 1234 bonum
1409 1174 1628 1233 amoris
1660 1173 1723 1231 iu
1750 1172 2092 1247 Dominum,
2130 1172 2329 1234 cultus
2366 1189 2447 1232 ex
2469 1174 2647 1234 bono

507 1275 805 1354 spirituali
847 1274 1216 1353 significatur
1265 1291 1377 1352 per
1425 1272 1715 1347 suffitum,
1780 1278 1842 1332 et
1892 1290 1968 1332 ex
2011 1271 2169 1332 bono
2217 1272 2472 1334 coelesti
2523 1292 2648 1352 per

507 1377 832 1437 minoham:
864 1374 1023 1453 quod
1039 1374 1320 1435 Minchah
1344 1373 1407 1434 id
1430 1373 1653 1434 bonum
1676 1373 1987 1452 algnificet,
2014 1373 2287 1433 videatur
2315 1392 2373 1433 n:
2409 1376 2500 1435 45
2519 1377 2644 1435 81.

517 1478 779 1537 10079.
827 1477 1088 1535 10137.
1154 1476 1274 1535 Per
1307 1475 1575 1535 suffitum
1629 1481 1688 1533 et
1729 1491 1842 1552 per
1875 1472 2173 1534 mineham
2205 1474 2398 1534 simile
2437 1477 2643 1552 signi-

411 1659 420 1668 ·
507 1576 724 1637 ficatur
772 1574 934 1653 apud
965 1575 1266 1635 Davidem
1327 1620 1366 1652 „
1389 1571 1666 1638 Atta-nde
1715 1592 1938 1637 aurem
1994 1572 2087 1635 ad
2144 1592 2351 1635 vocem
2397 1592 2645 1651 meam,

507 1673 779 1756 quando·
804 1672 1008 1737 clamo
1055 1672 1145 1735 ad
1197 1673 1320 1750 Te,
1389 1681 1677 1755 acceptae
1725 1674 1860 1736 sint
1902 1693 2117 1755 preces
2162 1693 2365 1751 meae,
2434 1675 2642 1755 suffi-

506 1780 785 1837 mentum
843 1792 1057 1836 coram
1111 1774 1230 1851 Te,
1291 1773 1566 1838 molatio
1623 1793 1933 1838 manuum
1983 1793 2269 1837 meaa-um
2317 1772 2644 1839 machab

511 1879 858 1955 vesperae“
909 1874 1143 1934 Psalmz
1184 1875 1409 1937 CXLI:
1455 1882 1514 1937 1.
1554 1880 1635 1935 2:
1682 1883 1742 1936 et
1776 1877 1938 1954 apud
1970 1876 2217 1953 Esajam
2253 1874 2471 1952 „Non
2504 1875 2639 1939 ad·

506 1975 771 2038 duxisti
795 1973 969 2037 Mihi
996 1974 1302 2056 pecudem
1328 1961 1841 2040 holocaustorum
1881 1983 2154 2053 morum,
2197 1983 2258 2039 et
2282 1977 2640 2059 sacrificiis

508 2078 642 2139 tuis
678 2095 804 2138 non
839 2075 1167 2139 honorasti
1203 2074 1313 2137 Me
1323 2096 1353 2149 ,·
1403 2096 1529 2139 non
1564 2077 1799 2140 servire
1851 2084 1910 2139 te
1935 2077 2072 2158 feci
2120 2096 2239 2158 per
2273 2076 2638 2155 Minclzam,

506 2196 615 2240 nec
672 2175 1033 2259 defatiyavi
1073 2197 1196 2260 per
1236 2175 1464 2240 Thu&
1517 2178 1755 2239 XLIII:
1808 2180 1896 2238 23
1915 2200 1932 2256 3
2000 2182 2142 2255 quia
2189 2182 2378 2240 omnis
2428 2179 2638 2240 cultus

505 2280 748 2340 Domini
800 2279 866 2338 fit
920 2298 995 2338 ex
1039 2279 1196 2339 bono
1250 2279 1550 2356 spirituali
1611 2278 1774 2356 quod
1817 2297 1891 2339 ex
1940 2279 2096 2339 bono
2143 2279 2417 2353 coelesti,
2487 2278 2638 2340 ideo

310 2382 469 2451 [390]
508 2388 846 2458 utrumque,
886 2380 1163 2442 minchah
1199 2387 1261 2442 et
1287 2380 1445 2456 thus,
1483 2381 1837 2457 nominatur,
1875 2381 1937 2439 in
1960 2380 2136 2440 litera
2161 2383 2417 2454 seorsim,
2459 2396 2635 2457 quae

509 2490 707 2544 tamen
740 2485 800 2541 in
834 2499 1020 2543 sensu
1054 2485 1286 2542 interno
1324 2499 1436 2541 seu
1472 2480 1770 2559 spirituali
1801 2482 2215 2559 intelliguntur
2243 2480 2631 2559 conjunctim,

509 2584 620 2643 sed
670 2602 854 2642 unum
907 2584 984 2642 ab
1020 2584 1242 2644 altero:
1293 2584 1565 2643 similiter
1602 2580 1766 2660 apud
1800 2581 2128 2643 Jeremiam
2188 2627 2224 2659 ‚,
2250 2580 2506 2648 Venient
2548 2598 2638 2647 ex

510 2681 769 2744 urbibus
791 2680 1083 2743 Jehudae
1122 2689 1183 2744 et
1218 2700 1300 2742 ew
1326 2682 1699 2745 circuitibus
1718 2680 2230 2764 Hierosolymae,
2270 2680 2638 2763 adferentes

510 2777 948 2843 holocaustum
988 2787 1047 2842 et
1075 2780 1485 2861 sacrificium,
1524 2790 1584 2846 et
1606 2781 1931 2844 mineham
1954 2789 2015 2845 et
2044 2782 2241 2845 thu3“
2267 2782 2475 2843 XVII:
2513 2785 2552 2842 2
2570 2785 2633 2858 65

513 2899 624 2958 per
658 2880 701 2940 J
705 2880 959 2939 ehudam
1013 2888 1072 2941 et
1106 2881 1587 2960 Hierosolymam
1618 2883 1715 2944 hic
1753 2899 1870 2943 non
1904 2884 2255 2961 intelligitur
2288 2882 2537 2943 Jehuda
2574 2889 2644 2943 et

511 2980 963 3058 Hierosolyma,
1011 2981 1122 3040 sed
1160 2980 1438 3042 Ecclesia
1471 2984 1713 3044 Domini
1766 3001 1924 3061 quae
1974 2990 2068 3044 est
2113 2986 2175 3042 in
2207 2983 2366 3043 bono
2403 2986 2636 3043 amoris

515 3089 575 3140 et
610 3081 747 3140 inde
783 3084 845 3139 in
881 3081 1151 3141 doctrina
1186 3082 1523 3159 charitatis3
1589 3084 1784 3145 cultus
1824 3102 1895 3144 ex
1940 3083 2059 3143 illis
2096 3085 2465 3161 significatur
2515 3102 2641 3160 per

512 3180 928 3263 holocaustum
957 3189 1016 3240 et
1040 3183 1414 3258 sacrificium,
1446 3192 1570 3243 tum
1596 3202 1705 3261 per
1731 3184 2027 3245 mincham
2056 3193 2114 3243 ot
2141 3183 2296 3243 thus,
2333 3183 2644 3260 Quoniam

512 3281 793 3343 Minchah
839 3284 1210 3360 significabat
1254 3284 1472 3344 bonum
1522 3287 1741 3344 amoris
1786 3285 2064 3345 coelestis
2108 3292 2169 3344 et
2226 3286 2364 3344 thus
2406 3283 2644 3346 bonum

509 3385 727 3446 amoris
763 3385 1124 3462 spirituali8‚
1160 3384 1296 3443 ideo
1333 3402 1521 3461 super
1558 3386 1849 3444 mincham
1886 3404 1962 3445 ex
1998 3385 2332 3463 similagine
2369 3384 2641 3445 dabatur

508 3484 703 3546 oleum
743 3492 804 3546 et
843 3486 1015 3556 thum,
1067 3492 1135 3545 ut
1175 3490 1411 3543 constat
1446 3484 1607 3563 apud
1643 3486 1855 3545 Mosen
1895 3485 2220 3562 „Quando
2261 3485 2486 3547 anima
2522 3486 2638 3566 of-

491 3585 669 3666 ferre
693 3584 963 3649 voluerit
986 3603 1224 3646 muna-s·
1245 3583 1535 3646 minchae
1561 3583 1835 3645 Jehovae
1849 3629 1866 3660 ,
1909 3582 2219 3667 similayo
2247 3586 2370 3647 etit
2391 3604 2641 3648 munus

505 3684 669 3768 ejus,
710 3704 900 3764 super
924 3705 1118 3765 quam
1144 3683 1419 3764 effundet
1456 3682 1676 3760 oleum,
1716 3693 1777 3747 et
1803 3684 1984 3748 dabit
2015 3704 2207 3765 super
2228 3683 2417 3747 illam
2445 3685 2639 3762 thu-9,-

505 3790 565 3845 et
599 3784 895 3845 sacerdos
931 3786 1197 3864 accipiet
1223 3782 1627 3865 plenitudine
1654 3783 1907 3866 puqillz·
1941 3786 2020 3847 de
2055 3784 2428 3867 cimilayine-
2467 3784 2636 3868 egias,

506 3890 567 3946 et
606 3882 685 3944 de
722 3880 853 3943 oleo
891 3884 1029 3966 ejus
1074 3903 1206 3946 una
1255 3903 1399 3946 cum
1457 3886 1629 3947 omni
1679 3884 1860 3948 thure
1895 3886 2059 3968 eiua,
2116 3892 2177 3947 et
2233 3882 2510 3949 adolebit
2561 3886 2638 3948 in

505 3979 870 4044 memoriale
894 4002 1083 4063 super
1107 3981 1353 4047 altar-W
1403 3986 1607 4047 Levit:
1634 3986 1715 4046 11:
1754 3992 1812 4048 1.
1847 3991 1881 4047 2
1906 4008 1922 4064 3
1965 3987 2123 4064 quod
2155 3986 2308 4047 haec
2341 3986 2636 4048 Minchah

508 4086 777 4144 instituta
812 4088 906 4160 sit,
948 4093 1076 4145 erat
1102 4089 1246 4163 quia
1271 4085 1544 4163 similago
1581 4088 1876 4162 significat
1909 4089 2233 4165 genuinum
2263 4105 2491 4164 verum,
2528 4090 2632 4148 vi-

507 4184 720 4245 deatur
755 4204 825 4245 n:
870 4188 1053 4246 9995
1077 4232 1093 4260 ,
1132 4186 1247 4246 hoc
1283 4189 1425 4261 quia
1461 4204 1534 4243 ex
1566 4187 1723 4245 bono
1762 4195 1883 4262 est,
1923 4206 2137 4265 nempe
2174 4206 2251 4249 ex
2284 4188 2440 4248 bono
2478 4205 2626 4248 coe-
