2791 4778
424 325 676 385 GAPU'P
716 325 1061 394 QUINTUM.
1606 324 1820 380 VERS=
1866 335 1935 395 10
1956 332 2020 366 -’-
2040 333 2130 385 12.
2291 336 2398 388 183

162 554 169 558 ,
282 487 521 548 Verum
563 503 633 546 ex
667 485 826 545 bono
866 484 1025 562 quod
1060 502 1097 543 a
1122 484 1414 545 Domino:
1455 482 1613 560 quod
1645 501 1758 560 per
1789 481 2138 561 Discipulos
2171 484 2399 545 intelli-

271 594 499 665 gantur
538 588 734 644 omnia
766 604 913 645 vera
949 593 1011 645 et
1042 585 1203 644 bona
1236 583 1547 643 Ecclesiae
1587 600 1740 659 quae
1777 600 1814 641 a
1850 584 2138 654 Domino,
2183 584 2398 645 videa-

271 696 371 747 tur
420 704 615 764 supra
661 705 733 745 n:
779 688 942 746 100.
988 689 1151 745 122.
1233 684 1412 760 Quod
1447 684 1666 743 Petrus
1716 683 2011 759 significet
2070 702 2277 745 verum
2325 702 2402 746 ex

269 787 433 848 bono
474 786 641 862 quod
677 804 713 845 a
738 787 1015 859 Domino,
1051 788 1113 844 in
1148 784 1457 861 Opusculo
1496 784 1568 842 de
1603 783 1848 844 Un'rnno
1886 784 2134 844 Junicio
2181 803 2254 844 n:
2291 788 2404 857 57,

269 895 331 947 et
366 904 570 964 supra
620 906 688 947 n:
735 891 794 947 9.
839 890 999 947 206.
1042 888 1207 945 209.
1277 885 1454 961 Quod
1490 886 1679 943 omnis
1714 886 1989 961 potentia
2032 885 2111 943 sit
2145 903 2289 945 vero
2327 903 2404 945 ex

264 987 426 1047 bono
466 986 636 1064 quod
672 1005 709 1046 a
742 988 1030 1061 Domino,
1081 989 1166 1044 ita
1203 985 1330 1046 Soli
1364 986 1657 1059 Domino,
1700 990 1762 1044 et
1798 983 1961 1061 quod
1986 983 2235 1062 Angelis
2261 986 2401 1045 inde

263 1090 578 1166 potentia,
640 1090 700 1146 in
739 1086 941 1164 Opere
996 1087 1070 1146 de
1121 1085 1323 1145 Coeno
1363 1101 1443 1144 m·
1484 1084 1759 1143 Inrnnno
1822 1103 1895 1143 n:
1940 1087 2079 1145 228
2120 1085 2198 1144 ad
2238 1088 2400 1148 233.

267 1187 450 1265 Quod
484 1205 606 1265 per
638 1188 1021 1264 regnabimus
1059 1188 1237 1246 etiam
1272 1167 1643 1262 significetur
1677 1185 1837 1261 quod
1868 1184 1987 1244 illis
2025 1186 2323 1263 sapientia
2359 1205 2397 1245 a

265 1290 572 1357 Domino,
628 1294 723 1348 est
768 1290 908 1364 quia
956 1305 1068 1364 per
1101 1303 1279 1363 reges
1330 1295 1391 1345 et
1426 1285 1773 1345 sacerdotes
1810 1285 2218 1362 significantur
2253 1305 2400 1347 vera

273 1397 334 1447 et
365 1389 530 1447 bona
554 1432 576 1462 ,
615 1395 679 1447 et
714 1391 903 1447 omnis
939 1390 1237 1464 sapientia
1274 1392 1367 1446 est
1404 1403 1477 1445 ex
1505 1387 1664 1448 veris
1702 1403 1858 1461 quae
1895 1404 1971 1444 ex
2006 1385 2162 1446 bono
2200 1406 2236 1446 a
2263 1388 2394 1446 Do·-

229 1488 456 1564 ‘min03
498 1489 723 1547 dicitur
760 1488 919 1566 qnod
949 1489 1259 1564 regnaturi
1291 1503 1479 1563 super
1514 1494 1696 1559 terra,
1737 1487 1878 1562 quia
1911 1504 2023 1564 per
2050 1493 2271 1547 terram
2296 1489 2392 1547 in-

269 1589 574 1665 telligitur
605 1588 880 1648 Ecclesia
904 1587 1147 1648 Domini
1178 1589 1239 1645 in
1269 1585 1470 1646 Coelis
1499 1594 1559 1645 et
1584 1589 1645 1644 in
1675 1589 1867 1660 terris,
1905 1585 2185 1646 videatur
2208 1604 2396 1663 supra

269 1708 337 1746 n:
381 1692 520 1748 304
546 1710 565 1766 3
623 1691 805 1748 etiam
851 1688 1008 1765 qnod
1054 1695 1216 1748 terra
1265 1686 1350 1745 ibi
1397 1704 1515 1746 non
1561 1686 1855 1763 significet
1900 1698 2155 1761 terram,
2201 1694 2392 1765 patet,

268 1792 422 1848 sicut
458 1789 629 1865 quod
664 1807 774 1849 nec
802 1790 985 1848 futuri
1012 1805 1186 1865 reges
1216 1792 1276 1847 et
1301 1787 1668 1847 sacerdotes.
1720 1787 1896 1863 Quod
1920 1805 2173 1864 regnare
2201 1790 2391 1866 signi-

266 1888 406 1947 ficet
439 1892 503 1948 in
542 1892 706 1949 veris
744 1907 817 1949 ex
852 1889 1007 1948 bono
1046 1906 1212 1962 esse,
1257 1895 1319 1946 et
1350 1887 1490 1946 inde
1526 1890 1587 1945 in
1619 1891 1889 1964 potentia
1925 1894 1986 1948 et
2020 1891 2321 1967 sapientia
2354 1908 2394 1948 a

266 1988 548 2063 Domino,
584 1996 676 2048 est
705 1991 846 2067 quia
869 1989 1142 2065 Regnum
1168 1988 1463 2064 significat
1481 1986 1729 2048 Coelum
1758 1995 1818 2048 et
1831 1989 2162 2049 Ecclesiam
2192 1990 2393 2067 quoad

271 2106 449 2165 vera,
506 2094 576 2149 et
607 2089 741 2149 Rex
777 2107 985 2149 verum
1022 2107 1099 2148 ex
1133 2088 1325 2165 bono,
1382 2088 1542 2165 quod
1565 2088 1838 2166 Regnum
1873 2091 1932 2148 in
1968 2089 2172 2150 Verbo
2199 2092 2388 2168 signi-

272 2188 409 2248 ficet
443 2189 701 2250 Coelnm
739 2197 797 2249 et
831 2189 1167 2250 Ecclesiam
1202 2188 1399 2265 quoad
1436 2206 1599 2262 vera,
1636 2188 1913 2247 videatur
1947 2204 2132 2266 supra
2166 2209 2232 2249 n:
2276 2193 2388 2265 483

272 2295 331 2348 et
364 2291 526 2367 quod
562 2291 694 2350 Rex
731 2308 940 2350 verum
978 2307 1050 2349 ex
1083 2290 1276 2360 bone,
1315 2291 1491 2349 etiam
1528 2305 1716 2365 supra
1751 2306 1819 2347 n:
1866 2290 1947 2346 31
1979 2310 1993 2347 ε
2049 2290 2243 2348 simile
2277 2306 2391 2366 per

274 2406 522 2466 regnare
570 2391 939 2468 significatur
988 2394 1048 2451 in
1097 2389 1519 2468 sequentibuS,
1588 2386 1746 2468 Cap:
1798 2388 1954 2448 XX:
1996 2393 2058 2448 4.
2105 2392 2163 2449 6.
2226 2387 2386 2466 Cap:

279 2487 490 2549 XXII:
539 2492 599 2551 5.
1595 2482 1598 2483 ⁷

437 2591 597 2649 334.
659 2592 848 2652 Vers:
915 2596 1023 2652 11.
1073 2596 1179 2652 12.
1233 2590 1332 2652 Et
1377 2588 1519 2651 vidi
1568 2595 1628 2649 et
1662 2587 1892 2650 audivi
1926 2609 2131 2651 vocem
2165 2589 2384 2671 Δηρε-

277 2685 484 2749 lorum
517 2688 858 2754 multorum
895 2693 1135 2753 circam
1169 2691 1494 2753 Thronum
1529 2697 1589 2752 et
1613 2687 1954 2752 Animalia
1990 2699 2049 2753 et
2074 2688 2382 2767 Senioree,

273 2797 334 2850 et
381 2798 517 2853 erat
561 2811 862 2854 numeras
914 2812 1130 2853 eoram
1186 2790 1525 2875 Myr-iudea
1585 2791 1959 2871 myriadum
2021 2800 2081 2853 et
2130 2789 2381 2853 Chilia-

269 2889 379 2951 des
421 2889 798 2953 chiliadum.
862 2891 1171 2953 Dicentes
1225 2912 1368 2953 voce
1415 2911 1685 2972 mayna,
1743 2890 1984 2971 diynua
2020 2900 2113 2956 est
2150 2892 2384 2973 Aynae

265 2992 508 3054 occisus
565 2993 848 3072 accipere
892 2999 1274 3072 potestatem
1321 3000 1382 3054 et
1436 2992 1709 3054 divitias
1758 2998 1818 3052 et
1853 2994 2267 3073 sapientiam,
2324 3003 2384 3055 et

262 3090 557 3154 honorem
591 3100 652 3153 et
687 3090 996 3172 ylariam,
1038 3101 1097 3154 et
1121 3093 1618 3154 benedictionem.
1672 3093 1749 3150 Et
1785 3092 2220 3154 audivivocem
2249 3096 2378 3154 An·-

262 3192 532 3269 gelorum
581 3194 900 3252 multorum
950 3196 1175 3254 circum
1227 3195 1569 3267 Thronum,
1623 3192 1921 3251 Animalia
1968 3200 2029 3252 et
2074 3194 2377 3268 SenioreS,

261 3293 559 3368 significat
593 3296 952 3370 agnitionem
990 3303 1052 3375 et
1083 3295 1221 3354 inde
1248 3294 1734 3372 glorificationem
1761 3293 2000 3353 Domini
2027 3294 2102 3352 ab
2132 3294 2381 3371 Angelis

258 3392 607 3454 inferiorum
645 3392 961 3454 Coelorum
974 3414 992 3472 3
1050 3392 1276 3457 et'erat
1324 3410 1607 3453 numerus
1658 3410 1861 3451 eorum
1908 3393 2205 3468 myriades
2241 3411 2376 3468 my-

261 3491 491 3553 riadum
529 3501 589 3553 et
625 3494 913 3554 chiliades
949 3495 1299 3570 chiliadnm,
1353 3494 1650 3570 significat
1684 3491 2146 3551 innumerabiles
2182 3494 2284 3574 qui
2317 3494 2379 3550 in

264 3595 418 3651 veris
483 3601 546 3652 et
595 3595 1061 3654 innumerabiles
1111 3598 1213 3671 qui
1259 3598 1322 3655 in
1368 3595 1573 3654 bonis:
1630 3592 1896 3651 dicentes
1942 3608 2093 3650 voce
2141 3609 2375 3668 magna,

263 3689 471 3768 dignus
516 3700 611 3753 est
643 3695 855 3771 Agnus
892 3698 1157 3768 occisus,
1212 3695 1507 3772 significat
1553 3693 1915 3769 agnitionem
1951 3692 2160 3768 corde,
2215 3692 2378 3769 quod

265 3807 430 3852 omne
456 3794 742 3853 Divinum
778 3797 857 3853 sit
893 3811 967 3853 ex
1001 3794 1220 3853 Divino
1258 3795 1536 3854 Humano
1578 3792 1817 3852 Domini
1849 3810 1969 3851 non
2007 3796 2208 3870 agnito
2247 3800 2307 3853 et
2341 3811 2379 3852 a

264 3891 461 3951 multis
498 3899 748 3970 negato:
812 3897 1088 3971 accipere
1131 3902 1492 3971 potestatem
1531 3900 1592 3952 et
1626 3894 1863 3952 divitias
1902 3901 1962 3953 et
1995 3897 2374 3973 sapientiam,

264 3991 556 4066 significat
605 3994 766 4070 quod
808 3994 937 4071 Ipsi
993 3997 1072 4053 sit
1124 3993 1599 4072 Omnipotentia,
1659 3992 2088 4055 Omniscientia
2150 4003 2211 4055 et
2256 3995 2371 4053 Di·-

264 4090 396 4149 vina
452 4093 866 4155 Providentia:
931 4102 991 4155 et
1047 4095 1335 4155 honorem
1394 4100 1456 4154 et
1513 4094 1796 4171 gloriam,
1860 4097 2155 4174 significat
2214 4093 2377 4172 quod

265 4185 386 4264 Ipsi
431 4195 507 4252 sit
547 4193 834 4255 Divinum
868 4195 1103 4255 Bonum
1148 4202 1208 4255 et
1253 4195 1539 4254 Divinum
1574 4194 1838 4255 Verum:
1896 4203 1955 4255 et
2000 4195 2370 4255 benedictio-

1753 4362 1799 4397 C
