2791 4778
345 353 576 409 CAPUT
633 354 921 409 SEXTUM
1701 355 1907 410 VERS:
1956 367 2042 416 15.
2201 366 2306 418 461

217 513 419 574 Servus
453 534 650 589 meua,
689 520 805 574 aut
841 515 1080 575 surdus
1118 515 1284 575 sicat
1318 513 1613 596 Anyelas
1653 536 1828 577 meus
1869 536 2048 596 quem
2084 518 2267 578 mitto
2280 539 2308 591 ;

214 614 330 693 quis
356 634 578 675 caecus
607 615 774 675 sicut
802 621 1291 690 consummata-9,
1327 624 1386 677 et
1408 635 1627 676 caecus
1661 617 1827 678 sicut
1854 617 2088 678 Servus
2113 617 2306 679 ,191ιο-

213 718 340 774 vae“
371 716 581 775 XLII:
630 720 728 774 1.1
753 719 817 790 93
856 717 1012 775 haec
1038 716 1110 773 de
1140 717 1425 787 Domine,
1463 719 1534 776 de
1565 737 1680 794 quo
1709 721 1768 776 in
1800 727 1923 778 toto
1953 719 2053 778 illo
2093 719 2307 797 Capite

213 819 393 892 agitur,
429 825 488 875 et
521 818 816 874 Dominus
843 817 922 874 ibi
952 817 1148 891 quoad
1178 817 1458 875 Divinum
1489 819 1827 877 Humanum
1857 837 2029 878 suum
2056 829 2307 880 vocatur

214 914 437 986 Servus,
490 920 634 993 quia
669 920 979 975 inservivit
1014 918 1179 975 Patri
1216 935 1325 975 suo
1363 919 1634 977 faciendo
1675 920 2048 979 voluntatem
2084 920 2302 997 Ipsius,

212 1024 260 1074 ut
283 1018 504 1092 pluries
538 1018 697 1088 dicit,
740 1036 849 1094 per
875 1018 1033 1093 quod
1063 1018 1430 1094 intelligitur,
1475 1020 1635 1095 quod
1671 1020 1977 1096 redegerit
2012 1024 2209 1079 omnia
2244 1025 2306 1080 in

209 1116 398 1176 Mundo
437 1118 740 1195 spirituali
776 1122 833 1175 in
872 1119 1168 1187 ordinem,
1224 1126 1282 1177 et
1318 1119 1492 1177 simul
1532 1120 1802 1178 docuerit
1834 1121 2102 1180 homines
2146 1125 2306 1181 viam

211 1218 268 1274 ad
299 1202 590 1294 coelum3⁴
623 1225 715 1277 est
763 1222 964 1294 itaque
1004 1219 1283 1277 D1vinum
1327 1220 1701 1293 Humanum,
1761 1221 1918 1296 quod
1953 1222 2305 1298 intelligitur

208 1335 294 1392 per
329 1318 585 1379 Servum
625 1338 818 1378 meum
868 1322 927 1376 in
966 1336 1140 1394 quem
1177 1320 1487 1395 incumbo,
1546 1327 1605 1378 et
1651 1340 1762 1397 per
1797 1321 2067 1379 Electum
2105 1340 2303 1381 meum

207 1420 254 1475 in
298 1438 407 1495 quo
455 1421 906 1496 beneplacitum
968 1419 1151 1477 habet
1206 1422 1402 1477 anima
1450 1439 1613 1493 mea,
1685 1421 1912 1480 Servus
1963 1422 2177 1481 dicitur
2227 1441 2302 1482 ex

205 1516 394 1579 Divino
447 1522 616 1581 Vero
654 1538 762 1596 per
811 1521 970 1596 quod
1019 1520 1246 1592 effecit,
1305 1527 1364 1578 et
1403 1521 1646 1579 Electus
1699 1539 1771 1580 ex
1823 1522 2041 1581 Divino
2099 1522 2266 1582 Bono
2283 1545 2300 1600 3

209 1620 342 1693 quod
389 1622 519 1699 Ipsi
557 1623 742 1680 suerit
790 1621 1071 1680 Divinum
1124 1621 1376 1694 Verum,
1434 1641 1544 1698 per
1592 1623 1750 1698 quod
1800 1623 2022 1697 effecit,
2080 1623 2301 1681 intelli-

210 1722 343 1794 gitur
374 1741 483 1798 per
521 1723 661 1781 dedi
700 1722 986 1798 Spiritum
1036 1739 1234 1780 meum
1282 1739 1469 1798 super
1514 1723 1727 1793 Illum,
1776 1724 2068 1800 judicium
2104 1727 2300 1799 genti-

206 1818 300 1879 bus
333 1824 622 1897 proferet‚
683 1822 940 1897 Spiritus
983 1821 1257 1881 Jeho'vae
1296 1830 1390 1882 est
1426 1824 1704 1883 Divinum
1745 1825 2003 1894 Verum,
2044 1832 2102 1884 et
2129 1825 2298 1902 judi-

210 1922 345 1979 cium
375 1926 644 1999 proferre
674 1924 951 2000 gentibus
1003 1929 1095 1981 est
1129 1926 1456 1998 instrum-03
1514 1927 1673 2000 quod
1712 1926 1941 1983 dicatur
1984 1942 2200 1984 caecus
2244 1932 2304 1984 et

209 2022 430 2097 surduS,
483 2031 576 2084 est
613 2027 754 2099 quia
787 2024 1077 2081 Dominus
1133 2031 1225 2082 est
1271 2026 1427 2081 sicut
1471 2042 1586 2082 non
1631 2025 1832 2081 videat
1907 2031 1964 2083 et
2009 2028 2305 2101 percipiat

207 2132 437 2194 peccata
470 2126 804 2196 hominum,
852 2124 1012 2182 ducit
1050 2127 1202 2181 enim
1238 2124 1509 2182 homines
1545 2123 1790 2196 leniter,
1847 2140 1984 2181 nam
2019 2124 2204 2182 flectit
2241 2131 2302 2183 et

209 2237 316 2278 non
358 2223 598 2301 frangit,
654 2227 738 2283 sic
788 2224 1136 2283 abducendo
1189 2242 1224 2281 a
1278 2224 1452 2282 malis
1510 2229 1569 2281 et
1617 2222 1885 2282 ducendo
1936 2222 2012 2280 ad
2058 2223 2297 2297 bouum,

216 2336 386 2393 quare
420 2342 524 2383 nec
560 2329 813 2402 castigat
851 2333 908 2383 et
947 2328 1117 2402 punit
1153 2327 1307 2382 sicut
1337 2326 1439 2401 qui
1476 2324 1682 2383 videns
1722 2330 1813 2383 est
1845 2330 1904 2383 et
1936 2325 2296 2400 percipiens3

216 2417 321 2478 hoc
355 2424 683 2502 intelligitur
718 2445 828 2503 per
856 2430 988 2501 quis
1031 2443 1250 2484 caecus
1281 2428 1394 2484 nisi
1432 2443 1644 2484 servus
1690 2442 1889 2500 metm,
1942 2432 2044 2482 aut
2081 2425 2297 2484 surdus

210 2521 353 2580 sicut
381 2525 640 2603 Angelus
684 2544 887 2601 metm,
946 2544 1162 2585 caecus
1201 2527 1414 2584 dicitur
1452 2533 1511 2585 et
1543 2526 1679 2584 inde
1717 2543 1929 2589 servus
1968 2543 2039 2583 ex
2076 2526 2295 2584 Divino

210 2615 355 2683 Vero
367 2671 384 2699 ,
440 2635 499 2688 et
526 2629 744 2686 surdus
776 2612 835 2686 et
870 2628 1006 2686 inde
1048 2626 1320 2702 Angelus
1360 2645 1432 2686 ex
1469 2628 1685 2685 Divino
1721 2626 1920 2700 Bono,
1979 2643 2115 2682 nam
2151 2642 2294 2684 cae-

211 2736 301 2781 cus
335 2743 396 2786 se
430 2730 618 2788 refert
654 2729 726 2786 ad
762 2729 1131 2788 intellectum
1173 2735 1231 2786 et
1266 2728 1403 2786 inde
1441 2728 1913 2803 perceptionem,
1970 2743 2041 2784 ac
2078 2725 2296 2785 surdus

207 2822 270 2881 ad
300 2832 740 2906 perceptionem
794 2836 852 2888 et
898 2829 1033 2887 inde
1070 2828 1473 2901 voluntatem,
1545 2828 1626 2885 ibi
1678 2831 1880 2904 itaque
1934 2826 2093 2904 quod
2144 2829 2301 2886 sicut

207 2938 307 2982 non
341 2932 541 2990 videat
591 2933 826 2988 tametsi
866 2930 991 3005 Ipsi
1035 2929 1318 2987 Divinum
1356 2929 1582 2988 Verum
1627 2945 1658 2987 e
1697 2947 1813 3004 quo
1854 2927 2129 3005 intelligit
2165 2946 2296 2988 om-

207 3025 315 3101 nia,
357 3038 415 3090 et
452 3049 571 3089 non
608 3031 934 3090 secundum
975 3030 1131 3106 quod
1166 3032 1423 3105 percipit
1457 3030 1632 3100 velit,
1683 3032 1921 3089 tametsi
1958 3029 2085 3105 Ipsi
2120 3029 2296 3088 Divi-

204 3138 325 3185 num
358 3131 711 3218 Bonumhe
751 3149 866 3207 quo
906 3133 1102 3188 omnia
1136 3137 1352 3206 potest.
1444 3131 1622 3220 Apud
1659 3131 1928 3191 Eundem
1984 3128 2148 3204 „Em
2196 3126 2296 3189 Ζα-

203 3219 323 3286 bore
360 3232 640 3292 animae
700 3249 854 3290 suae
922 3230 1183 3299 videbit,
1268 3232 1699 3305 saturabitur,
1779 3251 1900 3311 per
1967 3228 2299 3290 scientiam

205 3340 367 3389 8uam
412 3320 807 3415 justificczbit
846 3329 1075 3410 justus
1143 3329 1381 3392 Servus
1433 3349 1610 3390 meus
1668 3329 1931 3404 multo-9,
2012 3349 2080 3388 eo
2130 3329 2299 3408 quod

204 3421 557 3506 iniquitates
599 3450 813 3492 eorum
847 3429 1000 3510 Ipse
1028 3430 1434 3511 portaverit“
1470 3428 1645 3488 LHI:
1697 3433 1723 3486 1
1747 3433 1816 3487 1:
1871 3429 2021 3487 haec
2059 3445 2297 3505 quoque

205 3521 265 3582 de
309 3531 603 3605 Domino,
645 3532 716 3590 de
757 3549 872 3607 quo
910 3534 967 3589 in
1009 3538 1133 3590 toto
1174 3532 1383 3607 Capite
1421 3529 1736 3588 manifeste
1776 3530 1999 3604 agitur,
2060 3534 2120 3587 et
2159 3530 2294 3602 qui-

204 3620 321 3686 dem
358 3633 433 3691 de
469 3633 688 3690 Divino
730 3632 1009 3691 Humano
1044 3632 1247 3708 Ipsius
1262 3653 1278 3708 3
1345 3628 1583 3708 pugnae
1632 3628 1831 3704 Ipsius
1872 3645 2005 3686 cum
2053 3629 2296 3686 infernis

198 3712 253 3781 ”et
284 3734 620 3810 subjugatio
668 3750 870 3790 eorum
916 3731 1277 3806 significatur
1320 3750 1431 3807 per
1479 3731 1748 3789 laborem
1796 3730 2025 3786 animae
2073 3728 2294 3803 IpsiuS‚

204 3830 253 3881 et
285 3847 391 3904 per
428 3833 584 3909 quod
621 3835 961 3908 iniquitates
1001 3849 1203 3889 eorum
1241 3835 1605 3906 portaverit3
1661 3848 1771 3906 per
1807 3831 2147 3905 iniquitates
2188 3845 2294 3887 eo·

202 3938 316 3986 rum
349 3941 627 4010 portare,
679 3951 795 3991 non
829 3931 1177 4007 intelligitur
1215 3931 1374 4007 quod
1409 3934 1469 3989 in
1507 3931 1586 3991 Se
1622 3930 1991 3989 transtulerit
2027 3945 2151 4003 eaS,
2190 3929 2300 3988 sed

204 4032 345 4098 quod
405 4035 711 4093 admiserit
757 4035 816 4090 in
862 4032 941 4091 Se
995 4032 1152 4089 mala
1206 4048 1359 4107 quae
1407 4031 1481 4088 ab
1537 4033 1783 4091 infernis
1828 4037 1894 4089 ut
1942 4030 2297 4107 subjugaret

200 4122 314 4203 illa,
362 4136 475 4194 hoc
529 4137 730 4210 itaque
776 4132 1125 4208 intelligitur
1173 4150 1282 4208 per
1335 4139 1579 4208 portare
1616 4133 1987 4207 iniquitates3
2044 4130 2298 4190 salvatio

203 4221 324 4290 inde
362 4253 564 4294 eorum
604 4237 704 4313 qui
757 4235 816 4291 in
853 4233 969 4290 fide
1018 4233 1342 4308 spirituali,
1401 4250 1553 4307 quae
1606 4239 1698 4292 est
1747 4231 2087 4309 eharitatiS,
2144 4239 2299 4319 sunt,
