<?xml version="1.0" encoding="UTF-8"?>
<!DOCTYPE html PUBLIC "-//W3C//DTD XHTML 1.0 Transitional//EN"
    "http://www.w3.org/TR/xhtml1/DTD/xhtml1-transitional.dtd">
<html xmlns="http://www.w3.org/1999/xhtml" xml:lang="en" lang="en">
 <head>
  <title>
</title>
<meta http-equiv="Content-Type" content="text/html;charset=utf-8" />
  <meta name='ocr-system' content='tesseract 3.04.00' />
  <meta name='ocr-capabilities' content='ocr_page ocr_carea ocr_par ocr_line ocrx_word'/>
</head>
<body>
  <div class='ocr_page' id='page_1' title='image "apocalypsisexpl03swedgoog_0311.png"; bbox 0 0 2791 4778; ppageno 0'>
   <div class='ocr_carea' id='block_1_1' title="bbox 365 385 2323 450">
    <p class='ocr_par' dir='ltr' id='par_1_1' title="bbox 365 385 2323 450">
     <span class='ocr_line' id='line_1_1' title="bbox 365 385 2323 450; baseline 0.005 -8"><span class='ocrx_word' id='word_1_1' title='bbox 365 386 592 442; x_wconf 82' lang='lat' dir='ltr'><strong>CAPUT</strong></span> <span class='ocrx_word' id='word_1_2' title='bbox 635 387 945 445; x_wconf 76' lang='lat' dir='ltr'><strong>SEXTUM.</strong></span> <span class='ocrx_word' id='word_1_3' title='bbox 1745 385 1923 440; x_wconf 81' lang='lat' dir='ltr'>VERS</span> <span class='ocrx_word' id='word_1_4' title='bbox 1941 406 1956 440; x_wconf 73' lang='lat' dir='ltr'>a</span> <span class='ocrx_word' id='word_1_5' title='bbox 2001 397 2053 447; x_wconf 77' lang='lat'>6.</span> <span class='ocrx_word' id='word_1_6' title='bbox 2211 398 2323 450; x_wconf 75' lang='lat'>289</span> 
     </span>
    </p>
   </div>
   <div class='ocr_carea' id='block_1_2' title="bbox 216 542 2333 3637">
    <p class='ocr_par' dir='ltr' id='par_1_2' title="bbox 216 542 2333 3637">
     <span class='ocr_line' id='line_1_2' title="bbox 231 542 2323 625; baseline 0 -18"><span class='ocrx_word' id='word_1_7' title='bbox 231 556 282 609; x_wconf 83' lang='lat' dir='ltr'>et</span> <span class='ocrx_word' id='word_1_8' title='bbox 312 549 530 607; x_wconf 84' lang='lat' dir='ltr'>duxerit</span> <span class='ocrx_word' id='word_1_9' title='bbox 582 548 660 606; x_wconf 89' lang='lat' dir='ltr'>ad</span> <span class='ocrx_word' id='word_1_10' title='bbox 705 548 1133 622; x_wconf 83' lang='lat' dir='ltr'>diversorium,</span> <span class='ocrx_word' id='word_1_11' title='bbox 1191 550 1252 606; x_wconf 83' lang='lat' dir='ltr'>et</span> <span class='ocrx_word' id='word_1_12' title='bbox 1288 545 1508 605; x_wconf 82' lang='lat' dir='ltr'>dixerit</span> <span class='ocrx_word' id='word_1_13' title='bbox 1557 542 1678 605; x_wconf 86' lang='lat' dir='ltr'>illis</span> <span class='ocrx_word' id='word_1_14' title='bbox 1724 544 1806 605; x_wconf 89' lang='lat' dir='ltr'>ibi</span> <span class='ocrx_word' id='word_1_15' title='bbox 1844 552 1910 604; x_wconf 90' lang='lat' dir='ltr'>ut</span> <span class='ocrx_word' id='word_1_16' title='bbox 1943 563 2147 606; x_wconf 86' lang='lat' dir='ltr'>curam</span> <span class='ocrx_word' id='word_1_17' title='bbox 2187 549 2323 625; x_wconf 89' lang='lat' dir='ltr'>ejus</span> 
     </span>
     <span class='ocr_line' id='line_1_3' title="bbox 227 645 2319 724; baseline -0 -15"><span class='ocrx_word' id='word_1_18' title='bbox 227 649 517 722; x_wconf 82' lang='lat' dir='ltr'>haberent,</span> <span class='ocrx_word' id='word_1_19' title='bbox 582 649 856 708; x_wconf 87' lang='lat' dir='ltr'>videatur</span> <span class='ocrx_word' id='word_1_20' title='bbox 907 664 1093 724; x_wconf 86' lang='lat' dir='ltr'>supra</span> <span class='ocrx_word' id='word_1_21' title='bbox 1136 664 1206 705; x_wconf 87' lang='lat' dir='ltr'>n:</span> <span class='ocrx_word' id='word_1_22' title='bbox 1264 649 1348 705; x_wconf 81' lang='lat'>37</span> <span class='ocrx_word' id='word_1_23' title='bbox 1368 646 1438 722; x_wconf 84' lang='lat'>5,</span> <span class='ocrx_word' id='word_1_24' title='bbox 1499 646 1601 704; x_wconf 89' lang='lat' dir='ltr'>ubi</span> <span class='ocrx_word' id='word_1_25' title='bbox 1651 645 1756 704; x_wconf 89' lang='lat' dir='ltr'>illa</span> <span class='ocrx_word' id='word_1_26' title='bbox 1810 646 2109 723; x_wconf 82' lang='lat' dir='ltr'>explicata</span> <span class='ocrx_word' id='word_1_27' title='bbox 2162 653 2319 708; x_wconf 86' lang='lat' dir='ltr'>sunt.</span> 
     </span>
     <span class='ocr_line' id='line_1_4' title="bbox 228 746 2321 826; baseline 0 -19"><span class='ocrx_word' id='word_1_28' title='bbox 228 748 380 824; x_wconf 85' lang='lat' dir='ltr'>Quod</span> <span class='ocrx_word' id='word_1_29' title='bbox 406 748 628 808; x_wconf 85' lang='lat' dir='ltr'><strong>Vinum</strong></span> <span class='ocrx_word' id='word_1_30' title='bbox 663 749 958 826; x_wconf 85' lang='lat' dir='ltr'>significet</span> <span class='ocrx_word' id='word_1_31' title='bbox 994 747 1223 808; x_wconf 83' lang='lat' dir='ltr'>Verum</span> <span class='ocrx_word' id='word_1_32' title='bbox 1259 746 1592 816; x_wconf 82' lang='lat' dir='ltr'><strong>Ecclesiae,</strong></span> <span class='ocrx_word' id='word_1_33' title='bbox 1642 764 1761 805; x_wconf 90' lang='lat' dir='ltr'>non</span> <span class='ocrx_word' id='word_1_34' title='bbox 1798 748 1972 806; x_wconf 89' lang='lat' dir='ltr'>modo</span> <span class='ocrx_word' id='word_1_35' title='bbox 2011 765 2083 806; x_wconf 86' lang='lat' dir='ltr'>ex</span> <span class='ocrx_word' id='word_1_36' title='bbox 2123 748 2321 809; x_wconf 87' lang='lat' dir='ltr'>allatis</span> 
     </span>
     <span class='ocr_line' id='line_1_5' title="bbox 225 846 2321 926; baseline -0 -17"><span class='ocrx_word' id='word_1_37' title='bbox 225 851 351 909; x_wconf 89' lang='lat' dir='ltr'>locis</span> <span class='ocrx_word' id='word_1_38' title='bbox 389 855 661 908; x_wconf 84' lang='lat' dir='ltr'><strong>constare</strong></span> <span class='ocrx_word' id='word_1_39' title='bbox 697 855 929 926; x_wconf 85' lang='lat' dir='ltr'>potest,</span> <span class='ocrx_word' id='word_1_40' title='bbox 985 849 1094 907; x_wconf 88' lang='lat' dir='ltr'>sed</span> <span class='ocrx_word' id='word_1_41' title='bbox 1137 850 1315 906; x_wconf 90' lang='lat' dir='ltr'>etiam</span> <span class='ocrx_word' id='word_1_42' title='bbox 1355 864 1431 906; x_wconf 80' lang='lat' dir='ltr'>ex</span> <span class='ocrx_word' id='word_1_43' title='bbox 1480 846 1613 907; x_wconf 84' lang='lat' dir='ltr'>aliis</span> <span class='ocrx_word' id='word_1_44' title='bbox 1665 850 1723 904; x_wconf 88' lang='lat' dir='ltr'>in</span> <span class='ocrx_word' id='word_1_45' title='bbox 1760 848 1995 916; x_wconf 89' lang='lat' dir='ltr'>Verbo,</span> <span class='ocrx_word' id='word_1_46' title='bbox 2041 853 2109 906; x_wconf 90' lang='lat' dir='ltr'>ut</span> <span class='ocrx_word' id='word_1_47' title='bbox 2143 849 2321 926; x_wconf 85' lang='lat' dir='ltr'>Esaj:</span> 
     </span>
     <span class='ocr_line' id='line_1_6' title="bbox 224 946 2322 1026; baseline -0.001 -17"><span class='ocrx_word' id='word_1_48' title='bbox 224 950 274 1010; x_wconf 75' lang='lat'>12</span> <span class='ocrx_word' id='word_1_49' title='bbox 308 952 410 1008; x_wconf 76' lang='lat'>21.</span> <span class='ocrx_word' id='word_1_50' title='bbox 446 953 558 1008; x_wconf 81' lang='lat'>22.</span> <span class='ocrx_word' id='word_1_51' title='bbox 615 948 774 1026; x_wconf 85' lang='lat' dir='ltr'>Cap:</span> <span class='ocrx_word' id='word_1_52' title='bbox 815 949 1033 1009; x_wconf 82' lang='lat' dir='ltr'>XXV:</span> <span class='ocrx_word' id='word_1_53' title='bbox 1078 952 1137 1006; x_wconf 88' lang='lat'>6.</span> <span class='ocrx_word' id='word_1_54' title='bbox 1179 946 1336 1023; x_wconf 76' lang='lat' dir='ltr'>Capt</span> <span class='ocrx_word' id='word_1_55' title='bbox 1368 947 1680 1008; x_wconf 85' lang='lat' dir='ltr'><strong>XXXVI:</strong></span> <span class='ocrx_word' id='word_1_56' title='bbox 1729 951 1837 1006; x_wconf 82' lang='grc'>17.</span> <span class='ocrx_word' id='word_1_57' title='bbox 1893 948 2134 1007; x_wconf 85' lang='lat' dir='ltr'>Hosch:</span> <span class='ocrx_word' id='word_1_58' title='bbox 2165 949 2322 1008; x_wconf 66' lang='lat' dir='ltr'>VIIz</span> 
     </span>
     <span class='ocr_line' id='line_1_7' title="bbox 230 1047 2322 1126; baseline -0.001 -16"><span class='ocrx_word' id='word_1_59' title='bbox 230 1056 280 1110; x_wconf 82' lang='lat'>4.</span> <span class='ocrx_word' id='word_1_60' title='bbox 318 1051 370 1109; x_wconf 82' lang='lat'>5.</span> <span class='ocrx_word' id='word_1_61' title='bbox 415 1051 522 1108; x_wconf 86' lang='lat'>14.</span> <span class='ocrx_word' id='word_1_62' title='bbox 591 1048 755 1126; x_wconf 84' lang='lat' dir='ltr'>Cap:</span> <span class='ocrx_word' id='word_1_63' title='bbox 793 1049 979 1109; x_wconf 88' lang='lat' dir='ltr'><strong>XIV:</strong></span> <span class='ocrx_word' id='word_1_64' title='bbox 1037 1053 1095 1109; x_wconf 90' lang='lat'>6.</span> <span class='ocrx_word' id='word_1_65' title='bbox 1142 1054 1198 1106; x_wconf 84' lang='lat'>7.</span> <span class='ocrx_word' id='word_1_66' title='bbox 1247 1050 1305 1106; x_wconf 88' lang='lat'>8.</span> <span class='ocrx_word' id='word_1_67' title='bbox 1380 1051 1566 1108; x_wconf 88' lang='lat' dir='ltr'>Amos</span> <span class='ocrx_word' id='word_1_68' title='bbox 1615 1048 1707 1107; x_wconf 75' lang='lat' dir='ltr'>IIz</span> <span class='ocrx_word' id='word_1_69' title='bbox 1767 1053 1824 1108; x_wconf 89' lang='lat'>8.</span> <span class='ocrx_word' id='word_1_70' title='bbox 1899 1047 2158 1108; x_wconf 84' lang='lat' dir='ltr'>Sachar:</span> <span class='ocrx_word' id='word_1_71' title='bbox 2195 1049 2322 1110; x_wconf 87' lang='lat' dir='ltr'>IX:</span> 
     </span>
     <span class='ocr_line' id='line_1_8' title="bbox 231 1147 2325 1226; baseline 0 -17"><span class='ocrx_word' id='word_1_72' title='bbox 231 1153 323 1210; x_wconf 87' lang='lat'>15.</span> <span class='ocrx_word' id='word_1_73' title='bbox 364 1153 471 1209; x_wconf 89' lang='grc'>17.</span> <span class='ocrx_word' id='word_1_74' title='bbox 520 1150 761 1209; x_wconf 88' lang='lat' dir='ltr'>Psalm:</span> <span class='ocrx_word' id='word_1_75' title='bbox 816 1149 985 1209; x_wconf 88' lang='lat' dir='ltr'>CIV:</span> <span class='ocrx_word' id='word_1_76' title='bbox 1052 1153 1159 1207; x_wconf 84' lang='lat'>14.</span> <span class='ocrx_word' id='word_1_77' title='bbox 1220 1150 1327 1207; x_wconf 85' lang='lat'>15.</span> <span class='ocrx_word' id='word_1_78' title='bbox 1382 1152 1492 1208; x_wconf 89' lang='lat'>16.</span> <span class='ocrx_word' id='word_1_79' title='bbox 1571 1147 1868 1224; x_wconf 84' lang='lat' dir='ltr'><strong>Quoniam</strong></span> <span class='ocrx_word' id='word_1_80' title='bbox 1916 1148 2208 1226; x_wconf 83' lang='lat' dir='ltr'>pleraque</span> <span class='ocrx_word' id='word_1_81' title='bbox 2263 1152 2325 1209; x_wconf 90' lang='lat' dir='ltr'>in</span> 
     </span>
     <span class='ocr_line' id='line_1_9' title="bbox 227 1249 2320 1327; baseline 0 -18"><span class='ocrx_word' id='word_1_82' title='bbox 227 1250 405 1311; x_wconf 89' lang='lat' dir='ltr'>Verbo</span> <span class='ocrx_word' id='word_1_83' title='bbox 454 1252 636 1309; x_wconf 91' lang='lat' dir='ltr'>etiam</span> <span class='ocrx_word' id='word_1_84' title='bbox 693 1253 1035 1327; x_wconf 88' lang='lat' dir='ltr'>oppositum</span> <span class='ocrx_word' id='word_1_85' title='bbox 1080 1265 1325 1308; x_wconf 85' lang='lat' dir='ltr'>sensum</span> <span class='ocrx_word' id='word_1_86' title='bbox 1375 1250 1625 1323; x_wconf 89' lang='lat' dir='ltr'>habent,</span> <span class='ocrx_word' id='word_1_87' title='bbox 1681 1253 1766 1308; x_wconf 88' lang='lat' dir='ltr'>ita</span> <span class='ocrx_word' id='word_1_88' title='bbox 1801 1266 2041 1326; x_wconf 89' lang='lat' dir='ltr'>quoque</span> <span class='ocrx_word' id='word_1_89' title='bbox 2076 1249 2320 1326; x_wconf 83' lang='lat' dir='ltr'><strong>Vinum,</strong></span> 
     </span>
     <span class='ocr_line' id='line_1_10' title="bbox 225 1349 2324 1426; baseline -0.001 -16"><span class='ocrx_word' id='word_1_90' title='bbox 225 1353 358 1411; x_wconf 87' lang='lat' dir='ltr'>etin</span> <span class='ocrx_word' id='word_1_91' title='bbox 392 1367 462 1409; x_wconf 89' lang='lat' dir='ltr'>eo</span> <span class='ocrx_word' id='word_1_92' title='bbox 503 1351 801 1426; x_wconf 85' lang='lat' dir='ltr'>significat</span> <span class='ocrx_word' id='word_1_93' title='bbox 852 1368 1057 1412; x_wconf 88' lang='lat' dir='ltr'>verum</span> <span class='ocrx_word' id='word_1_94' title='bbox 1102 1349 1510 1423; x_wconf 84' lang='lat' dir='ltr'>falsificatum,</span> <span class='ocrx_word' id='word_1_95' title='bbox 1569 1355 1629 1409; x_wconf 91' lang='lat' dir='ltr'>et</span> <span class='ocrx_word' id='word_1_96' title='bbox 1666 1367 1905 1426; x_wconf 86' lang='lat' dir='ltr'>quoque</span> <span class='ocrx_word' id='word_1_97' title='bbox 1953 1349 2200 1425; x_wconf 87' lang='lat' dir='ltr'>falsum,</span> <span class='ocrx_word' id='word_1_98' title='bbox 2255 1358 2324 1410; x_wconf 88' lang='lat' dir='ltr'>ut</span> 
     </span>
     <span class='ocr_line' id='line_1_11' title="bbox 225 1447 2322 1530; baseline 0 -21"><span class='ocrx_word' id='word_1_99' title='bbox 225 1454 275 1509; x_wconf 89' lang='lat' dir='ltr'>in</span> <span class='ocrx_word' id='word_1_100' title='bbox 323 1450 710 1528; x_wconf 86' lang='lat' dir='ltr'>sequentibus</span> <span class='ocrx_word' id='word_1_101' title='bbox 771 1452 917 1510; x_wconf 91' lang='lat' dir='ltr'>locis</span> <span class='ocrx_word' id='word_1_102' title='bbox 938 1471 955 1526; x_wconf 81' lang='lat'>3</span> <span class='ocrx_word' id='word_1_103' title='bbox 1025 1450 1186 1526; x_wconf 90' lang='lat' dir='ltr'>apud</span> <span class='ocrx_word' id='word_1_104' title='bbox 1246 1450 1488 1527; x_wconf 85' lang='lat' dir='ltr'>Esajam</span> <span class='ocrx_word' id='word_1_105' title='bbox 1545 1493 1580 1522; x_wconf 84' lang='lat'><em>„</em></span> <span class='ocrx_word' id='word_1_106' title='bbox 1605 1447 1735 1510; x_wconf 83' lang='lat' dir='ltr'>Vae</span> <span class='ocrx_word' id='word_1_107' title='bbox 1789 1467 2052 1510; x_wconf 79' lang='lat' dir='ltr'>coronae</span> <span class='ocrx_word' id='word_1_108' title='bbox 2096 1468 2322 1530; x_wconf 70' lang='lat' dir='ltr'>super-</span> 
     </span>
     <span class='ocr_line' id='line_1_12' title="bbox 222 1548 2325 1631; baseline 0 -20"><span class='ocrx_word' id='word_1_109' title='bbox 222 1551 362 1626; x_wconf 78' lang='lat' dir='ltr'>biae,</span> <span class='ocrx_word' id='word_1_110' title='bbox 408 1550 600 1611; x_wconf 73' lang='lat' dir='ltr'>ebriis</span> <span class='ocrx_word' id='word_1_111' title='bbox 637 1549 1019 1630; x_wconf 76' lang='lat' dir='ltr'>Ephraimi,</span> <span class='ocrx_word' id='word_1_112' title='bbox 1062 1549 1227 1628; x_wconf 71' lang='lat' dir='ltr'>flori</span> <span class='ocrx_word' id='word_1_113' title='bbox 1265 1549 1582 1611; x_wconf 72' lang='lat' dir='ltr'>decidenti</span> <span class='ocrx_word' id='word_1_114' title='bbox 1644 1548 1895 1630; x_wconf 72' lang='lat' dir='ltr'>ylorz&#39;ae</span> <span class='ocrx_word' id='word_1_115' title='bbox 1942 1548 2112 1631; x_wconf 66' lang='lat' dir='ltr'>ejuS,</span> <span class='ocrx_word' id='word_1_116' title='bbox 2165 1569 2325 1630; x_wconf 78' lang='lat' dir='ltr'>quae</span> 
     </span>
     <span class='ocr_line' id='line_1_13' title="bbox 225 1649 2324 1731; baseline -0 -19"><span class='ocrx_word' id='word_1_117' title='bbox 225 1670 392 1730; x_wconf 68' lang='lat' dir='ltr'>cuper</span> <span class='ocrx_word' id='word_1_118' title='bbox 434 1650 649 1730; x_wconf 74' lang='lat' dir='ltr'>eapite</span> <span class='ocrx_word' id='word_1_119' title='bbox 687 1649 881 1712; x_wconf 72' lang='lat' dir='ltr'>vallis</span> <span class='ocrx_word' id='word_1_120' title='bbox 908 1650 1263 1731; x_wconf 69' lang='lat' dir='ltr'>pinquium</span> <span class='ocrx_word' id='word_1_121' title='bbox 1287 1651 1806 1728; x_wconf 74' lang='lat' dir='ltr'>perturbatorum</span> <span class='ocrx_word' id='word_1_122' title='bbox 1832 1650 1976 1711; x_wconf 76' lang='lat' dir='ltr'>vino</span> <span class='ocrx_word' id='word_1_123' title='bbox 1996 1671 2017 1711; x_wconf 94' lang='lat'>.·</span> <span class='ocrx_word' id='word_1_124' title='bbox 2045 1650 2324 1730; x_wconf 68' lang='lat' dir='ltr'>pedibus</span> 
     </span>
     <span class='ocr_line' id='line_1_14' title="bbox 225 1750 2326 1831; baseline 0 -19"><span class='ocrx_word' id='word_1_125' title='bbox 225 1750 732 1813; x_wconf 63' lang='lat' dir='ltr'>conculcabuntur</span> <span class='ocrx_word' id='word_1_126' title='bbox 776 1771 1006 1812; x_wconf 76' lang='lat' dir='ltr'>corona</span> <span class='ocrx_word' id='word_1_127' title='bbox 1048 1751 1378 1830; x_wconf 71' lang='lat' dir='ltr'>superbiae</span> <span class='ocrx_word' id='word_1_128' title='bbox 1435 1752 1593 1812; x_wconf 76' lang='lat' dir='ltr'>ebrii</span> <span class='ocrx_word' id='word_1_129' title='bbox 1639 1750 1993 1831; x_wconf 77' lang='lat' dir='ltr'>Ephraimz‘</span> <span class='ocrx_word' id='word_1_130' title='bbox 2002 1770 2030 1822; x_wconf 93' lang='lat'><em>;</em></span> <span class='ocrx_word' id='word_1_131' title='bbox 2095 1750 2164 1812; x_wconf 74' lang='lat' dir='ltr'>hi</span> <span class='ocrx_word' id='word_1_132' title='bbox 2204 1770 2326 1831; x_wconf 75' lang='lat' dir='ltr'>per</span> 
     </span>
     <span class='ocr_line' id='line_1_15' title="bbox 228 1850 2321 1933; baseline 0 -21"><span class='ocrx_word' id='word_1_133' title='bbox 228 1851 417 1913; x_wconf 78' lang='lat' dir='ltr'>vinum</span> <span class='ocrx_word' id='word_1_134' title='bbox 453 1858 701 1923; x_wconf 70' lang='lat' dir='ltr'>mant,</span> <span class='ocrx_word' id='word_1_135' title='bbox 752 1860 811 1913; x_wconf 80' lang='lat' dir='ltr'>et</span> <span class='ocrx_word' id='word_1_136' title='bbox 836 1871 956 1930; x_wconf 78' lang='lat' dir='ltr'>per</span> <span class='ocrx_word' id='word_1_137' title='bbox 994 1853 1262 1913; x_wconf 69' lang='lat' dir='ltr'>siceram</span> <span class='ocrx_word' id='word_1_138' title='bbox 1297 1852 1591 1913; x_wconf 72' lang='lat' dir='ltr'>aberrant</span> <span class='ocrx_word' id='word_1_139' title='bbox 1602 1873 1630 1925; x_wconf 92' lang='lat'>,·</span> <span class='ocrx_word' id='word_1_140' title='bbox 1682 1850 2040 1912; x_wconf 72' lang='lat' dir='ltr'>sacerdotes</span> <span class='ocrx_word' id='word_1_141' title='bbox 2076 1858 2135 1912; x_wconf 81' lang='lat' dir='ltr'>et</span> <span class='ocrx_word' id='word_1_142' title='bbox 2159 1871 2321 1933; x_wconf 77' lang='lat' dir='ltr'>pro-</span> 
     </span>
     <span class='ocr_line' id='line_1_16' title="bbox 217 1952 2324 2032; baseline 0.001 -20"><span class='ocrx_word' id='word_1_143' title='bbox 217 1952 387 2032; x_wconf 77' lang='lat' dir='ltr'>pheta</span> <span class='ocrx_word' id='word_1_144' title='bbox 432 1958 657 2014; x_wconf 75' lang='lat' dir='ltr'>errant</span> <span class='ocrx_word' id='word_1_145' title='bbox 689 1971 811 2031; x_wconf 81' lang='lat' dir='ltr'>per·</span> <span class='ocrx_word' id='word_1_146' title='bbox 856 1953 1126 2014; x_wconf 73' lang='lat' dir='ltr'>siceram</span> <span class='ocrx_word' id='word_1_147' title='bbox 1139 1998 1157 2028; x_wconf 85' lang='lat'>‚</span> <span class='ocrx_word' id='word_1_148' title='bbox 1229 1953 1638 2014; x_wconf 75' lang='lat' dir='ltr'>absorbentur</span> <span class='ocrx_word' id='word_1_149' title='bbox 1681 1972 1724 2012; x_wconf 84' lang='lat' dir='ltr'>a</span> <span class='ocrx_word' id='word_1_150' title='bbox 1777 1952 1952 2027; x_wconf 72' lang='lat' dir='ltr'>virm,</span> <span class='ocrx_word' id='word_1_151' title='bbox 2025 1954 2324 2015; x_wconf 77' lang='lat' dir='ltr'>aberrant</span> 
     </span>
     <span class='ocr_line' id='line_1_17' title="bbox 216 2052 2324 2135; baseline 0 -21"><span class='ocrx_word' id='word_1_152' title='bbox 216 2073 319 2132; x_wconf 77' lang='lat' dir='ltr'>per</span> <span class='ocrx_word' id='word_1_153' title='bbox 338 2053 566 2125; x_wconf 78' lang='lat' dir='ltr'>vinum,</span> <span class='ocrx_word' id='word_1_154' title='bbox 598 2059 818 2114; x_wconf 75' lang='lat' dir='ltr'>errant</span> <span class='ocrx_word' id='word_1_155' title='bbox 851 2054 1017 2115; x_wconf 76' lang='lat' dir='ltr'>inter</span> <span class='ocrx_word' id='word_1_156' title='bbox 1041 2053 1341 2125; x_wconf 70' lang='lat' dir='ltr'>videntes,</span> <span class='ocrx_word' id='word_1_157' title='bbox 1391 2054 1670 2115; x_wconf 77' lang='lat' dir='ltr'>titubant</span> <span class='ocrx_word' id='word_1_158' title='bbox 1687 2052 1994 2135; x_wconf 53' lang='lat' dir='ltr'>judio-iffi</span> <span class='ocrx_word' id='word_1_159' title='bbox 2022 2053 2324 2114; x_wconf 83' lang='lat' dir='ltr'>XXVIII:</span> 
     </span>
     <span class='ocr_line' id='line_1_18' title="bbox 235 2154 2323 2232; baseline 0 -21"><span class='ocrx_word' id='word_1_160' title='bbox 235 2158 286 2212; x_wconf 85' lang='lat'>1.</span> <span class='ocrx_word' id='word_1_161' title='bbox 325 2156 381 2214; x_wconf 85' lang='lat'>3.</span> <span class='ocrx_word' id='word_1_162' title='bbox 427 2161 457 2213; x_wconf 85' lang='lat'><strong>7</strong></span> <span class='ocrx_word' id='word_1_163' title='bbox 479 2175 494 2232; x_wconf 86' lang='lat'><em>3</em></span> <span class='ocrx_word' id='word_1_164' title='bbox 548 2156 706 2213; x_wconf 88' lang='lat' dir='ltr'>haec</span> <span class='ocrx_word' id='word_1_165' title='bbox 756 2154 911 2213; x_wconf 86' lang='lat' dir='ltr'>dicta</span> <span class='ocrx_word' id='word_1_166' title='bbox 949 2161 1089 2214; x_wconf 91' lang='lat' dir='ltr'>sunt</span> <span class='ocrx_word' id='word_1_167' title='bbox 1137 2155 1211 2213; x_wconf 90' lang='lat' dir='ltr'>de</span> <span class='ocrx_word' id='word_1_168' title='bbox 1260 2154 1379 2213; x_wconf 89' lang='lat' dir='ltr'>illis</span> <span class='ocrx_word' id='word_1_169' title='bbox 1420 2157 1521 2229; x_wconf 86' lang='lat' dir='ltr'>qui</span> <span class='ocrx_word' id='word_1_170' title='bbox 1555 2155 1859 2212; x_wconf 86' lang='lat' dir='ltr'>insaniunt</span> <span class='ocrx_word' id='word_1_171' title='bbox 1893 2155 1954 2210; x_wconf 90' lang='lat' dir='ltr'>in</span> <span class='ocrx_word' id='word_1_172' title='bbox 1989 2155 2323 2230; x_wconf 89' lang='lat' dir='ltr'>spirituali-</span> 
     </span>
     <span class='ocr_line' id='line_1_19' title="bbox 228 2252 2326 2337; baseline 0.001 -27"><span class='ocrx_word' id='word_1_173' title='bbox 228 2254 357 2324; x_wconf 80' lang='lat' dir='ltr'>buS,</span> <span class='ocrx_word' id='word_1_174' title='bbox 401 2272 471 2314; x_wconf 85' lang='lat' dir='ltr'>ex</span> <span class='ocrx_word' id='word_1_175' title='bbox 508 2273 578 2315; x_wconf 94' lang='lat' dir='ltr'>eo</span> <span class='ocrx_word' id='word_1_176' title='bbox 615 2254 775 2337; x_wconf 66' lang='lat' dir='ltr'>quod</span> <span class='ocrx_word' id='word_1_177' title='bbox 814 2273 887 2314; x_wconf 80' lang='lat' dir='ltr'>ex</span> <span class='ocrx_word' id='word_1_178' title='bbox 923 2261 1115 2314; x_wconf 88' lang='lat' dir='ltr'>semet</span> <span class='ocrx_word' id='word_1_179' title='bbox 1152 2254 1551 2332; x_wconf 73' lang='lat' dir='ltr'>intelligentes</span> <span class='ocrx_word' id='word_1_180' title='bbox 1590 2270 1727 2313; x_wconf 86' lang='lat' dir='ltr'>esse</span> <span class='ocrx_word' id='word_1_181' title='bbox 1766 2252 2039 2326; x_wconf 88' lang='lat' dir='ltr'>credant,</span> <span class='ocrx_word' id='word_1_182' title='bbox 2091 2261 2153 2312; x_wconf 90' lang='lat' dir='ltr'>et</span> <span class='ocrx_word' id='word_1_183' title='bbox 2186 2252 2326 2312; x_wconf 88' lang='lat' dir='ltr'>inde</span> 
     </span>
     <span class='ocr_line' id='line_1_20' title="bbox 231 2354 2324 2433; baseline -0 -21"><span class='ocrx_word' id='word_1_184' title='bbox 231 2354 562 2433; x_wconf 85' lang='lat' dir='ltr'>glorientur;</span> <span class='ocrx_word' id='word_1_185' title='bbox 607 2356 841 2415; x_wconf 89' lang='lat' dir='ltr'>illorum</span> <span class='ocrx_word' id='word_1_186' title='bbox 872 2362 1064 2415; x_wconf 89' lang='lat' dir='ltr'>status</span> <span class='ocrx_word' id='word_1_187' title='bbox 1090 2355 1186 2415; x_wconf 89' lang='lat' dir='ltr'>hic</span> <span class='ocrx_word' id='word_1_188' title='bbox 1217 2355 1578 2415; x_wconf 87' lang='lat' dir='ltr'>describitur</span> <span class='ocrx_word' id='word_1_189' title='bbox 1602 2371 1712 2431; x_wconf 88' lang='lat' dir='ltr'>per</span> <span class='ocrx_word' id='word_1_190' title='bbox 1737 2369 1934 2412; x_wconf 82' lang='lat' dir='ltr'>meras</span> <span class='ocrx_word' id='word_1_191' title='bbox 1962 2370 2324 2432; x_wconf 85' lang='lat' dir='ltr'>correspon-</span> 
     </span>
     <span class='ocr_line' id='line_1_21' title="bbox 234 2453 2325 2533; baseline 0 -22"><span class='ocrx_word' id='word_1_192' title='bbox 234 2454 477 2531; x_wconf 82' lang='lat' dir='ltr'>dentias3</span> <span class='ocrx_word' id='word_1_193' title='bbox 509 2458 601 2516; x_wconf 89' lang='lat' dir='ltr'>illi</span> <span class='ocrx_word' id='word_1_194' title='bbox 637 2458 739 2533; x_wconf 85' lang='lat' dir='ltr'>qui</span> <span class='ocrx_word' id='word_1_195' title='bbox 774 2458 1076 2518; x_wconf 87' lang='lat' dir='ltr'>insaniunt</span> <span class='ocrx_word' id='word_1_196' title='bbox 1111 2458 1173 2515; x_wconf 89' lang='lat' dir='ltr'>in</span> <span class='ocrx_word' id='word_1_197' title='bbox 1209 2455 1627 2533; x_wconf 83' lang='lat' dir='ltr'>spiritualibus</span> <span class='ocrx_word' id='word_1_198' title='bbox 1665 2471 1775 2513; x_wconf 88' lang='lat' dir='ltr'>seu</span> <span class='ocrx_word' id='word_1_199' title='bbox 1811 2456 1872 2511; x_wconf 90' lang='lat' dir='ltr'>in</span> <span class='ocrx_word' id='word_1_200' title='bbox 1908 2456 2098 2528; x_wconf 78' lang='lat' dir='ltr'>veriS,</span> <span class='ocrx_word' id='word_1_201' title='bbox 2144 2453 2325 2513; x_wconf 82' lang='lat' dir='ltr'>intel·-</span> 
     </span>
     <span class='ocr_line' id='line_1_22' title="bbox 237 2552 2327 2633; baseline 0 -22"><span class='ocrx_word' id='word_1_202' title='bbox 237 2552 475 2629; x_wconf 87' lang='lat' dir='ltr'>liguntur</span> <span class='ocrx_word' id='word_1_203' title='bbox 503 2575 611 2633; x_wconf 88' lang='lat' dir='ltr'>per</span> <span class='ocrx_word' id='word_1_204' title='bbox 646 2557 842 2616; x_wconf 85' lang='lat' dir='ltr'>ebrios</span> <span class='ocrx_word' id='word_1_205' title='bbox 856 2603 873 2632; x_wconf 87' lang='lat'><strong><em>,</em></strong></span> <span class='ocrx_word' id='word_1_206' title='bbox 941 2563 1000 2615; x_wconf 87' lang='lat' dir='ltr'>et</span> <span class='ocrx_word' id='word_1_207' title='bbox 1048 2561 1149 2633; x_wconf 91' lang='lat' dir='ltr'>qui</span> <span class='ocrx_word' id='word_1_208' title='bbox 1203 2557 1343 2616; x_wconf 89' lang='lat' dir='ltr'>inde</span> <span class='ocrx_word' id='word_1_209' title='bbox 1380 2555 1784 2632; x_wconf 81' lang='lat' dir='ltr'>intelligentes</span> <span class='ocrx_word' id='word_1_210' title='bbox 1821 2571 1888 2612; x_wconf 83' lang='lat' dir='ltr'>se</span> <span class='ocrx_word' id='word_1_211' title='bbox 1927 2554 2177 2614; x_wconf 84' lang='lat' dir='ltr'>eredunt</span> <span class='ocrx_word' id='word_1_212' title='bbox 2216 2572 2327 2631; x_wconf 86' lang='lat' dir='ltr'>per</span> 
     </span>
     <span class='ocr_line' id='line_1_23' title="bbox 233 2652 2329 2734; baseline 0.002 -23"><span class='ocrx_word' id='word_1_213' title='bbox 233 2652 626 2732; x_wconf 71' lang='lat' dir='ltr'>Ephraimun13</span> <span class='ocrx_word' id='word_1_214' title='bbox 702 2664 763 2715; x_wconf 91' lang='lat' dir='ltr'>et</span> <span class='ocrx_word' id='word_1_215' title='bbox 819 2658 1091 2734; x_wconf 85' lang='lat' dir='ltr'>gloriatio</span> <span class='ocrx_word' id='word_1_216' title='bbox 1143 2658 1576 2733; x_wconf 85' lang='lat' dir='ltr'>intelligentiae</span> <span class='ocrx_word' id='word_1_217' title='bbox 1631 2672 1741 2715; x_wconf 90' lang='lat' dir='ltr'>seu</span> <span class='ocrx_word' id='word_1_218' title='bbox 1795 2654 2140 2717; x_wconf 88' lang='lat' dir='ltr'>eruditionis</span> <span class='ocrx_word' id='word_1_219' title='bbox 2189 2655 2329 2715; x_wconf 89' lang='lat' dir='ltr'>inde</span> 
     </span>
     <span class='ocr_line' id='line_1_24' title="bbox 230 2755 2328 2834; baseline 0.001 -21"><span class='ocrx_word' id='word_1_220' title='bbox 230 2771 329 2830; x_wconf 90' lang='lat' dir='ltr'>per</span> <span class='ocrx_word' id='word_1_221' title='bbox 361 2773 633 2816; x_wconf 85' lang='lat' dir='ltr'>coronam</span> <span class='ocrx_word' id='word_1_222' title='bbox 671 2758 1026 2833; x_wconf 79' lang='lat' dir='ltr'>superbiae,</span> <span class='ocrx_word' id='word_1_223' title='bbox 1066 2758 1150 2816; x_wconf 91' lang='lat' dir='ltr'>illi</span> <span class='ocrx_word' id='word_1_224' title='bbox 1190 2760 1346 2819; x_wconf 89' lang='lat' dir='ltr'>enim</span> <span class='ocrx_word' id='word_1_225' title='bbox 1384 2759 1488 2834; x_wconf 82' lang='lat' dir='ltr'>qui</span> <span class='ocrx_word' id='word_1_226' title='bbox 1521 2759 1581 2815; x_wconf 91' lang='lat' dir='ltr'>in</span> <span class='ocrx_word' id='word_1_227' title='bbox 1617 2756 1785 2815; x_wconf 87' lang='lat' dir='ltr'>falsis</span> <span class='ocrx_word' id='word_1_228' title='bbox 1827 2755 2132 2816; x_wconf 84' lang='lat' dir='ltr'>doctrinae</span> <span class='ocrx_word' id='word_1_229' title='bbox 2170 2762 2328 2832; x_wconf 87' lang='lat' dir='ltr'>sunt,</span> 
     </span>
     <span class='ocr_line' id='line_1_25' title="bbox 232 2857 2328 2933; baseline 0.002 -21"><span class='ocrx_word' id='word_1_230' title='bbox 232 2859 369 2915; x_wconf 85' lang='lat' dir='ltr'>etin</span> <span class='ocrx_word' id='word_1_231' title='bbox 405 2860 475 2916; x_wconf 87' lang='lat' dir='ltr'>iis</span> <span class='ocrx_word' id='word_1_232' title='bbox 512 2875 584 2917; x_wconf 88' lang='lat' dir='ltr'>se</span> <span class='ocrx_word' id='word_1_233' title='bbox 622 2858 1155 2929; x_wconf 85' lang='lat' dir='ltr'>confirmaverunt,</span> <span class='ocrx_word' id='word_1_234' title='bbox 1208 2859 1348 2932; x_wconf 86' lang='lat' dir='ltr'>dum</span> <span class='ocrx_word' id='word_1_235' title='bbox 1391 2857 1767 2917; x_wconf 84' lang='lat' dir='ltr'>illustrantur</span> <span class='ocrx_word' id='word_1_236' title='bbox 1811 2874 1882 2915; x_wconf 86' lang='lat' dir='ltr'>ac</span> <span class='ocrx_word' id='word_1_237' title='bbox 1923 2858 2126 2916; x_wconf 87' lang='lat' dir='ltr'>vident</span> <span class='ocrx_word' id='word_1_238' title='bbox 2160 2875 2328 2933; x_wconf 83' lang='lat' dir='ltr'>vera,</span> 
     </span>
     <span class='ocr_line' id='line_1_26' title="bbox 229 2956 2331 3035; baseline 0.003 -23"><span class='ocrx_word' id='word_1_239' title='bbox 229 2957 281 3012; x_wconf 90' lang='lat' dir='ltr'>in</span> <span class='ocrx_word' id='word_1_240' title='bbox 321 2956 500 3016; x_wconf 87' lang='lat' dir='ltr'>altera</span> <span class='ocrx_word' id='word_1_241' title='bbox 546 2959 681 3015; x_wconf 85' lang='lat' dir='ltr'>vita</span> <span class='ocrx_word' id='word_1_242' title='bbox 725 2958 873 3016; x_wconf 87' lang='lat' dir='ltr'>fiunt</span> <span class='ocrx_word' id='word_1_243' title='bbox 921 2965 1205 3035; x_wconf 85' lang='lat' dir='ltr'>tanquam</span> <span class='ocrx_word' id='word_1_244' title='bbox 1250 2959 1422 3032; x_wconf 84' lang='lat' dir='ltr'>ebrii,</span> <span class='ocrx_word' id='word_1_245' title='bbox 1479 2958 1631 3017; x_wconf 88' lang='lat' dir='ltr'>tales</span> <span class='ocrx_word' id='word_1_246' title='bbox 1668 2958 1816 3016; x_wconf 87' lang='lat' dir='ltr'>fiunt</span> <span class='ocrx_word' id='word_1_247' title='bbox 1863 2958 2082 3017; x_wconf 83' lang='lat' dir='ltr'>eruditi</span> <span class='ocrx_word' id='word_1_248' title='bbox 2117 2961 2219 3035; x_wconf 87' lang='lat' dir='ltr'>qui</span> <span class='ocrx_word' id='word_1_249' title='bbox 2262 2975 2331 3018; x_wconf 89' lang='lat' dir='ltr'>se</span> 
     </span>
     <span class='ocr_line' id='line_1_27' title="bbox 228 3057 2331 3132; baseline 0.002 -19"><span class='ocrx_word' id='word_1_250' title='bbox 228 3057 277 3113; x_wconf 90' lang='lat' dir='ltr'>in</span> <span class='ocrx_word' id='word_1_251' title='bbox 327 3057 486 3117; x_wconf 80' lang='lat' dir='ltr'>falsis</span> <span class='ocrx_word' id='word_1_252' title='bbox 539 3057 1076 3132; x_wconf 87' lang='lat' dir='ltr'>confirmaverunt,</span> <span class='ocrx_word' id='word_1_253' title='bbox 1136 3065 1195 3117; x_wconf 89' lang='lat' dir='ltr'>et</span> <span class='ocrx_word' id='word_1_254' title='bbox 1242 3061 1299 3117; x_wconf 92' lang='lat' dir='ltr'>in</span> <span class='ocrx_word' id='word_1_255' title='bbox 1352 3058 1518 3117; x_wconf 80' lang='lat' dir='ltr'>falsis</span> <span class='ocrx_word' id='word_1_256' title='bbox 1582 3075 1649 3117; x_wconf 89' lang='lat' dir='ltr'>se</span> <span class='ocrx_word' id='word_1_257' title='bbox 1711 3057 2060 3119; x_wconf 86' lang='lat' dir='ltr'>confirmare</span> <span class='ocrx_word' id='word_1_258' title='bbox 2115 3065 2207 3119; x_wconf 87' lang='lat' dir='ltr'>est</span> <span class='ocrx_word' id='word_1_259' title='bbox 2254 3075 2331 3117; x_wconf 80' lang='lat' dir='ltr'>ex</span> 
     </span>
     <span class='ocr_line' id='line_1_28' title="bbox 229 3158 2330 3237; baseline 0.002 -24"><span class='ocrx_word' id='word_1_260' title='bbox 229 3164 399 3215; x_wconf 84' lang='lat' dir='ltr'>semet</span> <span class='ocrx_word' id='word_1_261' title='bbox 433 3165 494 3218; x_wconf 89' lang='lat' dir='ltr'>et</span> <span class='ocrx_word' id='word_1_262' title='bbox 529 3175 653 3216; x_wconf 89' lang='lat' dir='ltr'>non</span> <span class='ocrx_word' id='word_1_263' title='bbox 694 3175 730 3215; x_wconf 90' lang='lat' dir='ltr'>a</span> <span class='ocrx_word' id='word_1_264' title='bbox 766 3158 1053 3233; x_wconf 81' lang='lat' dir='ltr'>Domino,</span> <span class='ocrx_word' id='word_1_265' title='bbox 1092 3159 1229 3217; x_wconf 89' lang='lat' dir='ltr'>inde</span> <span class='ocrx_word' id='word_1_266' title='bbox 1264 3165 1437 3235; x_wconf 89' lang='lat' dir='ltr'>patet</span> <span class='ocrx_word' id='word_1_267' title='bbox 1473 3158 1617 3235; x_wconf 85' lang='lat' dir='ltr'>quid</span> <span class='ocrx_word' id='word_1_268' title='bbox 1659 3159 2027 3235; x_wconf 86' lang='lat' dir='ltr'>significatur</span> <span class='ocrx_word' id='word_1_269' title='bbox 2059 3177 2171 3237; x_wconf 86' lang='lat' dir='ltr'>per</span> <span class='ocrx_word' id='word_1_270' title='bbox 2212 3176 2330 3218; x_wconf 89' lang='lat' dir='ltr'>vae</span> 
     </span>
     <span class='ocr_line' id='line_1_29' title="bbox 228 3258 2332 3336; baseline 0.002 -24"><span class='ocrx_word' id='word_1_271' title='bbox 228 3270 461 3318; x_wconf 86' lang='lat' dir='ltr'>coronae</span> <span class='ocrx_word' id='word_1_272' title='bbox 499 3258 827 3333; x_wconf 86' lang='lat' dir='ltr'>superbiae</span> <span class='ocrx_word' id='word_1_273' title='bbox 860 3258 1039 3317; x_wconf 84' lang='lat' dir='ltr'>ebriis</span> <span class='ocrx_word' id='word_1_274' title='bbox 1071 3259 1408 3335; x_wconf 84' lang='lat' dir='ltr'>Ephraimi3</span> <span class='ocrx_word' id='word_1_275' title='bbox 1460 3277 1572 3336; x_wconf 90' lang='lat' dir='ltr'>per</span> <span class='ocrx_word' id='word_1_276' title='bbox 1596 3259 1801 3318; x_wconf 89' lang='lat' dir='ltr'>florem</span> <span class='ocrx_word' id='word_1_277' title='bbox 1841 3260 2169 3319; x_wconf 85' lang='lat' dir='ltr'>decidentis</span> <span class='ocrx_word' id='word_1_278' title='bbox 2197 3259 2332 3336; x_wconf 87' lang='lat' dir='ltr'>glo-</span> 
     </span>
     <span class='ocr_line' id='line_1_30' title="bbox 227 3357 2328 3436; baseline 0.001 -24"><span class='ocrx_word' id='word_1_279' title='bbox 227 3357 335 3416; x_wconf 87' lang='lat' dir='ltr'>riae</span> <span class='ocrx_word' id='word_1_280' title='bbox 368 3376 522 3435; x_wconf 88' lang='lat' dir='ltr'>quae</span> <span class='ocrx_word' id='word_1_281' title='bbox 573 3375 758 3434; x_wconf 86' lang='lat' dir='ltr'>super</span> <span class='ocrx_word' id='word_1_282' title='bbox 811 3361 1009 3435; x_wconf 87' lang='lat' dir='ltr'>capite</span> <span class='ocrx_word' id='word_1_283' title='bbox 1061 3359 1236 3418; x_wconf 83' lang='lat' dir='ltr'>vallis</span> <span class='ocrx_word' id='word_1_284' title='bbox 1272 3362 1584 3436; x_wconf 90' lang='lat' dir='ltr'>pinguium</span> <span class='ocrx_word' id='word_1_285' title='bbox 1632 3361 2118 3435; x_wconf 87' lang='lat' dir='ltr'>perturbatorum</span> <span class='ocrx_word' id='word_1_286' title='bbox 2169 3362 2328 3426; x_wconf 81' lang='lat' dir='ltr'>vino,</span> 
     </span>
     <span class='ocr_line' id='line_1_31' title="bbox 229 3456 2333 3532; baseline -0 -16"><span class='ocrx_word' id='word_1_287' title='bbox 229 3456 575 3531; x_wconf 81' lang='lat' dir='ltr'>significatur</span> <span class='ocrx_word' id='word_1_288' title='bbox 614 3459 843 3517; x_wconf 85' lang='lat' dir='ltr'>Verum</span> <span class='ocrx_word' id='word_1_289' title='bbox 880 3459 1191 3519; x_wconf 81' lang='lat' dir='ltr'>Ecclesiae</span> <span class='ocrx_word' id='word_1_290' title='bbox 1243 3462 1304 3518; x_wconf 89' lang='lat' dir='ltr'>in</span> <span class='ocrx_word' id='word_1_291' title='bbox 1344 3477 1458 3518; x_wconf 88' lang='lat' dir='ltr'>sua</span> <span class='ocrx_word' id='word_1_292' title='bbox 1500 3461 1809 3518; x_wconf 84' lang='lat' dir='ltr'>nascentia</span> <span class='ocrx_word' id='word_1_293' title='bbox 1845 3457 2216 3532; x_wconf 86' lang='lat' dir='ltr'>deperditum</span> <span class='ocrx_word' id='word_1_294' title='bbox 2255 3472 2333 3515; x_wconf 85' lang='lat' dir='ltr'>ex</span> 
     </span>
     <span class='ocr_line' id='line_1_32' title="bbox 228 3553 2328 3637; baseline -0.001 -23"><span class='ocrx_word' id='word_1_295' title='bbox 228 3555 559 3630; x_wconf 86' lang='lat' dir='ltr'>gloriatione</span> <span class='ocrx_word' id='word_1_296' title='bbox 596 3558 1024 3636; x_wconf 86' lang='lat' dir='ltr'>intelligentiae</span> <span class='ocrx_word' id='word_1_297' title='bbox 1060 3562 1375 3637; x_wconf 87' lang='lat' dir='ltr'>propriae,</span> <span class='ocrx_word' id='word_1_298' title='bbox 1427 3577 1583 3637; x_wconf 86' lang='lat' dir='ltr'>quae</span> <span class='ocrx_word' id='word_1_299' title='bbox 1623 3565 1715 3618; x_wconf 89' lang='lat' dir='ltr'>est</span> <span class='ocrx_word' id='word_1_300' title='bbox 1752 3554 2036 3615; x_wconf 87' lang='lat' dir='ltr'>naturalis</span> <span class='ocrx_word' id='word_1_301' title='bbox 2072 3553 2328 3614; x_wconf 87' lang='lat' dir='ltr'>hominis</span> 
     </span>
    </p>
   </div>
   <div class='ocr_carea' id='block_1_3' title="bbox 227 3654 2449 3742">
    <p class='ocr_par' dir='ltr' id='par_1_3' title="bbox 227 3654 2449 3742">
     <span class='ocr_line' id='line_1_33' title="bbox 227 3654 2449 3742; baseline 0 -30"><span class='ocrx_word' id='word_1_302' title='bbox 227 3663 471 3731; x_wconf 86' lang='lat' dir='ltr'>separati</span> <span class='ocrx_word' id='word_1_303' title='bbox 506 3677 545 3718; x_wconf 89' lang='lat' dir='ltr'>a</span> <span class='ocrx_word' id='word_1_304' title='bbox 580 3660 912 3736; x_wconf 84' lang='lat' dir='ltr'>spirituali,</span> <span class='ocrx_word' id='word_1_305' title='bbox 972 3662 1072 3738; x_wconf 88' lang='lat' dir='ltr'>qui</span> <span class='ocrx_word' id='word_1_306' title='bbox 1120 3666 1259 3720; x_wconf 90' lang='lat' dir='ltr'>tune</span> <span class='ocrx_word' id='word_1_307' title='bbox 1314 3660 1479 3718; x_wconf 88' lang='lat' dir='ltr'>videt</span> <span class='ocrx_word' id='word_1_308' title='bbox 1525 3659 1744 3717; x_wconf 85' lang='lat' dir='ltr'>falsum</span> <span class='ocrx_word' id='word_1_309' title='bbox 1795 3658 1929 3717; x_wconf 89' lang='lat' dir='ltr'>loco</span> <span class='ocrx_word' id='word_1_310' title='bbox 1980 3657 2145 3729; x_wconf 81' lang='lat' dir='ltr'>veri,</span> <span class='ocrx_word' id='word_1_311' title='bbox 2218 3654 2332 3713; x_wconf 83' lang='lat' dir='ltr'>flos</span> <span class='ocrx_word' id='word_1_312' title='bbox 2446 3739 2449 3742; x_wconf 17' lang='grc' dir='ltr'><em>Α</em></span> 
     </span>
    </p>
   </div>
   <div class='ocr_carea' id='block_1_4' title="bbox 223 3754 2335 4431">
    <p class='ocr_par' dir='ltr' id='par_1_4' title="bbox 223 3754 2335 4431">
     <span class='ocr_line' id='line_1_34' title="bbox 228 3754 2327 3834; baseline 0 -22"><span class='ocrx_word' id='word_1_313' title='bbox 228 3754 434 3830; x_wconf 86' lang='lat' dir='ltr'>gloriae</span> <span class='ocrx_word' id='word_1_314' title='bbox 490 3766 585 3818; x_wconf 89' lang='lat' dir='ltr'>est</span> <span class='ocrx_word' id='word_1_315' title='bbox 630 3777 840 3818; x_wconf 87' lang='lat' dir='ltr'>verum</span> <span class='ocrx_word' id='word_1_316' title='bbox 902 3762 963 3818; x_wconf 90' lang='lat' dir='ltr'>in</span> <span class='ocrx_word' id='word_1_317' title='bbox 1015 3777 1129 3819; x_wconf 89' lang='lat' dir='ltr'>sua</span> <span class='ocrx_word' id='word_1_318' title='bbox 1190 3762 1505 3819; x_wconf 85' lang='lat' dir='ltr'>nascentia</span> <span class='ocrx_word' id='word_1_319' title='bbox 1555 3759 1776 3816; x_wconf 88' lang='lat' dir='ltr'>cadens</span> <span class='ocrx_word' id='word_1_320' title='bbox 1836 3775 1947 3817; x_wconf 90' lang='lat' dir='ltr'>seu</span> <span class='ocrx_word' id='word_1_321' title='bbox 2006 3756 2327 3834; x_wconf 89' lang='lat' dir='ltr'>perditum,</span> 
     </span>
     <span class='ocr_line' id='line_1_35' title="bbox 227 3857 2325 3937; baseline 0.001 -24"><span class='ocrx_word' id='word_1_322' title='bbox 227 3865 392 3931; x_wconf 85' lang='lat' dir='ltr'>caput</span> <span class='ocrx_word' id='word_1_323' title='bbox 425 3860 602 3918; x_wconf 84' lang='lat' dir='ltr'>vallis</span> <span class='ocrx_word' id='word_1_324' title='bbox 629 3861 944 3936; x_wconf 85' lang='lat' dir='ltr'>pinguium</span> <span class='ocrx_word' id='word_1_325' title='bbox 980 3866 1073 3918; x_wconf 89' lang='lat' dir='ltr'>est</span> <span class='ocrx_word' id='word_1_326' title='bbox 1105 3861 1502 3937; x_wconf 89' lang='lat' dir='ltr'>intelligentia</span> <span class='ocrx_word' id='word_1_327' title='bbox 1537 3857 1828 3917; x_wconf 85' lang='lat' dir='ltr'>naturalis</span> <span class='ocrx_word' id='word_1_328' title='bbox 1868 3858 2140 3933; x_wconf 86' lang='lat' dir='ltr'>hominis,</span> <span class='ocrx_word' id='word_1_329' title='bbox 2181 3875 2325 3934; x_wconf 90' lang='lat' dir='ltr'>per-</span> 
     </span>
     <span class='ocr_line' id='line_1_36' title="bbox 227 3956 2328 4035; baseline 0.003 -25"><span class='ocrx_word' id='word_1_330' title='bbox 227 3956 429 4016; x_wconf 85' lang='lat' dir='ltr'>turbati</span> <span class='ocrx_word' id='word_1_331' title='bbox 476 3962 613 4020; x_wconf 89' lang='lat' dir='ltr'>vino</span> <span class='ocrx_word' id='word_1_332' title='bbox 664 3967 803 4019; x_wconf 86' lang='lat' dir='ltr'>sunt</span> <span class='ocrx_word' id='word_1_333' title='bbox 851 3964 953 4035; x_wconf 91' lang='lat' dir='ltr'>qui</span> <span class='ocrx_word' id='word_1_334' title='bbox 989 3960 1194 4020; x_wconf 90' lang='lat' dir='ltr'>vident</span> <span class='ocrx_word' id='word_1_335' title='bbox 1240 3961 1459 4020; x_wconf 86' lang='lat' dir='ltr'>falsum</span> <span class='ocrx_word' id='word_1_336' title='bbox 1502 3960 1640 4018; x_wconf 89' lang='lat' dir='ltr'>loco</span> <span class='ocrx_word' id='word_1_337' title='bbox 1673 3959 1831 4033; x_wconf 83' lang='lat' dir='ltr'>veri;</span> <span class='ocrx_word' id='word_1_338' title='bbox 1887 3958 2142 4034; x_wconf 88' lang='lat' dir='ltr'>pedibus</span> <span class='ocrx_word' id='word_1_339' title='bbox 2180 3976 2328 4020; x_wconf 85' lang='lat' dir='ltr'>con-</span> 
     </span>
     <span class='ocr_line' id='line_1_37' title="bbox 227 4054 2335 4138; baseline 0.004 -28"><span class='ocrx_word' id='word_1_340' title='bbox 227 4054 601 4117; x_wconf 85' lang='lat' dir='ltr'>culcabuntur</span> <span class='ocrx_word' id='word_1_341' title='bbox 637 4077 854 4119; x_wconf 88' lang='lat' dir='ltr'>corona</span> <span class='ocrx_word' id='word_1_342' title='bbox 888 4061 1208 4137; x_wconf 87' lang='lat' dir='ltr'>superbiae</span> <span class='ocrx_word' id='word_1_343' title='bbox 1253 4061 1401 4120; x_wconf 87' lang='lat' dir='ltr'>ebrii</span> <span class='ocrx_word' id='word_1_344' title='bbox 1440 4059 1778 4138; x_wconf 76' lang='lat' dir='ltr'>Ephraimi,</span> <span class='ocrx_word' id='word_1_345' title='bbox 1835 4058 2131 4135; x_wconf 86' lang='lat' dir='ltr'>significat</span> <span class='ocrx_word' id='word_1_346' title='bbox 2168 4056 2335 4137; x_wconf 81' lang='lat' dir='ltr'>quod</span> 
     </span>
     <span class='ocr_line' id='line_1_38' title="bbox 224 4145 2335 4238; baseline 0.002 -26"><span class='ocrx_word' id='word_1_347' title='bbox 224 4170 454 4228; x_wconf 86' lang='lat' dir='ltr'>prorsus</span> <span class='ocrx_word' id='word_1_348' title='bbox 492 4164 759 4235; x_wconf 89' lang='lat' dir='ltr'>peritura</span> <span class='ocrx_word' id='word_1_349' title='bbox 790 4163 873 4220; x_wconf 84' lang='lat' dir='ltr'>sit</span> <span class='ocrx_word' id='word_1_350' title='bbox 917 4159 1023 4220; x_wconf 88' lang='lat' dir='ltr'>illa</span> <span class='ocrx_word' id='word_1_351' title='bbox 1055 4145 1489 4238; x_wconf 50' lang='lat' dir='ltr'>intelligentiaj</span> <span class='ocrx_word' id='word_1_352' title='bbox 1544 4160 1606 4219; x_wconf 90' lang='lat' dir='ltr'>hi</span> <span class='ocrx_word' id='word_1_353' title='bbox 1646 4178 1757 4237; x_wconf 88' lang='lat' dir='ltr'>per</span> <span class='ocrx_word' id='word_1_354' title='bbox 1783 4162 1998 4219; x_wconf 69' lang='lat' dir='ltr'>vinum</span> <span class='ocrx_word' id='word_1_355' title='bbox 2033 4165 2236 4218; x_wconf 87' lang='lat' dir='ltr'>errant</span> <span class='ocrx_word' id='word_1_356' title='bbox 2273 4163 2335 4218; x_wconf 89' lang='lat' dir='ltr'>et</span> 
     </span>
     <span class='ocr_line' id='line_1_39' title="bbox 223 4260 2334 4338; baseline 0.001 -26"><span class='ocrx_word' id='word_1_357' title='bbox 223 4269 324 4326; x_wconf 87' lang='lat' dir='ltr'>per</span> <span class='ocrx_word' id='word_1_358' title='bbox 355 4260 605 4319; x_wconf 87' lang='lat' dir='ltr'>siceram</span> <span class='ocrx_word' id='word_1_359' title='bbox 644 4261 952 4336; x_wconf 82' lang='lat' dir='ltr'>aberrant,</span> <span class='ocrx_word' id='word_1_360' title='bbox 1001 4260 1298 4338; x_wconf 86' lang='lat' dir='ltr'>significat</span> <span class='ocrx_word' id='word_1_361' title='bbox 1331 4279 1443 4337; x_wconf 89' lang='lat' dir='ltr'>per</span> <span class='ocrx_word' id='word_1_362' title='bbox 1478 4261 1634 4320; x_wconf 83' lang='lat' dir='ltr'>falsa</span> <span class='ocrx_word' id='word_1_363' title='bbox 1671 4267 1732 4320; x_wconf 88' lang='lat' dir='ltr'>et</span> <span class='ocrx_word' id='word_1_364' title='bbox 1771 4278 1882 4337; x_wconf 90' lang='lat' dir='ltr'>per</span> <span class='ocrx_word' id='word_1_365' title='bbox 1917 4260 2022 4319; x_wconf 91' lang='lat' dir='ltr'>illa</span> <span class='ocrx_word' id='word_1_366' title='bbox 2054 4276 2209 4337; x_wconf 85' lang='lat' dir='ltr'>quae</span> <span class='ocrx_word' id='word_1_367' title='bbox 2257 4274 2334 4320; x_wconf 82' lang='lat' dir='ltr'>ex</span> 
     </span>
     <span class='ocr_line' id='line_1_40' title="bbox 320 4363 1998 4431; baseline 0.003 -19"><span class='ocrx_word' id='word_1_368' title='bbox 320 4373 739 4430; x_wconf 74' lang='lat' dir='ltr'>Swedonborg,</span> <span class='ocrx_word' id='word_1_369' title='bbox 771 4378 963 4431; x_wconf 76' lang='lat' dir='ltr'>Apocal.</span> <span class='ocrx_word' id='word_1_370' title='bbox 996 4378 1109 4430; x_wconf 79' lang='lat' dir='ltr'>oxpl.</span> <span class='ocrx_word' id='word_1_371' title='bbox 1142 4376 1201 4416; x_wconf 90' lang='lat'>11.</span> <span class='ocrx_word' id='word_1_372' title='bbox 1914 4363 1998 4417; x_wconf 74' lang='grc'>19</span> 
     </span>
    </p>
   </div>
  </div>
 </body>
</html>
