2791 4778
424 354 535 408 ise
855 341 1347 399 APOCALYPSIS
1388 340 1822 398 EmecA'rA.
1874 342 1922 411 ο.
1961 350 2090 405 355.

418 499 772 583 equitantes
806 517 1000 581 super·
1037 499 1268 579 equis“
1339 500 1432 562 Xz
1473 502 1535 562 3.
1576 503 1640 561 4.
1687 503 1757 577 55
1810 518 1923 578 per
1968 500 2209 561 domum
2260 499 2535 562 Jehndae

420 600 789 680 significatur
816 599 1090 679 Regnum
1124 600 1391 660 coeleste
1416 601 1688 675 Domini,
1739 618 1848 660 seu
1887 599 2134 660 Coelnm
2169 606 2233 660 et
2263 601 2541 661 Ecclesia

348 723 351 726 ·
421 718 581 781 quae
616 702 676 760 in
710 718 912 760 amore
961 703 1022 760 in
1056 700 1412 773 Dominum,
1477 700 1552 762 de
1589 699 1705 760 hoc
1741 701 1985 775 dicitnr,
2043 700 2202 775 quod
2239 703 2357 761 erit
2386 703 2546 761 sicut

423 802 632 879 Equus
666 800 891 877 gloriae
925 803 986 861 in
1013 799 1191 871 bello,
1227 818 1338 877 per
1364 818 1543 883 quem
1579 799 1948 877 significatur
1971 799 2315 860 intellectus
2340 801 2545 860 Divini

423 901 574 962 Veri
604 917 878 979 pugnans
915 907 1123 962 contra
1157 899 1317 959 mala
1351 909 1413 961 et
1446 899 1621 974 salsa,
1660 917 1815 976 quae
1842 902 2142 973 destruet,
2180 918 2294 978 per
2319 918 2544 977 equum

423 1001 793 1079 significatur
826 1001 1194 1074 intellectus,
1247 1017 1359 1077 per
1406 999 1658 1078 gloriam
1692 1000 1980 1060 Divinum
2015 999 2274 1073 Verum,
2335 1006 2402 1060 et
2438 1017 2546 1077 per

422 1101 649 1162 bellum
685 1118 888 1178 pugna
922 1110 1133 1160 contra
1166 1099 1320 1159 salsa
1354 1107 1418 1159 et
1451 1099 1639 1174 mala,
1677 1105 1740 1159 et
1774 1100 2098 1160 destructio
2136 1116 2349 1158 eorum
2361 1119 2378 1174 3
2437 1117 2544 1176 per

424 1201 801 1279 angularem,
865 1200 1098 1259 clavum
1150 1206 1210 1258 ct
1255 1217 1461 1258 arcum
1508 1199 1653 1260 belli
1697 1216 1853 1276 qnae
1905 1217 1978 1258 ex
2015 1198 2292 1274 Jehnda,
2351 1201 2541 1276 signi-

423 1302 678 1363 ficantur
698 1317 861 1373 vera,
897 1318 1010 1378 per
1044 1299 1392 1376 angularem
1419 1316 1632 1359 verum
1660 1306 1880 1375 tutans,
1918 1316 2030 1376 per
2056 1298 2295 1358 clavum
2328 1316 2540 1360 verum

424 1400 695 1475 firmans,
754 1407 814 1459 et
849 1418 958 1477 per
993 1417 1196 1459 arcum
1231 1398 1375 1457 belli
1410 1416 1632 1458 verum*
1653 1415 1929 1477 pugnans
1966 1415 2042 1457 ex
2080 1398 2380 1474 doctrina3
2439 1416 2544 1476 pcr

427 1501 591 1578 quod
637 1505 812 1559 erunt
870 1503 1026 1560 sicut
1079 1505 1359 1577 potentes
1413 1499 1834 1560 conculcantes
1882 1515 2133 1558 coenum
2179 1497 2540 1574 platearum,

423 1599 797 1677 significatur
847 1603 1117 1676 potentia
1168 1598 1501 1677 dissipandi
1547 1605 1609 1659 et
1654 1598 2000 1659 destruendi
2047 1597 2233 1673 salsa,
2290 1615 2542 1657 coenum

424 1700 762 1777 platearum
817 1699 1111 1776 significat
1165 1699 1318 1757 salsa
1336 1719 1354 1776 3
1409 1716 1522 1776 per
1557 1699 1715 1775 quod
1767 1698 2157 1775 pudefacient
2202 1700 2542 1773 equitantes

426 1815 613 1876 super
662 1799 833 1874 equis
851 1842 869 1873 ‚
924 1798 1292 1876 significatur
1341 1797 1690 1857 annihilatio
1737 1797 2288 1872 ratiocinationum,
2357 1815 2538 1875 argu-

423 1899 851 1958 mentationum
902 1902 963 1955 et
1011 1898 1522 1957 confirmationum
1586 1915 1741 1975 quae
1793 1915 1867 1956 ex
1909 1899 2164 1975 proprio.
2202 1896 2541 1973 intellectu3

224 1998 385 2062 [469]
427 1997 588 2075 quod
619 1996 736 2056 hoe
774 1994 879 2056 fiet
914 2014 951 2054 a
986 1997 1242 2056 Domino
1279 2006 1340 2056 et
1374 2015 1493 2057 non
1530 1997 1605 2056 ab
1640 1997 1793 2072 illis,
1831 1995 2180 2073 intelligitur
2214 2014 2329 2073 per
2361 2014 2540 2073 prae-

423 2097 730 2158 liabuntur
777 2098 917 2172 quia
952 2096 1231 2156 Jehovah
1278 2113 1414 2155 cum
1448 2096 1585 2156 illis.
1657 2095 1839 2174 Apud
1871 2095 2216 2155 Hoscheam
2271 2095 2546 2170 „Assur

425 2214 551 2258 non
593 2194 868 2257 servabit
902 2213 1045 2272 nos,
1099 2214 1289 2274 super
1312 2195 1513 2274 ¹Equo
1545 2214 1672 2257 non
1710 2195 2151 2274 equitabimus,
2204 2213 2334 2256 non
2377 2194 2542 2256 diee-

428 2316 579 2359 mus
639 2292 923 2375 amplius
977 2294 1169 2356 Deus
1228 2302 1441 2356 noster
1503 2296 1679 2375 operi
1746 2313 2053 2356 manuum
2116 2300 2490 2355 nostrarum
2507 2298 2541 2330 “

431 2398 605 2460 XIV:
644 2400 682 2457 4
700 2417 717 2475 ;
771 2398 967 2474 agitur
1003 2398 1180 2457 etiam
1214 2396 1312 2456 hic
1348 2396 1423 2455 de
1457 2396 1848 2474 intelligentia
1883 2414 1958 2456 ex
1992 2398 2255 2473 proprio,
2293 2402 2355 2453 et
2389 2394 2547 2472 quod

430 2498 538 2558 illa
569 2515 688 2558 non
721 2497 919 2557 salvet
929 2516 947 2573 3
982 2514 1094 2575 per
1130 2495 1462 2556 Aschurcm
1499 2497 1865 2572 significatur
1898 2495 2215 2567 rationale,
2252 2495 2354 2554 hic
2388 2494 2548 2572 quod

427 2615 504 2658 ex
538 2598 782 2675 proprio
794 2617 811 2673 3
866 2614 979 2674 per
1014 2599 1284 2674 equitare
1320 2612 1507 2671 super
1544 2612 1729 2672 equo,
1767 2595 2138 2673 significatur
2172 2596 2550 2655 ratiocinatio

431 2714 509 2757 ex
534 2698 779 2772 proprio
806 2695 1146 2756 intellectus
1162 2717 1178 2773 3
1219 2703 1280 2754 ct
1302 2712 1415 2773 per
1442 2712 1595 2771 opus
1622 2714 1922 2769 manuum,
1960 2695 2327 2771 significatur
2349 2697 2550 2771 ipsum

431 2797 757 2873 proprium.
811 2788 988 2872 Apud
1023 2795 1403 2855 Ezechielem
1440 2792 1788 2868 „scortata
1825 2801 1922 2856 est
1952 2791 2188 2869 Ohola,
2226 2797 2286 2853 et
2313 2790 2550 2855 dilexit

428 2893 718 2955 amasios
768 2910 949 2969 suos,
1019 2894 1334 2974 Assyrios
1374 2895 1800 2974 propinquos,
1878 2893 2141 2955 vestitos
2184 2891 2547 2974 hyacintho,

427 2992 668 3072 equites
702 2991 1051 3071 equitantes
1077 2993 1301 3072 equis“
1342 2994 1591 3054 XXIII:
1613 2995 1688 3054 ·5.
1727 2998 1785 3053 6.
1830 2998 1936 3053 12.
1971 2995 2059 3054 23
2079 3013 2097 3070 3
2137 2992 2352 3068 Ohola,
2391 3009 2549 3070 quae

427 3094 513 3153 ibi
548 3098 641 3152 est
681 3091 982 3166 Samaria,
1020 3092 1314 3169 significat
1338 3094 1672 3153 Ecclesiam
1707 3094 1812 3154 ubi
1844 3093 2160 3153 falsificata
2193 3100 2337 3153 sunt
2369 3110 2548 3169 vera3

431 3193 827 3253 scortationes
866 3192 1033 3268 ejus,
1089 3193 1161 3251 de
1201 3193 1419 3269 quibus
1465 3195 1529 3252 in
1577 3210 1649 3252 co
1685 3193 1930 3271 Capite,
1986 3192 2326 3270 significant
2374 3192 2548 3251 salsi-

429 3292 771 3368 ficationes3
824 3310 937 3370 per
970 3293 1257 3371 Assyrios
1313 3292 1722 3369 significantur
1755 3295 2069 3354 ratiocinia
2103 3309 2214 3369 per
2248 3309 2440 3369 quae3
2497 3298 2554 3350 et

431 3395 575 3470 quia
609 3409 720 3471 per
756 3395 1026 3471 equitare
1063 3395 1233 3471 equis
1274 3392 1647 3470 significatur
1680 3393 2020 3452 ratiocinari
2056 3409 2132 3451 ex
2166 3392 2359 3462 falsis,
2395 3408 2551 3469 quae

429 3511 503 3555 ex
538 3496 786 3571 propria
817 3494 1239 3572 intelligentia,
1296 3493 1432 3551 ideo
1486 3489 1702 3551 dicitur
1750 3492 1960 3553 dilexit
1996 3493 2277 3569 Assyrios
2317 3494 2553 3567 equites

428 3597 768 3671 equitantes
830 3596 1032 3672 equis3
1085 3611 1197 3671 per
1259 3591 1647 3670 hyacinthum
1712 3609 1830 3668 quo
1874 3593 2117 3666 vestiti,
2184 3590 2554 3670 significatur

425 3693 648 3753 falsum
681 3710 979 3770 apparens
1017 3695 1174 3752 sicut
1211 3710 1415 3752 verum
1435 3737 1451 3765 ,
1507 3692 1669 3768 quod
1701 3691 1768 3750 fit
1800 3692 2090 3768 imprimis
2126 3708 2240 3767 per
2273 3690 2549 3769 applica-

426 3794 652 3850 tionem
684 3807 900 3851 sensus
934 3791 1144 3850 literae
1175 3791 1363 3850 Verbi
1397 3791 1474 3848 ad
1497 3793 1796 3870 principia
1819 3790 1973 3850 salsi.
2013 3790 2198 3866 Apud
2224 3790 2554 3850 Jeremiam

430 3888 545 3965 „A
567 3887 767 3950 Daue
789 3888 1060 3950 auditus
1085 3893 1180 3948 est
1211 3887 1526 3950 rhonehus
1561 3908 1863 3969 equorum
1886 3890 2042 3973 ejus,
2084 3907 2128 3949 a
2159 3907 2304 3950 voce
2336 3888 2551 3950 himti-

429 3993 613 4049 tuum
649 3987 1052 4048 robustorum
1086 3987 1225 4068 ejus
1250 3990 1623 4051 contremuit
1645 3990 1800 4052 vtota
1840 3995 2014 4052 terra
2024 4033 2043 4065 ,
2084 3994 2145 4050 et
2171 3995 2478 4051 venerunt
2499 3994 2554 4050 et

428 4093 908 4148 consumserunt
943 4092 1183 4147 tmam
1221 4091 1282 4147 et
1309 4083 1776 4166 plenitudinem
1814 4090 1952 4173 ejus
1988 4095 2049 4150 et
2085 4088 2447 4151 habitantes
2488 4087 2556 4149 in

427 4189 548 4248 ea“
598 4185 783 4247 VIII:
829 4190 959 4266 163
1015 4185 1160 4266 quid
1210 4204 1321 4266 per
1364 4188 1601 4250 Danem
1647 4190 2029 4267 intelligitur,
2085 4205 2273 4270 supra
2319 4191 2380 4248 in
2442 4189 2553 4249 hoc
