2791 4778
414 330 524 384 106
861 315 1350 373 APOCALYPSIS
1392 316 1828 380 EXPLICATA,
1886 317 1933 386 §-
1974 325 2105 388 349,

410 478 523 560 qm·
559 494 701 538 vm
733 492 858 538 non
895 474 1099 537 credit
1130 472 1340 550 Faio,
1387 493 1514 535 non
1546 473 1804 536 videbit.
1820 474 2052 551 vitam,
2103 472 2220 536 sed
2255 472 2362 537 ira
2395 474 2521 536 Dei
2650 449 2675 562 4

410 583 624 640 manet
661 593 852 656 super
895 578 1013 636 eo“
1065 575 1189 636 111:
1233 577 1356 636 36:
1413 575 1577 652 apud
1610 576 1881 634 Eundem
1920 575 2295 656 „Quisquis
2336 575 2521 636 eredit

411 679 484 741 in
520 674 774 738 Filium
787 718 804 751 ,
858 674 1040 737 habet
1080 674 1283 736 vitam
1321 681 1675 751 aeternam,
1729 680 1789 735 et
1828 677 2148 737 suscitabo
2191 673 2384 737 illum
2417 693 2522 737 ecc-

415 784 613 841 tre‘mo
653 773 804 837 die“
835 775 956 835 VI:
991 778 1105 836 40.
1139 779 1251 835 47.
1287 780 1415 837 48:
1455 777 1618 853 apud
1644 776 1916 835 Eundem
1944 774 2160 851 „Oves
2187 782 2525 855 sequuntur

411 877 554 954 Me,
600 881 660 938 et
684 875 835 957 Ego
861 874 1064 936 vitam
1097 882 1420 937 aeternam
1456 874 1538 936 do
1576 874 1739 953 illis,
1784 894 1895 936 neo
1908 876 2210 955 peribunt
2234 876 2310 937 in
2333 882 2523 937 aeter-

410 980 613 1041 παπαί(
648 977 731 1038 X:
774 980 884 1036 27.
920 980 1042 1037 28:
1082 982 1145 1036 et
1177 975 1338 1053 apud
1371 976 1642 1036 Eundem
1684 975 2130 1053 „Swutamini
2153 976 2525 1056 empturas,

411 1076 570 1141 illae
595 1080 911 1139 testantur
937 1075 1015 1137 de
1037 1075 1161 1152 Me,
1199 1075 1314 1137 sed
1350 1095 1476 1137 non
1500 1075 1702 1138 vultis
1725 1076 1933 1138 venire
1972 1075 2064 1136 ad
2088 1075 2200 1136 Me
2233 1083 2311 1137 ut
2339 1077 2528 1137 vitam

412 1178 745 1240 habeatis“
800 1176 877 1237 V:
921 1179 1035 1238 39.
1078 1181 1202 1237 4οε
1259 1176 1478 1237 dicitur
1512 1180 1571 1238 in
1607 1176 1813 1237 Vei-bo
1862 1177 2110 1236 credere
2144 1179 2205 1236 in
2241 1178 2440 1237 Deum
2477 1185 2531 1236 et

413 1279 658 1340 eredere
694 1276 800 1337 illa
850 1294 1006 1354 quae
1043 1295 1079 1335 a
1114 1278 1275 1352 Dee,
1340 1284 1402 1337 et
1438 1277 1683 1337 credere
1719 1280 1779 1335 in
1813 1277 2015 1359 Deum
2066 1284 2158 1335 est
2192 1277 2347 1337 fides
2384 1295 2528 1353 quae

415 1379 650 1449 salvat,
705 1383 768 1436 at
802 1377 1047 1438 credere
1084 1377 1189 1436 illa
1224 1394 1379 1453 quae
1418 1395 1454 1435 a
1488 1377 1655 1451 Dec,
1709 1383 1803 1437 est
1837 1377 1986 1436 fides
2022 1377 2344 1450 historica,
2385 1394 2530 1453 quae

419 1479 655 1556 absque
692 1480 892 1555 priore
929 1496 1048 1536 non
1072 1478 1301 1548 salvat,
1339 1494 1525 1555 quare
1561 1495 1679 1537 non
1716 1485 1808 1537 est
1834 1495 1979 1536 vera
2013 1476 2195 1552 fides3
2234 1496 2377 1536 nam
2403 1494 2530 1537 cre-

415 1580 558 1639 dere
592 1581 653 1638 in
679 1579 908 1652 Deum,
949 1584 1043 1637 est
1069 1580 1257 1651 scire,
1295 1578 1454 1637 velle
1493 1583 1552 1637 et
1587 1578 1816 1648 facere,
1854 1584 1918 1636 at
1953 1576 2200 1638 credere
2238 1577 2349 1635 illa
2384 1595 2532 1653 quae

414 1678 631 1753 aDeo,
671 1683 763 1736 est
807 1679 981 1751 seire,
1025 1695 1179 1754 quae
1217 1677 1431 1737 dabilis
1470 1686 1563 1737 est
1598 1677 1828 1754 absque
1862 1677 2022 1736 velle
2060 1685 2122 1736 et
2156 1678 2399 1737 facere:
2439 1680 2533 1755 qui

413 1793 563 1837 vere
601 1776 923 1836 Christiani
958 1784 1129 1853 suut,
1168 1777 1255 1837 illi
1281 1781 1508 1847 sciunt,
1541 1778 1759 1838 volunt
1793 1786 1854 1838 et.
1877 1780 2106 1837 faciunt
2119 1797 2136 1852 3
2189 1784 2254 1836 at
2290 1782 2532 1855 quinon

413 1894 561 1941 vere
599 1875 919 1936 Christiani
965 1884 1133 1952 sunt,
1186 1878 1249 1937 hi
1285 1878 1463 1937 modo
1510 1882 1736 1953 sciunt,
1792 1879 1899 1938 sed
1934 1878 1996 1937 hi
2055 1896 2092 1935 a
2126 1877 2389 1940 Domino
2425 1894 2529 1938 vo-

416 1982 630 2037 cantur
664 1975 862 2052 stulti,
899 1976 987 2037 illi
1022 1996 1166 2043 vero
1199 1978 1564 2057 prudenteS,
1602 1978 1826 2038 Matth:
1865 1978 2020 2037 VII:
2063 1980 2173 2037 24.
2219 1982 2335 2039 26.

211 2330 374 2399 [455]
707 2231 2212 2415 [APOCALYPsuos]

1165 2451 1403 2507 CAPUT
1445 2453 1754 2507 SEXTUM.

2659 2432 2675 2547 ’ἦ

615 2579 782 2647 Et
842 2574 995 2647 vidi
1060 2599 1228 2645 cum
1281 2573 1692 2671 aperuisset
1741 2575 1996 2670 Agnus
2060 2575 2383 2670 primum
2450 2599 2531 2644 ex

413 2593 715 2772 sigillliffi
790 2693 864 2746 et
927 2675 1170 2745 audivi
1222 2700 1448 2744 unum
1519 2699 1606 2744 ex
1674 2691 1991 2770 quatuor
2039 2674 2528 2762 AnimalihUS‚

416 2775 674 2845 dicens
728 2792 1076 2872 tanquam
1124 2801 1306 2846 voce
1360 2775 1698 2861 tonitrui,
1754 2776 1918 2844 veni
1972 2793 2045 2846 et
2097 2776 2369 2873 aspice.

565 2887 631 2952 2.
702 2877 798 2944 Et
860 2875 1041 2960 vidi,
1110 2892 1184 2945 et
1253 2899 1431 2946 ecce
1493 2878 1748 2971 Equus
1812 2875 2057 2963 albus,
2127 2893 2202 2945 et
2268 2876 2529 2947 sedens

412 2999 634 3072 super
698 2973 830 3045 illo
892 2974 1168 3045 habens
1233 3000 1522 3063 arcum,
1594 2993 1670 3046 et
1722 2974 1890 3046 data
1960 2976 2029 3046 ei
2082 3000 2396 3064 corona,
2460 2992 2530 3045 et

411 3073 630 3146 exivit
679 3075 980 3146 vincens
1034 3093 1109 3146 et
1154 3093 1236 3146 ut
1286 3077 1633 3147 vinceret.

567 3191 632 3255 5.
689 3178 784 3246 Et
825 3201 994 3246 cum
1028 3176 1436 3275 aperuisset
1472 3175 1875 3248 secundum
1912 3176 2253 3273 sigillum,
2291 3175 2530 3248 audivi

414 3277 822 3348 secundum
877 3276 1170 3348 Animal
1226 3277 1517 3362 dicenS,
1569 3277 1735 3347 veni
1787 3296 1863 3349 et
1913 3280 2183 3376 aspice.

565 3389 632 3464 4.
686 3382 783 3451 Et
817 3379 1035 3449 exivit
1072 3378 1257 3448 alius
1293 3381 1547 3472 Equus
1584 3377 1814 3465 ruqu,
1871 3396 1945 3448 et
1982 3379 2268 3449 sedenti
2317 3400 2534 3475 super

412 3478 542 3551 illo
598 3480 852 3552 datum
907 3480 979 3549 ei
1014 3477 1277 3550 tollere
1327 3502 1589 3574 pacem
1643 3477 1733 3548 de
1787 3496 2001 3566 terra,
2054 3496 2138 3549 ut
2190 3478 2316 3548 alii
2356 3477 2533 3550 alios

411 3581 868 3668 occiderent,
926 3595 1001 3648 et
1054 3577 1223 3648 data
1275 3578 1344 3645 ei
1395 3579 1778 3649 machaera
1829 3605 2108 3674 magna.

494 3752 497 3753 γ
570 3696 636 3760 5.
692 3684 789 3752 Et
843 3704 1011 3749 cum
1064 3677 1470 3775 aperuisset
1522 3679 1817 3769 tertium
1867 3677 2219 3775 sigillum,
2294 3678 2536 3750 audivi

410 3781 706 3852 tertium
739 3776 1030 3850 Animal
1085 3778 1363 3864 dicenS,
1420 3778 1586 3849 veni
1640 3797 1713 3848 et
1765 3781 2048 3877 aspice:
2104 3797 2180 3849 et
2230 3780 2408 3866 vidi,
2465 3795 2532 3849 et

414 3903 592 3951 ecce
647 3883 904 3976 Equus
985 3878 1194 3973 niger
1204 3903 1229 3969 3
1302 3895 1377 3948 et
1429 3877 1693 3950 sedens
1771 3904 1994 3978 super
2049 3879 2188 3951 illo
2255 3879 2533 3951 habens

412 3997 756 4052 stateram
806 3978 885 4049 in
935 4003 1155 4049 manu
1207 4002 1357 4049 sua.
2541 3994 2544 3995 ⁷

568 4095 635 4159 6.
691 4083 785 4151 Et
838 4078 1081 4151 audivi
1131 4104 1387 4151 vocem
1452 4080 1528 4151 in
1579 4079 1824 4151 medio
1877 4099 2196 4178 quatuor
2242 4081 2535 4152 Anima-

411 4179 588 4251 lium
662 4180 1057 4270 dicentem,
1148 4180 1461 4254 choenix
1532 4181 1761 4252 tritici
1826 4181 2160 4270 denario,
2244 4199 2318 4252 et
2387 4198 2530 4269 tres
