2791 4778
391 346 633 404 CAPUT
676 345 1022 414 Qunwrum.
1816 349 2027 404 vnas=
2070 361 2126 411 9.
2285 361 2355 413 95

209 528 351 570 vox
388 515 602 569 cantus
654 512 715 566 et
763 504 1179 565 confessionis.
1247 503 1364 567 Ubi
1417 507 1615 582 agitur
1664 505 1745 565 de
1800 504 2062 566 adventu
2094 504 2354 578 Domini,

202 610 445 672 dicitur
472 606 782 668 Canticum
809 621 1049 679 novum,
1089 611 1151 664 et
1177 604 1334 684 quod
1362 605 1697 682 gauderent
1723 612 1784 666 et
1812 606 2149 666 exultarent
2175 613 2357 683 terra,

209 726 427 784 mare,
467 724 630 785 ager,
669 706 873 783 sylva,
912 703 1191 779 arboreS,
1227 705 1524 776 LibanuS,
1559 705 1895 780 desertum,
1953 713 2014 767 et
2048 706 2254 784 plura,
2294 716 2361 768 ut

208 797 287 870 in
329 807 730 885 sequentibus
775 805 870 864 his
906 806 1089 880 locis;
1158 804 1322 883 apud
1361 805 1658 865 Davidem
1708 804 2043 881 „cantate
2084 805 2360 870 Jehovae

209 906 568 971 Canticum
602 924 861 980 novum,
906 900 1188 984 clanyite
1214 903 1490 965 Jehovae
1527 905 1738 967 omnia
1774 911 1961 980 terra,
1998 912 2355 985 personate,

210 1005 493 1092 iubilate
524 1012 586 1067 et
623 1010 875 1067 cantate
898 1003 1147 1066 cithara
1180 1011 1242 1065 et
1267 1023 1411 1065 voce
1438 1012 1691 1080 cantus,
1734 1005 1902 1066 tubis
1945 1012 2007 1067 et
2043 1025 2185 1067 voce
2208 1006 2356 1070 buc·

210 1108 439 1184 cinae,
494 1104 774 1186 clanyite
824 1123 1038 1168 coram
1075 1104 1255 1185 Reye
1292 1102 1610 1178 Jehovah,
1662 1106 1943 1167 sonitum
1976 1104 2127 1167 edat
2161 1125 2356 1183 mare,

212 1216 286 1272 et
313 1206 654 1290 plenitudo
693 1205 850 1289 ejece,
900 1203 1089 1266 Orbis
1132 1211 1193 1267 et
1232 1204 1590 1267 habitante-s·
1626 1205 1697 1265 in
1731 1223 1819 1281 eo,
1843 1203 2129 1283 flumina
2154 1203 2355 1288 plau-

219 1308 392 1371 damt
431 1326 661 1382 manu,
713 1324 843 1367 una
893 1310 1133 1365 montes
1166 1301 1446 1388 jubilent
1467 1307 1507 1339 “
1568 1306 1799 1366 Psalm:
1836 1304 2139 1367 XCVIII:
2186 1312 2244 1368 1.
2293 1311 2354 1367 4.

234 1399 301 1468 5.
365 1413 425 1468 6.
495 1412 556 1466 7.
612 1411 685 1467 8:
775 1405 939 1483 apud
986 1405 1256 1466 Eundem
1320 1449 1359 1480 „
1386 1402 1655 1466 Cantate
1692 1402 1967 1466 Jehovae
2026 1404 2359 1469 Canticum

223 1525 496 1581 novum,
550 1512 796 1568 cantate
833 1503 1109 1567 Jehovae
1144 1505 1351 1566 omnis
1379 1510 1552 1567 terra
1562 1548 1582 1580 ,
1638 1510 1889 1567 cantate
1924 1504 2217 1582 Jeltovae,
2254 1507 2357 1569 be-

225 1606 507 1669 nedicite
538 1604 807 1668 Nomini
830 1605 1091 1685 Ipsius,
1129 1601 1560 1685 evanyelizate
1594 1604 1673 1665 de
1716 1602 1823 1666 die
1859 1605 1929 1667 in
1967 1605 2138 1668 diem
2173 1605 2353 1670 salu-

148 1743 157 1750 ·
225 1712 361 1769 tem
392 1705 623 1788 Ipsius·
636 1727 666 1779 ;
719 1704 1118 1767 laetabuntur
1176 1704 1336 1767 coeli
1381 1711 1442 1765 et
1485 1705 1791 1785 gaudebit
1834 1712 2006 1769 terra
2018 1751 2034 1783 ,
2087 1726 2356 1770 commo-

220 1808 392 1870 vebit
439 1827 506 1868 ee
547 1826 726 1869 mare
769 1813 829 1867 et
865 1806 1075 1867 omni-9
1103 1804 1438 1886 plenitudo
1490 1804 1657 1888 eius,
1710 1804 2025 1870 exultabit
2066 1828 2240 1889 αρε-ν,
2293 1816 2355 1872 et
2394 1821 2553 1885 [406]

223 1927 407 1970 omne
453 1906 627 1989 quod
660 1907 734 1969 in
775 1926 843 1967 eo
857 1952 873 1980 ‚
951 1912 1100 1967 tunc
1142 1906 1488 1969 cantabunt
1540 1924 1752 1967 omnee
1792 1908 2048 1970 arbores
2083 1908 2352 1991 sylva&

225 2010 458 2071 Psalm:
495 2008 735 2069 XCVI:
786 2013 839 2067 1.
882 2011 944 2067 2.
993 2011 1101 2066 11.
1151 2011 1270 2068 12:
1311 2007 1473 2084 apud
1507 2007 1776 2068 Eundem
1817 2006 2135 2084 „Cantate
2161 2008 2355 2072 Jeho-

225 2128 343 2170 vae
382 2107 719 2171 Canticum
755 2126 989 2168 novum
1003 2153 1018 2178 ,
1074 2105 1331 2169 laudem
1366 2106 1594 2186 Ipsius
1636 2106 1706 2169 in
1748 2115 1922 2171 coetu
1961 2116 2356 2185 sanctorum,·

227 2195 497 2271 laetetur
524 2207 739 2270 Israel
779 2208 851 2269 in
879 2207 1248 2287 factoribus
1273 2208 1418 2269 euie
1431 2251 1450 2283 ,
1478 2204 1620 2288 filii
1646 2207 1883 2269 Zionie
1911 2209 1984 2270 in
2009 2210 2192 2291 Reye
2217 2230 2353 2286 euo,

226 2308 491 2372 laudent
528 2309 778 2371 Nomen
800 2308 1027 2388 Ipsius
1071 2308 1144 2369 in
1171 2307 1426 2383 chorea,
1479 2325 1621 2368 cum
1663 2313 1962 2389 tympano
2004 2315 2065 2370 et
2106 2309 2359 2374 cithara

220 2407 518 2491 psallant
543 2410 738 2491 Ipei“
774 2409 1009 2491 Psalm:
1043 2409 1323 2471 CXLIX:
1363 2413 1422 2469 1.
1459 2412 1521 2467 2.
1558 2409 1636 2468 32'
1665 2409 1828 2487 apud
1853 2410 2094 2489 Esajam
2133 2407 2352 2486 „Gan-

237 2516 370 2571 tate
414 2510 688 2571 Jehovae
722 2508 1056 2571 Canticum
1094 2529 1353 2580 novum,
1408 2506 1665 2569 laudem
1701 2506 1929 2588 Ipsius
1978 2512 2354 2573 extremitas

237 2615 463 2689 cervae,
503 2607 814 2671 extollant
853 2628 1056 2671 vocem
1089 2608 1408 2672 deser-mm
1447 2613 1510 2670 et
1542 2607 1724 2672 urbe-e
1755 2607 1940 2694 eju-W
1986 2609 2196 2672 XLII=
2240 2615 2270 2672 1
2287 2614 2351 2674 Ο.

244 2715 274 2769 1
297 2713 354 2770 1.
389 2709 571 2788 Apud
597 2708 866 2769 Eundem
901 2707 1219 2786 „Caritate
1247 2707 1421 2771 Oceli
1459 2707 1616 2789 quia
1645 2709 1812 2789 secit
1835 2706 2137 2789 Jehovah,
2161 2710 2347 2796 jubi-

230 2807 362 2873 late
418 2810 732 2891 inferiora
780 2814 1011 2882 tem-ae,
1068 2814 1409 2890 personate
1458 2815 1702 2871 montes
1755 2815 1947 2873 cantu
1963 2854 1982 2886 ‚
2054 2810 2243 2895 sylva
2291 2818 2353 2874 et

231 2911 437 2973 omni-9
475 2911 764 2974 arbon-rin
795 2930 897 2985 ea,
953 2906 1108 2990 quia
1152 2910 1422 2973 redemit
1464 2906 1748 2970 Jehovah
1787 2908 2096 2975 Jacobum
2115 2957 2130 2988 ,
2184 2918 2243 2974 et
2281 2914 2352 2976 in

224 3009 471 3074 Israele
502 3010 859 3092 ylorioeum
896 3031 964 3071 ee
998 3010 1327 3073 emhibuit‘*
1366 3009 1589 3070 XLIV:
1625 3012 1736 3069 23.
1778 3009 1939 3089 Cap:
1969 3013 2197 3075 XLIX:
2234 3015 2344 3090 135

227 3115 293 3172 in
324 3114 440 3174 illis
474 3113 625 3176 locis
661 3115 859 3189 agitur
896 3112 969 3172 de
1007 3112 1295 3183 Domino,
1341 3112 1542 3189 Ipsius
1582 3109 1875 3182 adventu,
1924 3119 1985 3174 et
2032 3114 2106 3174 de
2143 3113 2349 3174 salva-

230 3217 391 3274 tione
439 3230 552 3291 per
594 3215 835 3290 Ipsum;
891 3220 951 3271 et
1005 3214 1147 3290 quia
1194 3213 1345 3271 haee
1391 3217 1645 3271 ventura
1691 3222 1891 3286 erant,
1946 3213 2083 3274 ideo
2132 3214 2352 3274 dicitur

232 3313 537 3374 Canticum
584 3331 837 3388 novum;
891 3313 1174 3390 gaudium
1224 3331 1298 3371 ex
1337 3328 1411 3372 eo
1461 3310 1817 3389 describitur
1860 3332 1978 3374 non
2012 3313 2189 3373 modo
2240 3331 2352 3389 per

231 3422 492 3484 cantare,
526 3413 809 3492 psallere,
846 3430 1195 3490 personare,
1225 3412 1509 3489 jubilare,
1543 3411 1850 3489 plaudere,
1890 3414 1999 3472 sed
2030 3414 2211 3471 etiam
2239 3429 2351 3488 per

228 3517 398 3574 varia
419 3516 817 3574 instrumenta
842 3513 1092 3589 Musica,
1132 3530 1286 3590 quae
1323 3528 1469 3572 sono
1499 3510 1968 3587 concordabant3
2007 3517 2134 3570 tum
2170 3512 2350 3572 etiam

236 3614 396 3690 quod
426 3613 604 3673 simul
627 3613 977 3691 gauderent,
1019 3614 1375 3687 exultarent,
1406 3611 1760 3689 jubilarent,
1796 3618 2128 3686 cantarent,
2169 3611 2352 3689 plau-

240 3713 467 3785 derent,
521 3709 851 3774 clamarent
884 3715 1154 3787 flumina,
1195 3731 1389 3786 mare,
1446 3729 1616 3789 ager,
1671 3711 1915 3788 sylvae,
1965 3712 2210 3772 arbores
2244 3712 2346 3787 ibi,

237 3811 524 3888 Libanus,
575 3813 912 3890 desertum,
968 3821 1228 3888 montes,
1283 3820 1344 3873 et
1376 3813 1555 3890 plura
1566 3830 1583 3888 3
1639 3812 1803 3889 quod
1853 3813 1928 3872 de
1977 3813 2097 3872 illis
2132 3814 2351 3874 similia

238 3913 521 3987 dicantur,
559 3919 652 3973 est
687 3916 827 3991 quia
859 3914 966 3974 illa
992 3912 1326 3992 significant
1361 3913 1510 3973 talia
1546 3928 1700 3989 quae
1736 3913 2051 3973 Ecclesiae
2087 3920 2248 3989 sunt,
2289 3922 2351 3976 et

235 4012 368 4072 ideo
403 4012 548 4072 talia
592 4030 746 4091 quae
794 4015 960 4093 apud
1008 4014 1309 4074 hominem
1345 4009 1691 4084 Ecclesiae,
1741 4013 1992 4075 flumina
2036 4015 2145 4075 illa
2191 4032 2349 4092 quae

232 4112 655 4191 intelligentiae
683 4123 851 4191 sunt,
891 4131 1055 4176 mare
1089 4113 1196 4173 illa
1232 4130 1387 4190 quae
1425 4115 1713 4175 scientiae
1752 4114 2178 4174 concordantia
2213 4131 2352 4174 cum

232 4215 383 4274 veris
420 4220 481 4274 et
514 4214 718 4292 bonis,
777 4231 923 4295 ager
955 4216 1177 4275 bonum
1212 4214 1560 4288 Ecclesiae,
1616 4213 1824 4290 sylvae
1878 4230 2024 4275 vera
2057 4211 2349 4272 naturalis
