2791 4778
414 412 648 468 CAPUT
703 412 1017 472 SEXTUM.
1798 414 2005 474 VERS:
2051 428 2107 480 4.
2265 431 2373 482 227

248 586 364 653 ‘per
396 574 608 634 foedus
634 577 803 651 pacis
832 573 991 650 quod
1025 580 1165 634 tunc
1201 579 1427 651 panget
1449 575 1555 653 iis;
1592 578 1731 637 inde
1760 579 1950 639 tutela
1978 584 2040 637 et
2073 580 2374 640 securitas

259 696 294 735 a
318 675 487 735 malis
516 681 573 734 et
602 675 788 750 salsiS,
821 673 1189 751 significatur
1213 692 1323 751 per
1346 691 1587 736 cessare
1613 678 1830 738 faciam
1858 680 2045 738 feram
2079 678 2298 737 malam
2337 698 2372 740 e

258 784 427 850 terra,
465 782 532 833 ut
552 775 824 835 habitent
847 777 906 833 in
936 776 1176 834 deserto
1212 791 1446 851 secure,
1487 783 1547 835 et
1581 777 1876 838 dormiant
1903 782 1962 838 in
1986 778 2203 856 sylvis,
2244 778 2375 840 fera

258 878 408 938 mala
429 875 726 952 significat
753 876 910 935 mala
938 877 1127 935 omnis
1154 878 1410 951 generis»,
1438 877 1737 937 desertum
1764 880 1866 938 ubi
1887 878 2241 939 habitabunt
2266 898 2368 941 se-

257 996 413 1047 cure,
448 978 747 1051 significat
776 977 1135 1051 cupiditates
1164 976 1304 1034 mali
1331 977 1489 1051 quod
1518 996 1637 1036 non
1663 980 2044 1053 infestabunt,
2076 985 2136 1037 et
2163 980 2372 1056 sylvae

257 1082 310 1137 in
345 1077 565 1154 quibus
595 1078 904 1148 dormient,
933 1075 1268 1153 significant
1301 1075 1460 1135 salsa
1487 1078 1622 1137 inde
1655 1097 1810 1155 quae
1839 1098 1950 1139 nec
1987 1080 2371 1157 infestabunt3

256 1178 628 1237 fructificatio
655 1178 796 1235 boni
817 1194 926 1252 per
952 1194 1115 1248 vera,
1156 1183 1214 1234 et
1243 1176 1658 1254 multiplicatio
1680 1182 1808 1238 veri
1835 1198 1909 1239 ex
1937 1180 2113 1255 bone,
2145 1181 2373 1257 signifi-

256 1285 461 1340 cantur
485 1296 601 1353 per
628 1285 767 1335 tunc
800 1277 964 1335 dabit
993 1276 1171 1334 arbor
1205 1276 1462 1334 fructum
1500 1295 1706 1353 suum,
1748 1287 1807 1338 et
1843 1288 2003 1339 terra
2038 1280 2203 1339 dabit
2225 1294 2369 1357 pro-

254 1385 493 1439 ventum
522 1394 713 1452 suum,
755 1377 931 1435 arbor
966 1379 1094 1451 agri
1129 1376 1423 1453 significat
1452 1381 1817 1455 cognitiones
1847 1383 1988 1455 veri,
2029 1382 2256 1440 fructus
2286 1383 2373 1439 si-

256 1480 483 1556 gnificat
511 1479 731 1538 bonum
757 1477 909 1549 inde,
941 1484 1101 1535 terra
1129 1476 1423 1553 significat
1445 1478 1778 1538 Ecclesiam
1800 1481 1998 1564 quoad
2022 1481 2261 1550 bonum,
2289 1483 2373 1539 ita

257 1598 490 1656 quoque
518 1579 741 1637 bonum
766 1577 1095 1650 Ecclesiae,
1129 1583 1188 1635 ct
1214 1584 1547 1653 proventus
1573 1580 1702 1656 ejus
1731 1580 2025 1657 significat
2049 1581 2185 1640 inde
2209 1580 2366 1641 mul-

255 1680 682 1757 tiplicationem
711 1678 865 1753 veri,
903 1677 1063 1754 quod
1084 1677 1235 1736 haec
1273 1677 1416 1736 fient
1451 1678 1567 1736 illis
1594 1687 1912 1757 postquam
1940 1682 2231 1740 Dominus
2267 1698 2370 1738 rea-

256 1783 432 1839 movit
466 1779 630 1838 mala
667 1785 726 1836 et
761 1778 914 1835 salsa
951 1793 1105 1853 quae
1138 1777 1274 1847 illis,
1311 1778 1676 1854 significatur
1710 1798 1820 1857 per
1858 1782 2092 1858 quando
2135 1781 2373 1858 fregero

256 1880 378 1939 lora
396 1881 534 1958 'jugi
563 1897 805 1947 eorum,
860 1885 919 1936 et
952 1877 1288 1937 liberavero
1327 1896 1358 1935 e
1385 1897 1563 1936 manu
1601 1883 1828 1939 servire
1867 1882 2209 1940 facientium
2246 1896 2369 1956 eOS,

254 1980 376 2039 lora
401 1982 542 2058 jugi
576 1986 716 2037 sunt
741 1977 1014 2056 jucunda
1048 1977 1189 2036 mali
1226 1996 1298 2036 ex
1329 1996 1530 2037 amore
1567 1982 1661 2038 sui
1700 1988 1758 2040 et
1786 1982 2006 2057 mundi,
2046 1999 2201 2059 quae
2234 1981 2373 2040 illos

257 2082 481 2139 vinctos
521 2085 760 2152 tenent,
802 2085 862 2135 et
897 2081 1124 2136 servire
1163 2079 1451 2137 facientes
1487 2089 1593 2136 ‘eos
1632 2088 1771 2138 sunt
1806 2082 1990 2155 falsa,
2048 2083 2186 2158 quia
2220 2080 2374 2140 haec

259 2180 476 2241 faciunt
526 2187 594 2238 ut
641 2180 907 2237 serviant
968 2178 1089 2236 illis
1141 2179 1334 2237 malis
1451 2179 1633 2254 Apud
1692 2180 2042 2240 Sachariam
2104 2178 2374 2255 „Semen

252 2280 429 2357 pacis
468 2284 680 2352 erunt,
720 2278 876 2339 vitis
905 2276 1083 2337 dabit
1110 2278 1407 2358 fructum
1450 2297 1671 2353 suum,
1713 2286 1773 2339 et
1799 2284 1971 2341 terra
2012 2277 2191 2339 dabit
2219 2297 2377 2357 pro-

263 2387 504 2442 ventum
566 2399 785 2455 suum,
864 2385 924 2440 et
950 2377 956 2382 ’
982 2375 1141 2439 coeli
1192 2362 1433 2440 dubunt
1482 2398 1688 2439 rorem
1747 2397 1973 2440 ouum.-
2039 2375 2378 2457 loquimini

268 2482 582 2542 ver-itatem
625 2480 729 2540 vir
777 2498 920 2540 oum
970 2478 1139 2539 socio
1178 2499 1320 2554 3u0,
1376 2478 1704 2540 verita-tem
1747 2486 1806 2539 et
1829 2478 2158 2561 judicium
2183 2478 2377 2556 pacis

259 2578 540 2659 judicate
563 2581 631 2641 iu
657 2579 870 2659 portis
896 2579 1166 2652 vestri8;
1202 2579 1533 2640 veritatem
1568 2579 1752 2640 modo
1789 2587 1848 2641 et
1864 2599 2086 2660 pacem
2117 2579 2372 2638 amate“

271 2678 493 2739 VHRl
516 2685 570 2739 2.
605 2684 710 2739 16.
744 2687 769 2739 1
792 2683 851 2757 93
891 2697 1096 2739 semen
1123 2682 1290 2756 pacis
1321 2681 1597 2740 dicuntur
1628 2682 1788 2757 apud
1820 2698 1970 2758 quos
2002 2687 2094 2740 est
2119 2679 2371 2756 conjun-

264 2781 375 2838 ctio
409 2780 549 2840 boni
578 2788 640 2838 et
663 2783 808 2856 veri,
840 2787 900 2839 ct
927 2783 1067 2856 quia
1092 2781 1177 2839 illi
1209 2799 1320 2858 per
1355 2798 1561 2840 semen
1586 2784 1753 2858 pacis
1783 2781 2208 2858 intelliguntur,
2237 2780 2377 2840 ideo

263 2879 473 2939 dicitur
498 2881 656 2958 quod
674 2884 812 2940 vitis
835 2880 997 2939 dabit
1018 2881 1274 2940 fructum
1300 2899 1493 2954 suum,
1526 2889 1585 2940 et
1610 2888 1771 2940 terra
1797 2889 2156 2959 proventum
2181 2897 2377 2951 suum,

263 2964 366 3055 per
390 2981 552 3056 quod
576 2984 713 3040 vitis
744 2980 906 3039 dabit
933 2983 1190 3040 fructum
1215 2999 1392 3040 suum
1420 2981 1786 3057 significatur
1813 2983 1971 3059 quod
1995 2999 2200 3042 verum
2227 2998 2373 3058 pro·

260 3079 432 3139 ducet
465 3082 709 3152 bonum,
749 3088 808 3139 et
836 3098 944 3156 per
982 3082 1139 3157 quod
1170 3088 1331 3139 terra
1367 3082 1528 3139 dabit
1554 3090 1907 3158 proventum
1945 3101 2119 3142 suum
2147 3080 2375 3158 signifi-

262 3187 424 3239 catur
463 3181 624 3256 quod
650 3182 872 3239 bonum
905 3181 1196 3258 producet
1233 3200 1408 3254 vera,
1464 3184 1599 3241 vitis
1638 3183 1790 3241 enim
1830 3183 2125 3261 significat
2159 3181 2374 3241 Eccle-

261 3282 404 3338 siam
441 3281 643 3358 quoad
672 3299 816 3339 vera
849 3299 961 3340 seu
999 3299 1144 3340 vera
1178 3281 1511 3353 Ecclesiae,
1555 3288 1613 3340 et
1647 3288 1809 3340 terra
1835 3283 2128 3359 significat
2156 3279 2373 3339 Eccle-

260 3381 403 3439 siam
442 3381 640 3458 quoad
666 3381 885 3440 bonum
922 3398 1030 3440 seu
1066 3381 1287 3440 bonum
1323 3381 1660 3451 Ecclesiae,
1709 3399 1779 3440 ac
1814 3387 2142 3458 proventus
2180 3381 2370 3454 signi-

261 3476 394 3539 ficat
440 3481 897 3558 productionem
945 3484 1101 3546 veri;
1154 3499 1265 3557 per
1309 3481 1512 3540 coelos
1562 3484 1665 3557 qui
1699 3480 1927 3539 dabunt
1960 3495 2159 3538 rorem
2194 3494 2373 3536 suum

260 3580 621 3655 significatur
655 3581 1029 3640 fructificatio
1078 3581 1218 3639 boni
1269 3589 1329 3639 et
1361 3581 1777 3657 multiplicatio
1813 3581 1976 3654 veri3
2034 3576 2373 3653 conjunctio

262 3683 385 3738 veri
421 3686 482 3740 et
516 3681 657 3739 boni
704 3681 958 3740 ulterius
1010 3681 1366 3740 describitur
1411 3699 1523 3758 per
1565 3680 1876 3756 loquimini
1921 3667 2237 3741 veritatem
2279 3677 2374 3738 vir

265 3793 394 3836 cum
431 3782 594 3840 socio
632 3797 774 3851 suo,
820 3769 1133 3840 veritatem
1171 3789 1232 3840 et
1258 3782 1553 3859 judicium
1589 3782 1756 3856 pacis
1785 3778 2053 3856 judicate
2090 3778 2149 3834 in
2183 3778 2374 3854 portis

264 3883 495 3950 vestris,
530 3883 850 3939 veritatem
883 3881 1059 3939 modo
1098 3887 1159 3940 et
1193 3899 1409 3957 pacem
1444 3888 1658 3953 amate,
1696 3896 1809 3956 per
1842 3881 2157 3938 veritatem
2188 3881 2376 3955 signi-

263 3976 471 4039 ficatur
503 3998 741 4056 vernm3
796 3998 907 4056 per
927 3980 1221 4058 judicium
1256 3983 1453 4057 pacis,
1522 3986 1582 4038 et
1618 3997 1729 4056 per
1760 3978 1977 4056 pacem
2011 3972 2380 4056 significatur

265 4079 594 4155 conjunctio
633 4080 766 4156 ejus
805 4097 937 4138 cum
964 4080 1140 4139 bon0.
1193 4080 1375 4158 Apud
1409 4079 1706 4139 Davidem
1737 4077 2065 4154 „Jehovah
2092 4075 2381 4158 loquetur

258 4192 471 4251 pacem
508 4178 601 4238 ad
622 4177 938 4258 populum
965 4199 1156 4240 suum
1179 4185 1238 4239 et
1266 4179 1355 4240 ad
1380 4186 1635 4241 sanctos
1661 4198 1838 4253 suma,
1894 4187 1969 4241 ut
2005 4199 2129 4240 uon
2167 4196 2374 4239 rever-

264 4277 478 4337 tantur
507 4276 599 4338 ad
630 4276 984 4339 stultitiam
994 4299 1020 4351 ;
1058 4278 1504 4340 misericordia
1528 4284 1587 4337 et
1612 4278 1851 4338 veritas
1880 4279 2136 4349 obvient,
2163 4274 2375 4356 justi-

1885 4379 1963 4433 15
2012 4371 2048 4408 ὲ*
