2791 4778
1648 158 1698 209 ‘x

1704 218 1725 257 N-

376 400 609 458 CAPUT
648 398 962 456 ssx'ruM.
1032 310 1103 453 K
1205 488 1208 491 Ι
1456 354 1967 542 yma&
2012 411 2064 462 9.
2223 411 2332 467 335

223 564 323 622 illa
359 579 512 638 qnae
549 562 610 619 in
636 561 791 619 binis
822 560 1211 635 sequentibus
1250 532 1543 620 Versibus
1581 559 1887 633 dicuntur,
1925 577 2140 636 nempe
2178 562 2339 637 quod

223 663 330 744 qui
363 663 479 722 sub
527 658 752 722 Altarz'
798 659 1215 722 clamaverint
1261 679 1404 721 voce
1452 679 1718 740 mayna,
1783 660 2091 731 dicentes,
2143 680 2340 740 usque

221 783 331 843 quo
378 762 703 836 Domine,
758 762 868 841 qui
917 768 1179 822 sanctus
1218 768 1279 822 et
1323 780 1535 834 verae,
1602 779 1726 821 non
1762 761 2034 843 judicas
2086 767 2146 821 et
2192 763 2335 823 vin-

221 864 395 925 dicas
440 864 819 942 sanquinem
856 869 1147 922 nostrum
1184 860 1262 920 de
1299 861 1730 922 habitantibus
1773 881 1963 940 super
2005 869 2176 924 terra
2190 881 2218 934 ,·
2279 868 2338 924 et
2378 860 2537 927 [566]

221 964 436 1025 datae
466 961 607 1045 illis
663 961 865 1024 stolae
923 960 1131 1031 albae,
1209 970 1268 1023 et
1322 961 1566 1022 dictum
1613 963 1706 1022 eis
1761 969 1835 1023 ut
1890 965 2340 1042 requiescerent
2428 966 2435 975 “

217 1065 426 1126 adhuc
463 1069 710 1143 tempas
733 1083 1042 1143 parvum,
1094 1082 1294 1142 usque
1329 1062 1486 1122 dum
1529 1062 1917 1142 complentur
1954 1070 2014 1124 et
2059 1066 2341 1126 conservi

214 1184 431 1227 eorum
467 1170 526 1224 et
561 1165 813 1244 fratres
861 1183 1101 1235 eorum,
1158 1164 1268 1241 qai
1303 1164 1534 1242 futuri
1574 1165 1846 1245 interfici
1891 1166 2060 1227 siout
2109 1172 2169 1226 et
2211 1163 2334 1227 illi.

216 1267 389 1344 Quod
433 1266 546 1326 sub
584 1265 776 1324 Altari
819 1265 1112 1341 significet
1153 1264 1264 1322 sub
1304 1264 1519 1336 Coe10,
1575 1274 1666 1324 est
1707 1268 1848 1341 quia
1882 1266 2090 1325 Altare
2127 1269 2187 1324 in
2229 1284 2335 1325 su-

213 1384 423 1445 premo
479 1383 660 1425 sensu
717 1366 1010 1443 significat
1061 1365 1413 1435 Dominum,
1478 1368 1539 1423 in
1588 1369 1925 1441 respectivo
1982 1366 2230 1427 Coelum
2278 1375 2340 1427 et

213 1469 573 1541 Ecclesiam,
617 1469 756 1543 quia
789 1467 1083 1525 Dominus
1115 1473 1206 1524 est
1243 1464 1489 1523 Coelum
1530 1474 1589 1525 et
1637 1467 1928 1542 Ecclesia,
1968 1484 2140 1527 omne
2184 1471 2340 1527 enim

216 1568 390 1629 Coeli
436 1576 495 1627 et
530 1568 870 1641 Ecclesiae,
940 1583 1051 1641 seu
1096 1583 1267 1625 omne
1319 1569 1538 1627 amoris
1594 1574 1654 1626 et
1712 1568 1851 1627 fidei
1911 1586 2063 1645 quae
2116 1570 2338 1628 faciunt

210 1671 310 1729 illa
359 1670 533 1746 apud
570 1669 865 1745 Angelum
905 1676 964 1725 et
1001 1667 1328 1739 hominem,
1398 1676 1488 1725 est
1531 1668 1605 1726 ab
1641 1668 1782 1745 Ipso
1828 1677 1888 1728 et
1924 1669 2061 1728 inde
2102 1678 2192 1728 est
2228 1669 2335 1746 Ip-

212 1774 334 1832 sius
350 1792 369 1847 3
432 1772 493 1828 in
533 1770 825 1829 communi
868 1775 1067 1827 autem
1106 1785 1288 1827 sensu
1335 1767 1543 1828 Altare
1596 1770 1890 1845 significat
1936 1788 2165 1828 omnem
2204 1769 2336 1829 cul-

212 1878 332 1933 tum
373 1872 656 1942 Domini,
707 1873 767 1927 in
803 1871 1005 1946 specie
1052 1869 1274 1927 cultum
1322 1872 1932 1945 repraesentativum,
1986 1872 2178 1948 qualis
2227 1873 2339 1931 fuit

213 1972 375 2052 apud
414 1972 568 2030 filios
603 1970 880 2044 Israelis3
938 1970 1095 2046 quod
1129 1962 1337 2029 Altare
1374 1970 1666 2046 significet
1694 1989 1924 2029 omnem
1956 1973 2198 2046 cult-um,
2245 1978 2339 2032 est

213 2091 411 2134 causa
458 2074 599 2147 quia
636 2070 848 2129 Cultus
896 2074 955 2129 in
993 2071 1097 2128 illa
1146 2070 1422 2128 Ecclesia
1470 2071 1880 2146 principaliter
1921 2073 2232 2132 constabat
2277 2076 2338 2131 in

211 2154 706 2234 holocaustiset
762 2171 1066 2231 sacrificiis
1133 2170 1481 2245 offerendis,
1557 2171 1956 2229 offerebantur
2005 2175 2161 2230 enim
2224 2188 2335 2248 pro

213 2276 377 2334 omni
412 2281 663 2350 peccato
703 2280 760 2331 et
795 2282 1011 2345 reatu,
1080 2274 1259 2330 etiam
1309 2289 1384 2330 ex
1436 2270 1853 2329 benevolentia
1904 2278 1970 2329 ut
2024 2271 2339 2347 placerent

216 2377 519 2449 Jehovae,
560 2392 714 2449 quae
744 2373 1037 2433 sacrificia
1069 2373 1486 2433 Eucharistica
1513 2388 1621 2430 seu
1641 2372 1916 2448 gratuita
1949 2373 2337 2443 vocabantur,

218 2477 308 2536 et‘
336 2492 571 2550 quoque
615 2493 724 2552 pro
760 2474 1244 2533 mundationibus
1294 2475 1483 2532 omnis
1521 2476 1756 2549 generis
1770 2493 1785 2547 3
1838 2491 1948 2548 per
1980 2473 2338 2532 holocausta

222 2582 292 2636 et
355 2576 641 2635 sacrificia
694 2576 917 2634 fiebant
971 2578 1152 2634 etiam
1194 2576 1790 2654 inaugurationesin
1838 2590 2011 2632 omne
2064 2579 2338 2633 sanctum

212 2677 550 2751 Ecclesiae,
599 2684 666 2735 ut
717 2684 951 2735 constat
995 2694 1068 2735 ex
1106 2675 1414 2734 sacrificiis
1465 2675 1541 2733 ad
1585 2674 2058 2751 inaugurandum
2093 2674 2334 2733 Aharo·-

212 2796 353 2838 nem
398 2783 461 2836 et
500 2777 653 2837 filios
692 2777 824 2855 ejus
859 2779 922 2835 in
962 2776 1398 2850 sacerdotium,
1450 2782 1509 2834 et
1544 2775 1622 2835 ad
1656 2776 2131 2853 inaugurandum
2169 2775 2334 2835 Ten·-

211 2882 435 2939 torium
474 2884 827 2952 conventus,
869 2884 928 2937 et
963 2884 1181 2954 postea
1210 2876 1562 2952 Templum:
1604 2882 1664 2936 et
1699 2879 1839 2954 quia
1876 2879 1936 2934 in
1968 2876 2337 2937 holocaustis

214 2987 280 3040 et
317 2979 632 3039 sacrificiis
673 2978 1085 3055 principaliter
1121 2976 1435 3037 constabat
1471 2976 1666 3036 cultus
1703 2976 2011 3048 Jehovae,
2064 2976 2178 3038 hoc
2222 2985 2334 3053 est,

212 3080 491 3153 Domini,
547 3080 682 3139 ideo
722 3082 901 3139 etiam
938 3079 1230 3154 quotidie,
1266 3094 1483 3153 nempe
1521 3081 1735 3154 quovis
1772 3096 1946 3136 mane
1985 3085 2045 3137 et
2079 3095 2337 3155 vespere

212 3180 655 3255 offerebantur,
722 3197 875 3256 quae
929 3196 1047 3237 una
1096 3196 1245 3237 voce
1291 3178 1658 3238 vocabantur
1708 3178 1904 3255 Juge,
1982 3186 2225 3255 praeter
2276 3181 2336 3237 in

210 3298 432 3358 magna
480 3283 656 3356 copia
706 3277 975 3357 quolibet
1023 3280 1205 3350 sesto,
1278 3278 1416 3336 inde
1470 3281 1531 3336 in
1591 3279 1792 3337 Verbo
1833 3280 1994 3355 Juge
2043 3278 2339 3356 significat

180 3398 452 3441 -omnem
504 3380 743 3439 Cultum
808 3382 1421 3456 repraesentativum3
1504 3397 1578 3439 ex
1636 3380 1729 3438 his
1790 3387 2063 3438 constare
2115 3386 2334 3454 potest,

213 3482 374 3559 quod
418 3481 647 3551 cultuS,
704 3488 763 3541 et
807 3484 867 3538 in
903 3483 1108 3557 specie
1146 3481 1345 3542 cultus
1388 3481 1942 3556 repraesentativus
1981 3477 2143 3536 illius
2179 3495 2332 3553 gen-

210 3585 288 3641 tis
326 3583 745 3660 principaliter
790 3584 853 3641 in
892 3581 1280 3640 Holocaustis
1318 3589 1377 3638 et
1431 3580 1750 3639 Sacrificiis
1780 3578 2113 3637 constiterit
2125 3596 2141 3651 3
2197 3569 2334 3634 inde

212 3672 352 3758 est‚'
404 3683 566 3759 quod
600 3683 807 3741 Altare
845 3699 1028 3757 super
1068 3699 1182 3756 quo
1218 3681 1474 3753 fiebant,
1541 3687 1601 3739 et
1638 3678 1795 3754 quod
1840 3685 1969 3735 erut.
2020 3678 2335 3735 continens

213 3799 456 3855 eorum,
523 3786 586 3841 in
636 3782 837 3842 Verbo
884 3781 1176 3858 significet
1217 3784 1280 3839 in
1322 3798 1545 3857 genere
1598 3796 1832 3837 omnem
1886 3777 2128 3837 cultum.
2217 3777 2338 3836 Per

215 3882 463 3944 Cultum
508 3901 626 3941 non
675 3883 1026 3958 intelligitur
1080 3883 1274 3941 solum
1330 3881 1544 3940 Cultus
1597 3888 1913 3951 externuS,
1983 3878 2096 3936 sed
2158 3880 2339 3938 etiam

216 3982 428 4043 Cultus
479 3986 780 4058 internus,
823 3990 883 4042 et
920 3982 1115 4042 cultus
1157 3986 1424 4042 internus
1464 3980 1916 4057 comprehendit
1955 3995 2128 4038 omne
2166 3996 2336 4038 amo-

212 4086 291 4143 ris
333 4090 394 4144 et
429 4101 604 4143 omne
645 4083 815 4157 fidei,
871 4086 958 4143 ita
1002 4101 1174 4142 omne
1204 4084 1264 4142 id
1302 4082 1462 4159 quod
1498 4082 1642 4141 facit
1669 4081 2000 4140 Ecclesiam
2039 4097 2147 4139 seu
2176 4077 2340 4139 Coe-

209 4182 334 4243 lum
372 4185 537 4261 apud
569 4185 897 4258 hominem,
962 4185 1148 4243 verbo
1201 4183 1364 4265 quod
1413 4184 1558 4242 facit
1594 4189 1662 4241 ut
1707 4183 2000 4241 Dominus
2050 4183 2129 4240 sit
2179 4181 2345 4259 apud

210 4283 396 4346 illum.
490 4283 669 4362 Quod
704 4285 955 4346 Coeium
999 4300 1199 4344 coram
1237 4283 1514 4343 Johanne
1561 4289 2079 4360 repraesentatum
2115 4285 2194 4342 sit
2228 4299 2342 4358 per
