2791 4778
469 415 577 467 420
869 401 1360 457 APOCALYPSIS
1408 400 1839 458 EXPLICATA.
1925 402 1968 470 §.
2014 411 2145 464 405.

465 565 805 624 reformatio
849 579 1051 620 eorum
1092 562 1459 638 significatur
1512 580 1620 637 per
1656 563 1911 620 redemit
1948 561 2228 624 Jehovah
2265 561 2559 634 Jacobum,

466 668 618 724 etin
652 663 879 722 Israele
917 662 1240 738 gloriosum
1290 680 1355 721 se
1409 661 1702 736 exhibuit,
1771 680 1883 739 per
1919 662 2216 721 Jacobum
2264 669 2323 720 et
2374 662 2558 721 Israc'-

462 766 581 825 lem
631 763 979 840 intelligitur
1014 762 1288 821 Ecclesia
1342 770 1589 820 externa
1631 769 1690 821 et
1724 766 1989 834 interna,
2043 766 2124 820 ita
2173 769 2473 820 externum
2513 769 2561 820 et

462 870 758 925 internum
819 863 978 940 apud
1039 862 1174 922 illos
1235 866 1297 921 in
1367 863 1585 939 quibus
1650 864 1944 923 Ecclesia.
2056 863 2238 939 Apud
2309 863 2554 924 Eundem

466 966 763 1041 „Montes
798 970 858 1025 et
891 959 1077 1023 colles
1099 964 1530 1042 personabunt
1557 971 1774 1040 cantu,
1815 970 1875 1024 et
1909 982 2119 1023 omnes
2148 964 2401 1024 arbore-9
2432 963 2560 1043 ayri

461 1064 849 1145 complodent
895 1083 1155 1124 manum
1175 1066 1211 1096 “
1272 1064 1418 1122 LV:
1486 1067 1599 1122 12:
1658 1066 1816 1141 apud
1854 1065 2154 1123 Davidem
2223 1063 2554 1138 „Laudate

459 1166 764 1227 Jehovam
805 1170 1043 1223 montes
1079 1172 1137 1224 et
1172 1161 1388 1233 colles,
1429 1164 1616 1224 arbor
1643 1165 1936 1243 fructu-3,
2004 1170 2064 1223 et
2107 1184 2322 1224 omnes
2361 1164 2551 1225 cedri“

459 1267 691 1326 Psalm:
745 1265 1089 1325 CXLVIII:
1148 1269 1216 1341 93
1287 1268 1346 1323 in
1388 1266 1481 1323 his
1526 1265 1886 1324 describitur
1933 1266 2217 1342 gaudium
2271 1267 2455 1324 cordis
2488 1283 2553 1322 ex

457 1369 611 1425 bono
650 1369 865 1425 amoris
905 1374 964 1425 et
1002 1366 1336 1439 charitatiS,
1395 1372 1455 1425 et
1490 1366 1769 1424 dicuntur
1804 1372 2067 1439 monteS,
2124 1365 2344 1437 colleS‚
2399 1366 2554 1425 arbo-

457 1485 589 1540 reS,
643 1468 806 1526 cedri
854 1483 1177 1542 personare
1217 1474 1426 1538 cantu,
1478 1467 1857 1542 complodere
1894 1485 2169 1539 manum,
2213 1475 2274 1525 et
2311 1467 2553 1540 laudare,

457 1571 594 1645 quia
630 1586 739 1645 per
774 1568 878 1625 illa
913 1567 1319 1643 significantur
1371 1567 1529 1625 bona
1574 1573 1633 1625 et
1668 1586 1845 1638 vera,
1897 1585 2052 1643 quae
2094 1568 2330 1626 faciunt
2363 1568 2560 1645 gaudia

455 1670 614 1745 apud
650 1669 978 1742 hominem3
1034 1667 1208 1725 homo
1251 1670 1406 1726 enim
1453 1686 1571 1726 non
1611 1668 1836 1744 gaudet
1873 1685 1943 1725 ex
1983 1684 2082 1739 se,
2144 1669 2254 1727 sed
2293 1686 2364 1726 ex
2405 1670 2558 1727 bonis

456 1780 512 1826 et
557 1771 746 1838 voriS,
803 1785 955 1842 quae
1007 1768 1164 1842 apud
1222 1768 1418 1839 illum,
1471 1769 1622 1828 haec
1658 1768 1958 1844 gaudent,
2027 1771 2167 1845 quia
2207 1768 2435 1827 faciunt
2466 1770 2561 1827 ho-

451 1870 591 1926 mini
627 1869 928 1944 gaudium.
1019 1868 1202 1943 Apud
1243 1868 1488 1945 Esajam
1545 1865 1932 1944 „Extollent
1985 1888 2189 1929 vocem
2243 1860 2558 1941 desertum,

449 1977 508 2028 et
561 1968 741 2028 urbes
792 1967 958 2049 ejece,
1027 1972 1086 2026 et
1136 1965 1330 2029 villae
1379 1989 1541 2048 quas
1589 1953 1911 2029 inhabitat
1978 1969 2255 2039 Arabia,
2331 1975 2560 2030 cantent

449 2069 837 2130 habitatores
869 2077 1121 2147 petrae,
1179 2088 1209 2126 e
1245 2070 1452 2149 capite
1491 2068 2157 2130 montiumclamenffl
2198 2069 2406 2130 XLII:
2457 2073 2558 2144 113

449 2189 559 2247 per
597 2171 896 2227 desertum
926 2152 1293 2246 significatur
1329 2167 1650 2229 obscurum
1680 2174 1826 2243 veri,
1865 2190 1976 2247 per
2004 2172 2184 2229 urbes
2225 2172 2354 2248 ejus
2383 2174 2554 2248 signi·-

449 2271 700 2331 ficantur
738 2271 1117 2344 doctrinalia,
1158 2289 1268 2346 per
1306 2271 1480 2329 villas
1519 2273 1891 2347 cognitiones
1927 2281 1986 2330 et.
2023 2272 2355 2331 scientifica
2392 2280 2554 2330 natu-

450 2373 630 2445 ralia,
688 2389 796 2447 por
847 2371 1127 2431 Arabiam
1181 2372 1553 2448 significatur
1602 2372 1892 2430 naturalis
1942 2373 2150 2448 hom0‚
2209 2392 2343 2431 nam
2379 2371 2558 2432 Arabs

449 2477 508 2532 in
564 2474 801 2532 deserto
846 2480 939 2532 est
976 2473 1263 2531 naturalis
1299 2473 1513 2544 homo,
1564 2492 1674 2549 per
1721 2473 2093 2532 habitatores
2131 2481 2341 2551 petrae
2384 2475 2555 2551 signi·-

413 2557 702 2633 'ficantur
752 2572 907 2632 bona
968 2571 1134 2645 fidei,
1204 2590 1316 2632 seu
1365 2573 1452 2631 illi
1507 2554 1608 2648 qui
1659 2577 1715 2632 in
1767 2574 1937 2633 bonis
1990 2575 2160 2647 fidei,
2229 2592 2337 2650 per
2399 2579 2562 2651 caput

451 2678 735 2733 montium
774 2674 1137 2749 significatur
1179 2674 1395 2732 bonum
1436 2677 1652 2732 amoris
1690 2678 1750 2733 in
1787 2675 2146 2751 Dominum,
2212 2676 2349 2734 inde
2389 2682 2555 2752 patet,

453 2776 592 2850 qnid
653 2775 885 2849 singula
940 2776 996 2831 in
1051 2775 1255 2833 ordine
1312 2775 1679 2850 significant,
1761 2793 1974 2852 nempe
2028 2776 2460 2835 consessionem
2508 2781 2559 2833 et

452 2874 673 2932 cultum
716 2873 937 2931 laetum
989 2892 1061 2933 ex
1113 2876 1268 2933 bono
1318 2877 1538 2933 amoris
1584 2877 1641 2933 in
1683 2875 1802 2935 illis
1852 2895 2004 2952 quae
2058 2884 2385 2936 memorata
2419 2884 2553 2947 sunt,

451 2975 710 3033 clamare
757 2990 788 3029 e
832 2976 1027 3049 capite
1065 2978 1482 3039 montiumest
1518 2994 1591 3033 ex
1633 2976 1788 3034 bono
1828 2979 2049 3036 amoris
2088 2977 2302 3037 colere.
2390 2974 2549 3053 Apud

449 3072 744 3132 Davidem
788 3118 823 3146 „
838 3070 1024 3131 Mons
1059 3073 1199 3133 Dei
1234 3093 1417 3133 mons
1443 3075 1848 3151 Bet-schania,
1886 3095 2068 3136 mons
2102 3074 2361 3137 collium
2393 3093 2550 3137 mons

449 3171 852 3246 Bet-schania,
911 3191 1108 3250 quare
1150 3172 1475 3235 subsilitis
1518 3183 1793 3251 montes,
1846 3174 2035 3237 colles
2075 3179 2341 3254 montio,
2396 3175 2545 3237 desi-

451 3273 635 3335 derat
668 3272 859 3333 Deus
904 3272 1260 3335 inhabitare
1293 3273 1516 3351 illum,
1569 3277 1763 3337 etiam
1811 3275 2095 3338 Jehovah
2147 3277 2450 3340 habitabit
2492 3274 2549 3333 in

441 3378 859 3455 perpetu-‘etms‘
905 3376 1137 3435 Psalm:
1178 3374 1474 3435 LXVIII:
1522 3381 1629 3437 16.
1680 3382 1761 3437 17
1785 3399 1801 3453 3
1861 3397 1969 3454 per
1997 3379 2265 3438 Montem
2301 3376 2543 3438 Bascha-

253 3489 415 3552 [022]
456 3480 547 3536 nis
583 3477 951 3554 significatur
995 3478 1213 3535 bonum
1263 3477 1687 3553 voluntarium,
1752 3479 1929 3555 quale
1970 3485 2063 3537 est
2099 3481 2266 3556 apud
2301 3482 2426 3540 illos
2459 3477 2541 3552 qui

454 3582 512 3638 in
557 3581 816 3637 externis
868 3579 1178 3638 Ecclesiae
1228 3586 1401 3654 sunt3
1466 3578 1747 3638 Baschan
1797 3582 1953 3638 enim
2006 3586 2138 3638 erat
2185 3585 2350 3659 regio
2404 3587 2541 3637 trans

455 3678 801 3748 Jordanem,
839 3697 992 3754 quae
1029 3679 1307 3738 dimidiae
1339 3679 1547 3737 Tribui
1572 3681 1871 3738 Menassis
1911 3680 2050 3737 data
2092 3688 2219 3739 erat
2260 3685 2317 3740 in
2351 3683 2540 3741 haere-

456 3781 727 3853 ditatem,
811 3778 1083 3838 videatur
1141 3781 1370 3839 ‚Josuae
1436 3778 1595 3856 Cap:
1652 3780 1848 3839 XIII:
1911 3783 1998 3839 29
2044 3781 2119 3839 ad
2164 3783 2288 3852 32,
2352 3789 2408 3840 et
2455 3792 2546 3855 per

453 3881 774 3940 Menassen
813 3880 1181 3954 significatur
1213 3879 1446 3939 Bonum
1471 3880 1869 3938 voluntarium
1910 3884 2135 3940 externi
2174 3899 2283 3941 seu
2324 3889 2545 3941 natura-

452 3981 527 4041 lis
563 3982 845 4053 hominis;
885 3978 1102 4035 bonum
1139 3978 1251 4035 hoc
1280 3980 1672 4039 voluntarium
1709 3981 1865 4039 idern
1906 3988 1998 4040 est
2026 3999 2158 4041 cum
2200 3983 2363 4043 bono
2400 3995 2548 4039 amo-

455 4083 537 4139 ris
575 4083 634 4139 in
673 4086 918 4139 externo
957 4079 1224 4150 homine,
1265 4096 1400 4136 nam
1441 4098 1611 4140 omne
1648 4082 1866 4140 bonum
1907 4085 2125 4140 amoris
2165 4091 2258 4142 est
2293 4084 2551 4143 volunta·-

456 4181 563 4249 tie,
622 4186 681 4236 et
717 4195 886 4235 omne
926 4197 1129 4238 verum
1166 4179 1300 4238 inde
1341 4186 1434 4238 est
1482 4182 1849 4255 intellectus,
1909 4200 2093 4259 quare
2145 4201 2257 4260 per
2313 4181 2548 4259 Ephrai-

457 4292 614 4333 mum
660 4276 899 4331 fratrem
938 4278 1068 4353 ejus
1110 4279 1477 4354 significatur
1502 4298 1707 4339 verum
1744 4284 2152 4343 intellectuale
2192 4284 2350 4344 illius
2394 4280 2546 4341 boni:
