2791 4778
498 385 531 437 8
894 368 1386 426 APOCALYPSIS
1427 367 1860 426 EXPLICATA.
1942 369 1990 437 ὁ.
2027 376 2156 430 298.

496 533 570 594 in
609 548 771 592 auro
825 528 1062 609 optimo
1103 526 1415 608 Ophir-w
1471 525 1702 586 Psalm:
1740 524 1932 585 XLV:
1972 529 2035 584 4.
2078 528 2136 585 5.
2182 528 2299 602 103
2353 526 2525 586 haee
2567 526 2656 586 de

495 633 785 705 Domin03
841 630 1155 706 accingere
1206 627 1470 705 gladium
1505 643 1690 703 super
1722 625 1915 685 femur
1925 670 1943 700 ,
1999 625 2297 702 significat
2328 626 2651 685 Divinum

496 731 725 792 Verum
760 745 1037 806 pugnans
1090 746 1164 788 ex
1198 728 1420 792 Divino
1453 728 1654 801 Bono,
1711 743 1896 809 quare
1948 725 2191 797 dicitur,
2241 726 2477 786 Potens
2519 726 2644 787 de·-

498 848 637 892 core
675 836 735 890 et
768 830 830 887 in
862 828 1086 888 honore
1123 834 1255 902 tuo,
1292 846 1404 905 per
1439 828 1626 886 decus
1661 825 2027 902 significatur
2051 825 2335 884 Divinum
2363 825 2639 900 Verum,

499 938 561 991 et
594 947 707 1007 per
740 930 1029 988 honorem
1064 929 1349 988 Divinum
1382 927 1652 1001 Bonum,
1705 925 1982 985 videatur
2026 942 2213 1001 supra
2256 945 2326 984 n:
2379 928 2520 986 131
2573 932 2641 984 et

504 1032 682 1104 2883
738 1038 865 1087 tum
924 1031 1101 1087 etiam
1146 1027 1387 1103 dicitur,
1443 1029 1506 1085 in
1551 1026 1777 1085 honore
1836 1034 1940 1085 tuo
1992 1027 2360 1096 conscende,
2417 1027 2639 1101 equita

500 1146 688 1207 super
720 1127 903 1188 verbo
941 1130 1244 1197 veritam,
1296 1145 1407 1205 per
1440 1130 1500 1186 in
1535 1126 1760 1186 honore
1813 1125 2215 1185 conscendere
2250 1125 2636 1202 significatur

494 1246 765 1308 pugnare
803 1246 879 1288 ex
910 1228 1130 1287 Divino
1165 1227 1364 1303 Bono,
1422 1233 1482 1287 et
1526 1244 1639 1304 per
1673 1227 1943 1302 equitare
1994 1242 2181 1302 super
2224 1225 2414 1285 verbo
2454 1226 2629 1283 veri-

495 1332 637 1389 tatis
672 1326 1040 1405 significatur
1071 1345 1342 1404 pugnare
1382 1345 1460 1385 ex
1492 1326 1712 1388 Divino
1748 1326 1940 1394 Vero,
1976 1328 2061 1383 ita
2097 1343 2168 1384 ex
2196 1325 2417 1384 Divino
2446 1324 2630 1383 Bono

491 1447 606 1507 per
658 1429 940 1488 Divinum
975 1427 1204 1487 Verum
1226 1448 1241 1503 3
1298 1426 1750 1503 Omnipotentia
1794 1432 1854 1485 et
1907 1424 2335 1485 Omniscientla
2370 1425 2624 1484 Domini

490 1528 901 1606 significantur
925 1545 1036 1604 per
1063 1528 1299 1587 docebit
1327 1527 1418 1587 Te
1454 1525 1747 1585 mirabssia
1769 1526 2001 1584 Dextra
2035 1531 2167 1600 tua3
2204 1525 2363 1584 filiae
2398 1542 2618 1601 regum

495 1646 650 1706 quae
683 1631 839 1688 inter
862 1628 1190 1704 pretiosas,
1239 1626 1574 1703 significant
1600 1626 1943 1685 affectiones
1972 1627 2131 1701 verl;
2182 1625 2416 1702 Regina
2454 1641 2617 1700 quae

493 1728 573 1788 ad
605 1729 878 1787 dextram
912 1731 976 1786 in
1010 1743 1157 1786 auro
1195 1729 1420 1803 optimo
1457 1725 1732 1804 OphiriS,
1775 1724 2070 1802 significat
2106 1724 2354 1785 Coelum
2393 1733 2455 1783 et
2492 1724 2616 1782 Ec·-

493 1828 773 1897 clesiam,
838 1833 896 1886 et
945 1826 1029 1885 ibi
1087 1827 1221 1887 illos
1286 1828 1482 1902 quiin
1519 1829 1677 1886 veris
1735 1843 1812 1886 ex
1857 1825 2014 1884 bono
2049 1832 2216 1899 sunt,
2272 1824 2484 1884 dextra
2522 1832 2616 1883 est

494 1944 705 1986 verum
755 1931 815 1984 in
859 1926 1023 2002 luce,
1080 1933 1140 1987 et
1174 1944 1387 1985 aurum
1434 1926 1659 2002 ophitis
1708 1932 1802 1985 est
1844 1925 2064 1984 bonum
2112 1927 2345 1983 amoris.
2427 1919 2613 2002 Apud

493 2026 767 2086 Eundem
816 2024 1150 2101 „Dictum
1183 2024 1459 2086 Jehovae
1506 2024 1596 2085 ad
1638 2024 2000 2086 Dominum
2033 2043 2271 2099 meum,
2327 2024 2473 2086 sede
2522 2024 2614 2086 ad

494 2125 797 2186 dextram
839 2143 1072 2202 meam,
1126 2143 1323 2205 usque
1365 2124 1521 2186 dum
1553 2144 1825 2204 posuero
1863 2124 2158 2185 inimicos
2197 2130 2343 2186 tuoe
2369 2123 2602 2186 scabel-

492 2222 631 2288 lum
651 2223 892 2304 pedum
916 2230 1187 2287 tuorum.
1235 2224 1569 2287 Dominus
1594 2223 1685 2285 ad
1709 2224 2040 2287 Dextram
2065 2230 2260 2298 tuam,
2288 2224 2608 2305 percueez‘t

492 2327 567 2388 in
615 2323 892 2388 dieirae
929 2329 1166 2407 φοραί(
1228 2325 1463 2386 Psalm:
1503 2325 1647 2387 CX:
1705 2328 1763 2384 1.
1812 2327 1870 2385 5.
1939 2325 2162 2385 Matth:
2216 2325 2436 2386 XXII:
2488 2328 2598 2384 42.

489 2427 690 2488 Marc:
741 2426 904 2489 XII:
947 2428 1055 2488 36.
1110 2428 1265 2489 Luc:
1302 2426 1452 2488 XX:
1492 2430 1607 2486 42.
1663 2428 1790 2503 433
1843 2425 2005 2503 quod
2045 2426 2196 2485 haec
2244 2426 2317 2485 de
2352 2426 2598 2484 Domino

493 2527 653 2588 dicta
686 2531 835 2603 sint,
896 2535 1101 2588 notum
1139 2537 1262 2605 est3
1317 2511 1432 2605 per
1474 2528 1580 2587 illa
1617 2526 1975 2586 describitur
2022 2544 2227 2602 pugna
2258 2526 2492 2585 Domini
2541 2527 2600 2583 in

490 2627 711 2685 mundo
748 2634 953 2686 contra
985 2628 1228 2689 Inferna
1262 2634 1324 2687 et
1358 2628 1699 2706 subjugatio
1735 2644 1975 2701 eorum,
2018 2644 2172 2703 quae
2208 2626 2368 2686 facta
2402 2632 2493 2685 est
2528 2642 2600 2685 ex

491 2725 713 2785 Divino
748 2726 917 2786 Bono
954 2744 1065 2803 per
1098 2727 1385 2786 Divinum
1419 2726 1678 2800 Verum,
1735 2726 1946 2785 dextra
1980 2726 2061 2784 ibi
2097 2726 2393 2802 significat
2426 2725 2593 2784 Divi-

488 2842 632 2883 num
659 2825 921 2896 Verum,
959 2842 1144 2900 quare
1184 2827 1422 2899 dicitur,
1463 2843 1655 2902 usque
1692 2826 1830 2883 dum
1865 2833 2144 2902 posuero
2169 2828 2433 2885 inimicos
2469 2833 2596 2884 tuos

489 2923 824 2984 scabellum
873 2924 1093 3000 pedum
1130 2931 1395 2999 tuorum3
1448 2943 1559 3002 per
1592 2927 1862 2985 inimicos
1907 2927 2311 3003 significantur
2344 2925 2591 2999 Inferna,

488 3041 603 3102 per
635 3040 859 3102 ponere
901 3023 1037 3083 illos
1084 3023 1413 3083 scabellum
1445 3025 1670 3101 pedum
1731 3025 2093 3102 significatur
2153 3043 2396 3102 prorsus
2453 3024 2593 3084 sub-

482 3124 734 3201 jugare,
772 3124 965 3183 simile
991 3124 1356 3201 significatur
1381 3144 1492 3202 per
1517 3125 1808 3185 Dominus
1838 3125 1915 3184 ad
1943 3125 2214 3185 dextram
2241 3134 2417 3201 tuam,
2452 3143 2588 3202 per-

490 3227 682 3283 cussit
714 3227 775 3282 in
811 3224 906 3283 dIe
943 3226 1068 3283 irae
1104 3241 1306 3301 reges,
1347 3225 1474 3286 dies
1508 3228 1636 3284 irae
1674 3233 1767 3286 est
1802 3232 1996 3284 status
2031 3244 2289 3304 pugnae,
2331 3234 2389 3287 et
2421 3241 2587 3302 reges

488 3330 629 3382 sunt
690 3326 792 3399 qui
849 3327 908 3381 in
943 3323 1113 3384 falsis
1163 3343 1237 3383 ex
1286 3326 1475 3385 malo:
1530 3327 1689 3402 quod
1721 3326 2050 3396 Dominus,
2103 3345 2238 3385 cum
2289 3330 2352 3385 in
2385 3325 2589 3385 mundo

489 3422 635 3499 fuit,
691 3423 947 3483 induerit
979 3425 1264 3484 Divinum
1301 3426 1529 3484 Verum
1585 3444 1660 3484 ex
1692 3425 1913 3484 Divino
1947 3426 2152 3501 Bono,
2209 3433 2269 3485 et
2305 3427 2457 3504 quod
2488 3441 2593 3502 per

488 3523 551 3581 id
584 3523 997 3601 subjugaverit
1029 3524 1300 3596 Inferna,
1338 3544 1407 3584 ac
1448 3529 1644 3584 omnia
1677 3528 1738 3583 in
1775 3525 1973 3585 Coelis
2012 3526 2373 3603 disposuerit
2404 3528 2462 3584 in
2494 3543 2589 3584 or-

489 3623 721 3698 dinem,
775 3624 1048 3683 videatur
1092 3628 1154 3683 in
1191 3623 1501 3700 Opusculo
1553 3625 1627 3684 de
1663 3623 1912 3686 Uvrnuo
1955 3626 2202 3686 Jumcro
2253 3644 2324 3686 n:
2365 3628 2482 3701 463
2534 3632 2590 3686 et

487 3725 552 3782 in
585 3723 911 3783 Domuum
944 3724 1158 3784 Novae
1188 3725 1688 3800 Ihenosonrmm,
1729 3743 1797 3783 n:
1840 3727 2002 3786 293.
2041 3729 2202 3785 294.
2240 3729 2398 3788 301.
2435 3727 2584 3786 303.

488 3822 675 3897 Apud
709 3823 1123 3900 Evangelistas
1160 3821 1403 3899 „Iesus
1439 3823 1647 3899 dixit,
1703 3844 1781 3886 ex
1825 3844 1991 3887 nunc
2031 3825 2329 3886 videbitis
2354 3823 2590 3888 Filium

484 3918 762 3983 hominis
797 3920 1108 3984 sedentem
1141 3942 1221 3986 ex
1264 3922 1517 3986 dea-ms
1542 3923 1913 4004 potentiae“
1949 3926 2173 3986 Matth:
2201 3926 2447 3987 XXVI:
2479 3928 2581 3986 63.

495 4023 605 4080 64.
660 4021 861 4082 Marc:
900 4022 1071 4083 XIV:
1107 4026 1216 4084 61.
1255 4028 1362 4083 62.
1418 4025 1576 4084 Luc:
1613 4024 1831 4084 XXII:
1869 4028 1993 4085 69:
2050 4033 2112 4086 et
2146 4027 2308 4103 apud
2335 4027 2584 4086 Marcum

488 4164 527 4196 „
549 4108 880 4184 Dominae
915 4129 1259 4204 postquam
1307 4120 1606 4204 loquutus
1658 4128 1752 4184 est
1809 4121 1982 4200 illis,
2040 4123 2333 4189 sublatus
2383 4131 2469 4186 est
2524 4125 2588 4186 in

487 4216 772 4300 Coelum,
841 4227 901 4285 et
946 4223 1226 4288 comedit
1265 4241 1346 4286 ea:
1387 4223 1619 4286 dextra
1658 4223 1842 4286 Dez·“
1895 4226 2082 4288 XVI:
2141 4231 2170 4285 1
2194 4230 2264 4305 93
2320 4227 2517 4288 sedere
2551 4244 2585 4284 a
