2791 4778
367 375 604 433 CAPUT
642 375 957 437 SEXTUM.
1746 375 1953 433 VEB&
1996 386 2052 438 2.
2210 387 2319 442 1⁹1

225 555 291 597 ex
334 553 448 613 qua
498 541 801 613 pugnatur
845 541 1055 595 contra
1114 534 1277 594 mala
1323 542 1383 596 et
1429 534 1609 607 falsa,
1664 552 1734 595 ac
1779 535 2152 613 dissipantur
2181 536 2318 614 illa3

223 636 364 713 quod
389 652 732 714 perarcum
766 635 1130 712 significetur
1157 634 1428 695 doctrina
1452 635 1574 709 illa,
1611 636 1917 696 videbitur
1950 637 2012 694 in
2048 652 2318 713 sequen-

220 737 390 810 tibus,
426 736 523 795 hic
557 738 813 811 primum
849 735 1082 794 dicetur
1116 734 1340 811 aliquid
1373 735 1450 795 de
1485 736 1789 810 doctrina3
1842 735 1891 796 Ι.
1930 735 2110 812 Quod
2141 752 2318 796 nemo

218 837 394 914 possit
442 834 777 912 intelligere
831 834 1096 894 Verbum
1157 834 1386 911 absque
1449 835 1734 895 doctrina.
1785 836 1867 896 11.
1919 834 2096 912 Quod
2143 852 2322 897 nemo

217 937 394 1013 possit
425 952 697 1012 pugnare
735 940 939 994 contra
974 934 1134 993 mala
1170 941 1229 992 et
1263 934 1452 1005 falsa,
1507 943 1565 994 et
1602 935 1895 1012 dissipare
1930 935 2053 1008 illa,
2090 934 2322 1013 absque

218 1034 471 1096 doctrina
495 1052 574 1094 ex
601 1033 819 1093 Verbo.
872 1032 984 1092 111.
1026 1031 1202 1109 Quod
1236 1050 1410 1092 nemo
1444 1037 1641 1112 possit
1676 1035 1905 1114 absque
1941 1035 2211 1094 doctrina
2237 1052 2319 1095 ex

217 1133 406 1194 Verbo
464 1136 627 1193 intra
691 1132 1022 1193 Ecclesiam
1099 1134 1201 1192 ubi
1262 1133 1531 1193 Verbum
1595 1145 1701 1194 est
1768 1135 1898 1202 fieri
1968 1134 2319 1211 spiritualis.

216 1233 314 1297 IV.
364 1232 540 1311 Quod
593 1226 865 1292 doctrina
919 1250 1037 1291 non
1088 1235 1281 1310 possit
1326 1233 1567 1293 aliunde
1625 1237 1957 1311 comparari
2012 1251 2197 1311 quam
2245 1250 2324 1295 cx
2401 1259 2411 1267 ·

218 1333 433 1405 Verbo,
486 1341 549 1393 et
583 1350 704 1391 non
754 1332 831 1392 ab
867 1332 1000 1391 aliis
1039 1350 1214 1409 quam
1263 1334 1364 1408 qui
1402 1335 1461 1391 in
1494 1334 1888 1394 illustratione
1937 1341 2079 1394 sunt
2112 1351 2152 1394 a
2183 1332 2317 1394 Do*

218 1433 377 1495 mino.
430 1434 508 1494 V.
549 1432 730 1509 Quod
764 1434 962 1491 omnia
996 1433 1298 1492 doctrinae
1334 1433 1741 1492 confirmanda
1777 1436 1896 1493 sint
1931 1451 2044 1510 per
2076 1449 2322 1494 sensum

215 1532 408 1593 literae
434 1533 648 1593 Verbi.
707 1531 885 1609 Quod
910 1533 1163 1593 Paruum
1201 1535 1431 1606 attinet,
1470 1551 1684 1610 nempe
1722 1533 1884 1610 quod
1920 1551 2095 1593 nemo
2130 1535 2325 1610 possit

218 1633 534 1712 intelligere
569 1631 841 1692 Verbum
891 1632 1120 1709 absque
1173 1632 1475 1707 doctrina,
1532 1639 1807 1694 constare
1857 1639 2061 1711 potest
2115 1649 2194 1692 ex
2228 1649 2322 1708 eo,

194 1733 365 1809 quod
395 1749 615 1802 sensus
650 1733 863 1792 literae
918 1733 1048 1809 ejus
1084 1733 1164 1790 sit
1198 1749 1270 1791 ex
1308 1734 1488 1792 meris
1523 1734 2101 1811 correspondentiis,
2157 1748 2318 1810 quae

219 1832 274 1890 in
302 1848 365 1892 se
399 1836 708 1893 continent
742 1832 1106 1909 spiritualia,
1140 1833 1224 1889 ita
1266 1848 1339 1891 ex
1375 1831 1594 1892 talibus
1631 1850 1784 1910 quae
1835 1840 1976 1893 sunt
2009 1834 2070 1891 in
2103 1831 2324 1893 mundo

220 1939 275 1990 et
305 1934 445 2010 ejus·
465 1938 713 2005 natura,
764 1932 903 1990 inde
946 1938 1041 1992 est
1088 1929 1248 2008 quod
1282 1947 1500 1991 sensus
1535 1933 1746 1993 literae
1791 1935 1871 1994 sit
1919 1932 2206 1993 naturalis
2258 1938 2321 1993 et

220 2048 325 2091 non
358 2031 720 2109 spiritualiS,
776 2030 1255 2091 accommodatus
1303 2038 1501 2090 tamen
1538 2034 1739 2110 captui
1775 2032 2168 2110 simplicium,
2218 2032 2318 2109 qui

219 2130 371 2190 ideas
405 2148 547 2191 suas
587 2148 706 2190 non
741 2147 924 2208 supra
958 2131 1105 2189 talia
1140 2148 1294 2207 quae
1331 2131 1536 2190 vident
1570 2140 1708 2192 ante
1745 2133 1990 2206 oculos,
2046 2131 2286 2191 elevant
2297 2149 2316 2207 3

219 2231 344 2290 inde
379 2238 494 2306 est,
537 2231 704 2308 quod
737 2232 881 2289 talia
914 2232 1096 2290 etiam
1133 2231 1460 2303 contiueat,
1516 2249 1669 2308 quae
1706 2249 1826 2292 non
1862 2237 2164 2308 apparent
2190 2232 2322 2308 spi-

222 2331 471 2407 ritualia,
508 2333 753 2391 tametsi
780 2337 965 2389 totum
994 2329 1262 2389 Verbum
1289 2332 1450 2389 intus
1486 2332 1546 2389 in
1572 2347 1639 2391 se
1677 2337 1773 2391 est
1798 2347 1949 2409 pure
1975 2329 2318 2407 spirituale,

229 2432 357 2506 quia
399 2438 488 2490 est
528 2432 845 2508 Divinum3
913 2437 1282 2508 quapropter
1327 2430 1507 2506 plura
1561 2432 1622 2488 in
1682 2447 1871 2490 sensu
1929 2430 2144 2490 literae
2179 2434 2323 2489 sunt

231 2546 375 2605 quae
397 2547 503 2588 nou
529 2533 823 2590 inservire
847 2537 1102 2607 possunt
1128 2546 1238 2606 pro
1266 2530 1471 2605 aliqua
1497 2529 1766 2589 doctrina
1780 2529 2093 2589 Ecclesiae
2120 2528 2320 2599 hodie,

233 2634 290 2687 et
318 2629 485 2704 plura
520 2647 680 2714 quae
728 2631 1023 2707 applicari
1066 2636 1322 2705 possunt
1355 2632 1539 2688 variis
1592 2636 1652 2689 et
1696 2629 1953 2689 diversis
1989 2629 2319 2707 principiis,

228 2728 372 2789 unde
402 2729 723 2805 haereses3
775 2730 897 2790 sed.
930 2746 1122 2804 usque
1158 2729 1337 2806 plura
1370 2731 1715 2789 intermixta
1749 2734 1921 2804 sunt,
1977 2746 2053 2789 ex
2103 2729 2322 2807 quibus

227 2827 411 2906 colligi
436 2837 496 2889 et
522 2830 770 2889 formari
796 2835 1000 2906 potest
1024 2829 1311 2902 doctrina,
1339 2830 1627 2906 imprimis
1655 2829 1927 2888 doctrina
1951 2831 2131 2900 vitae,
2165 2844 2323 2905 quae

227 2934 312 2986 est
342 2928 612 2988 doctrina
646 2929 952 2988 charitatis
991 2935 1053 2989 et
1103 2928 1238 2987 inde
1275 2929 1449 2988 fidei:
1505 2936 1567 2988 at
1614 2931 1718 3016 qui
1757 2928 1905 3006 legit
1942 2928 2206 2988 Verbum
2242 2945 2321 2989 ex

222 3025 510 3101 Doctrina,
549 3031 604 3089 is
644 3029 803 3088 videt
835 3030 919 3088 ibi
955 3029 1150 3088 omnia
1186 3044 1338 3104 quae
1376 3027 1739 3102 confirmant,
1781 3035 1842 3088 et
1876 3045 2119 3106 quoque
2145 3026 2325 3105 plura

223 3142 364 3201 quae
397 3128 592 3189 latent
625 3144 825 3188 coram
861 3128 1053 3188 oculis
1086 3126 1376 3198 aliorum,
1427 3145 1537 3187 nec
1572 3129 1798 3205 patitur
1841 3143 1909 3187 se
1945 3127 2216 3188 abstrahi
2261 3128 2325 3186 in

221 3224 405 3286 aliena
438 3229 514 3287 ab
552 3228 672 3288 illis
706 3228 790 3287 ibi
826 3245 980 3305 quae
1015 3245 1136 3287 non
1171 3234 1466 3306 apparent
1492 3228 1874 3302 concordare,
1917 3235 1977 3287 et
2014 3244 2167 3304 quae
2203 3242 2325 3285 non

220 3326 506 3405 intelligit,
543 3346 684 3386 nam
719 3330 774 3387 ei
808 3330 868 3388 in
895 3328 1058 3388 claro
1094 3335 1233 3387 sunt
1268 3329 1466 3387 omnia
1501 3327 1805 3387 doctrinae
1834 3344 1989 3404 quae
2017 3326 2101 3386 ibi
2134 3325 2321 3395 videt,

222 3426 536 3504 etreliqua
573 3431 630 3488 ei
663 3435 802 3487 sunt
835 3430 895 3487 in
931 3426 1218 3503 obscuro;
1273 3434 1641 3504 quapropter
1677 3433 1772 3486 est
1807 3426 2113 3495 doctrina,
2166 3439 2321 3499 quae

222 3527 476 3586 consistit
512 3545 589 3587 ex
625 3528 898 3605 genuinis
933 3528 1125 3596 veris,
1177 3526 1515 3604 legentibus
1551 3526 1820 3585 Verbum
1869 3525 2026 3583 sicut
2057 3522 2322 3595 lucerna,

226 3629 281 3681 et
309 3627 570 3686 vicissim
606 3633 701 3687 est
731 3626 999 3686 Verbum
1034 3625 1186 3698 illis,
1241 3627 1346 3708 qui
1380 3626 1608 3702 absque
1661 3624 1929 3682 doctrina
1985 3621 2047 3682 id
2092 3620 2324 3697 legunt,

222 3723 368 3783 sicut
393 3725 819 3786 candelabrum
845 3725 1074 3802 absque
1101 3724 1321 3783 lumine
1348 3728 1612 3801 positum
1637 3727 1700 3783 in
1728 3723 1985 3783 obscuro
2011 3722 2165 3796 loc0,
2213 3736 2325 3797 per

226 3823 370 3896 quod
402 3824 486 3883 ibi
522 3825 668 3885 nihil
700 3824 918 3899 videri,
974 3825 1142 3898 sciri,
1196 3826 1412 3901 inquiri
1460 3831 1523 3883 et
1572 3826 1826 3883 inveniri
1875 3828 2109 3899 potest,
2163 3820 2326 3898 quod

225 3920 393 3982 saluti
425 3925 732 4000 conducit,
785 3931 1033 4002 praeter
1080 3923 1239 4000 quod
1274 3922 1493 3983 abduci
1544 3925 1778 4000 possint
1821 3925 1885 3981 in
1932 3937 2322 4000 quoscunque

225 4033 474 4099 errores,
527 4027 589 4084 in
626 4041 777 4100 quos
811 4040 979 4083 mens
1025 4038 1100 4082 ex
1133 4023 1334 4100 aliquo
1379 4040 1582 4082 amore
1618 4022 1894 4096 inclinat,
1946 4028 2054 4081 aut
2088 4038 2166 4081 ex
2200 4021 2322 4080 ali-

226 4133 335 4192 quo
366 4124 655 4201 principio
691 4124 974 4183 trahitur:
1009 4121 1147 4181 inde
1177 4130 1454 4182 constare
1488 4129 1718 4199 potest,
1759 4122 1923 4198 quod
1955 4135 2130 4180 nemo
2173 4135 2333 4195 pos·

225 4217 298 4275 sit
325 4221 652 4300 intelligere
679 4222 948 4284 Verbum
977 4221 1207 4298 absque
1236 4221 1527 4282 doctriua.
1584 4219 1904 4295 Sacamum
1944 4217 2124 4295 Quod
2149 4232 2327 4295 nemo
