2791 4778
436 347 539 399 11⁶2
853 333 1344 390 APOCALYPSIS
1386 332 1822 391 EXPLICATA.
1904 333 1951 400 §.
1997 342 2126 393 329.

429 496 715 557 cumillis
765 495 838 553 de
884 494 1117 572 pecude
1151 492 1436 553 Paschali
1468 492 1581 567 ibi,
1640 492 1806 552 Luc:
1854 491 2076 552 XXII:
2124 492 2233 549 16.
2310 494 2405 552 Ex
2444 494 2582 556 inis

432 613 589 674 quae
637 610 826 671 supra
871 595 1031 653 dicta
1083 600 1258 667 sunt,
1317 595 1498 653 etiam
1533 598 1797 663 constat,
1849 592 1993 669 quid
2028 592 2403 670 significatur
2452 611 2582 672 per

430 697 583 755 haec
635 695 878 755 Domini
923 695 1111 753 verba
1163 739 1199 769 „
1225 692 1467 768 Panis,
1535 711 1714 773 quem
1756 691 1908 774 qu
1951 691 2149 768 dabo,
2207 689 2374 754 Caro
2421 713 2585 756 mea

430 801 525 856 est
537 814 565 867 ;
611 814 793 855 amen
826 813 1009 855 amen
1052 792 1195 854 dico
1237 793 1444 870 vobis,
1485 793 1619 854 nisi
1664 791 2063 853 comederitis
2094 791 2366 855 Carnem
2391 792 2582 857 Filii

432 894 728 970 hominis,
768 901 828 955 et
866 895 1145 955 biberitis
1171 893 1395 975 Ipsius
1420 892 1832 973 Sanquinem,
1872 892 2323 954 nonhabebitis
2360 895 2581 957 vitam

433 997 505 1057 in
544 995 754 1057 vobis:
810 995 919 1076 qui
959 993 1229 1055 eomedit
1265 1012 1472 1054 meam
1521 992 1819 1068 Carnem,
1868 999 1929 1053 et
1966 993 2118 1054 bibit
2155 1013 2365 1055 meum
2392 993 2577 1057 San-

433 1096 723 1178 9uinem,
776 1095 959 1157 habet
1009 1095 1208 1155 vitam
1250 1103 1601 1169 aeternam,
1658 1099 1718 1154 et
1753 1091 1904 1173 Eyo
1941 1092 2327 1155 resuscitabo
2371 1093 2575 1157 illum

434 1203 711 1259 extremo
766 1194 872 1258 die
881 1217 908 1270 ;
960 1214 1113 1257 nam
1149 1193 1314 1257 Caro
1366 1214 1508 1257 mea
1564 1203 1658 1256 est
1713 1213 1850 1254 vere
1891 1191 2118 1269 Cibus,
2172 1201 2233 1255 et
2268 1191 2575 1275 Sanquis

434 1316 610 1358 meus
659 1305 756 1359 est
799 1316 935 1358 vere
982 1294 1189 1357 Potus
1210 1318 1230 1356 .·
1299 1296 1410 1375 qui
1450 1295 1718 1357 comedit
1749 1284 1955 1355 mec’tm
1992 1292 2258 1356 Carnem
2307 1303 2371 1357 et
2410 1296 2573 1359 bibit

435 1416 641 1459 meum
667 1390 1094 1477 Sanyuinem,
1135 1396 1205 1457 in
1241 1395 1352 1458 Me
1388 1401 1600 1457 manet
1637 1401 1696 1456 et
1721 1394 1871 1475 Eyo
1905 1394 1978 1455 in
2002 1392 2154 1456 illo:
2210 1394 2315 1456 Itic
2343 1395 2570 1459 Panis

413 1506 530 1560 *est
566 1498 676 1579 qui
714 1517 746 1556 e
791 1495 971 1558 G'oelo
1010 1496 1377 1560 descendit“
1416 1497 1574 1557 Joh:
1613 1495 1732 1556 VI:
1781 1498 1868 1555 50
1908 1495 1987 1553 ad
2027 1498 2147 1556 58:
2204 1497 2369 1574 quod
2406 1497 2569 1560 Caro

437 1600 676 1666 Domini
750 1601 829 1657 sit
888 1599 1169 1657 Divinum
1221 1599 1458 1658 Bonum
1521 1604 1580 1657 et
1641 1595 1899 1673 Sanguis
1961 1596 2244 1656 Divinum
2305 1598 2563 1674 Verum,

434 1708 750 1775 utrumque
796 1698 874 1757 ab
912 1698 1084 1775 Ipso,
1125 1706 1400 1758 constare
1438 1705 1639 1775 potest
1666 1715 1740 1756 ex
1769 1715 1875 1772 eo,
1917 1697 2076 1773 quod
2108 1698 2213 1756 illa
2246 1699 2368 1757 sint
2406 1716 2569 1776 quae

435 1802 700 1859 nutriunt
749 1801 1034 1874 animam3
1090 1799 1226 1859 inde
1275 1799 1524 1873 dicitur,
1582 1797 1736 1857 Caro
1781 1815 1917 1857 mea
1963 1803 2056 1857 est
2106 1815 2248 1858 vere
2286 1799 2464 1859 cibus
2504 1808 2567 1860 et

434 1900 691 1975 Sanguis
727 1915 895 1958 meus
934 1904 1027 1957 est
1060 1917 1201 1958 vere
1238 1909 1416 1976 potus
1429 1920 1444 1975 3
1487 1906 1547 1957 ct
1574 1900 1714 1974 quia
1750 1898 1927 1957 homo
1967 1915 2078 1974 per
2102 1898 2394 1960 Divinum
2427 1900 2561 1959 Bo-

433 2019 576 2061 num
620 2006 681 2059 et
714 2000 941 2059 Verum
979 2000 1356 2077 conjungitur
1389 2000 1686 2072 Domino,
1739 1998 1874 2058 ideo
1927 2001 2105 2057 etiam
2150 1999 2396 2076 dicitur,
2456 2002 2566 2078 qui

436 2101 692 2160 comedit
728 2099 983 2161 Carnem
1043 2117 1238 2159 meam
1300 2106 1361 2159 et
1404 2099 1554 2159 bibit
1603 2099 1966 2176 Sanguinem
2024 2117 2253 2175 meum,
2308 2101 2566 2162 habebit

434 2204 617 2261 vitam
652 2209 976 2275 aeternam,
1015 2209 1075 2260 et
1102 2218 1359 2277 quoque,
1397 2203 1460 2258 in
1493 2200 1592 2260 Me
1630 2206 1830 2258 manet
1867 2206 1928 2259 et
1953 2200 2080 2276 Ego
2108 2202 2169 2258 in
2195 2201 2318 2262 illo.
2379 2201 2565 2278 Quod

431 2304 724 2362 Dominus
775 2304 862 2360 ita
896 2302 1182 2378 loquutus
1220 2302 1327 2375 sit,
1379 2317 1595 2377 nempe
1646 2300 1805 2375 quod
1842 2300 2056 2360 dixerit
2092 2299 2348 2361 Carnem
2383 2318 2563 2363 suam

430 2412 490 2463 et
526 2404 891 2480 Sanguinem
918 2419 1111 2477 suum,
1154 2410 1212 2462 et
1247 2421 1364 2461 non
1390 2402 1673 2461 Divinum
1700 2400 1934 2460 Bonum
1962 2418 2137 2461 suum
2172 2419 2245 2460 ac
2271 2404 2559 2463 Divinum

429 2504 656 2565 Verum
683 2522 889 2579 suum,
931 2511 1025 2563 est
1056 2512 1121 2561 ut
1148 2519 1365 2563 sensus
1391 2503 1604 2561 literae
1633 2501 1818 2560 Verbi
1856 2508 2019 2561 esset
2048 2519 2123 2560 ex
2149 2503 2371 2562 talibus
2400 2520 2558 2579 quae

429 2605 900 2681 correspondent
934 2601 1379 2680 spiritualibus,
1417 2605 1480 2662 in
1517 2601 1731 2678 quibus
1769 2610 1909 2660 sunt
1944 2603 2191 2680 Angeli;
2229 2604 2367 2663 inde
2407 2621 2557 2665 con-

420 2706 655 2780 junctio
695 2703 1002 2763 hominum
1035 2704 1346 2763 Ecclesiae
1382 2721 1494 2780 per
1529 2701 1798 2760 Verbum
1834 2719 1970 2762 cum
2002 2702 2148 2778 illis,
2205 2721 2362 2781 quae
2401 2706 2556 2765 alio·

432 2804 577 2878 quin
638 2820 756 2862 non
810 2803 1007 2880 foret5
1090 2802 1364 2863 videatur
1422 2803 1751 2863 Doc'rnmn
1797 2801 2015 2862 Noun
2065 2803 2557 2866 Humosomm

433 2921 502 2960 n:
545 2903 704 2960 252.
759 2905 895 2983 258
951 2902 1027 2960 ad
1082 2903 1255 2961 262:
1312 2909 1370 2961 et
1428 2907 1489 2961 in
1526 2902 1726 2980 Opere
1780 2902 1853 2962 de
1905 2901 2106 2963 Coeno
2156 2923 2235 2962 nr
2274 2903 2552 2966 hircano

433 3021 508 3060 n:
548 3002 685 3060 303
719 3001 795 3059 ad
828 3004 987 3062 310.
1044 3002 1338 3078 QuonIam
1377 3001 1635 3078 Sanguis
1674 3003 1965 3079 significat
1999 3003 2288 3063 Divinum
2324 3004 2558 3065 Verum

432 3101 765 3179 procedens
802 3120 839 3160 a
872 3102 1158 3171 Domino,
1213 3107 1273 3160 et
1318 3119 1429 3179 per
1462 3104 1870 3179 receptionem
1922 3104 2052 3181 ejus
2104 3104 2179 3162 ab
2210 3085 2455 3165 bomine
2490 3106 2558 3165 fit

432 3202 769 3278 conjunctio
806 3219 942 3261 cum
965 3202 1224 3261 Domino
1246 3245 1261 3274 ,
1299 3202 1437 3262 ideo
1474 3204 1718 3279 sanguis
1755 3210 2005 3263 vocatur
2042 3203 2301 3283 Sanguis
2338 3205 2552 3266 foede-

430 3306 543 3375 πίε,
611 3302 823 3362 foedus
872 3306 1029 3362 enim
1084 3301 1378 3379 significat
1428 3302 1937 3379 conjunctionem:
1995 3307 2240 3382 sanguis
2299 3312 2556 3370 vocatur

433 3402 689 3482 Sanguis
737 3404 998 3464 foederis
1062 3420 1099 3461 a
1143 3403 1404 3462 Domino
1457 3420 1590 3463 cum
1642 3405 1898 3463 instituit
1933 3403 2215 3465 Sanctam
2250 3403 2549 3483 Coenam5

430 3505 577 3565 dixit
636 3507 794 3565 enim
845 3550 881 3580 ‚,
902 3501 1123 3565 Bibite
1174 3520 1254 3562 ese
1306 3522 1373 3563 eo
1429 3521 1670 3577 omnes,
1742 3501 1855 3563 hoc
1906 3505 2073 3573 enim
2127 3512 2222 3566 est
2259 3504 2554 3587 Sanquis

428 3625 608 3667 meus
646 3605 817 3666 Novi
857 3601 1165 3664 Foederis
1205 3622 1314 3666 sea
1358 3601 1751 3665 Testamenti
1771 3606 1829 3677 (ί,
1876 3605 2104 3666 Matth:
2142 3605 2395 3666 XXVI:
2440 3611 2553 3667 28.

428 3707 622 3765 Marc:
671 3704 844 3764 XIV:
900 3707 1010 3761 24.
1084 3703 1240 3763 Luc:
1291 3699 1511 3764 XXII:
1557 3709 1677 3764 2οε
1746 3715 2003 3767 vocatur
2057 3708 2234 3766 etiam
2288 3705 2549 3786 Sanguis

427 3804 687 3865 foederis
740 3804 904 3881 apud
948 3803 1187 3878 Mosen,
1256 3804 1360 3863 ubi
1418 3806 1570 3865 haec
1642 3850 1677 3881 „
1716 3802 1898 3869 Venit
1945 3804 2163 3867 Moses
2209 3824 2291 3868 ea*
2332 3805 2551 3868 Monte

428 3902 652 3978 Sinai,
689 3910 751 3964 et
786 3903 1174 3965 renuntiavit
1203 3903 1439 3985 populo
1467 3903 1682 3966 omnia
1707 3904 1890 3967 verba
1914 3903 2205 3980 Jehovae,
2248 3910 2309 3966 et
2334 3906 2546 3968 omnia

410 4001 711 4089 judicia:
748 4009 807 4064 et
845 4002 1107 4083 scripsit
1134 4002 1349 4089 Moses
1389 4003 1605 4066 omnia
1631 4006 1815 4068 verba
1839 4003 2134 4082 Jehovae,
2175 4013 2237 4068 et
2260 4006 2547 4069 summit

426 4123 612 4165 mane
643 4105 716 4166 in
745 4105 1089 4180 matutino,
1126 4111 1186 4168 et
1210 4103 1579 4187 aedificavit
1606 4102 1837 4169 Altare
1861 4106 1976 4169 sub
2001 4115 2235 4182 monte,
2279 4113 2339 4168 et
2362 4106 2546 4169 misit

423 4223 654 4288 pueros
682 4203 977 4289 filiorum
1010 4203 1318 4281 Israelis,
1356 4211 1417 4266 et
1458 4202 1809 4270 obtulerunt
1854 4204 2226 4270 holocausta
2251 4215 2312 4270 et
2335 4206 2539 4269 sacri-

2710 539 2719 576 ⁴
