2791 4778
425 362 661 418 CAPUT
705 361 1050 428 QUINTUM.
1892 363 2100 419 VERS:
2146 376 2198 427 1.
2337 377 2388 435 9

268 525 495 584 dextris
544 525 857 600 potentiae
897 528 960 582 et
1011 539 1049 580 a
1092 523 1304 581 dextra
1336 523 1488 598 Dei,
1542 522 1839 600 significat
1885 521 2389 600 omnipotentiam

272 634 335 684 et
373 622 869 683 Omniscientiam
907 639 1062 700 quae
1096 621 1354 682 Domino
1392 641 1468 682 ex
1502 623 1721 682 Divino
1755 622 1925 683 Bono
1960 641 2073 701 per
2105 623 2388 683 Divinum

265 723 516 783 Verum.
572 722 758 800 Apud
789 722 1034 799 Esajam
1072 719 1538 797 „Gor-roboravi
1564 726 1652 798 te,
1694 720 1890 783 etiam
1927 722 2154 806 adjuvi
2193 727 2252 783 te
2268 742 2389 802 per

263 823 599 884 Dextram
633 820 945 905 justitiae
986 839 1190 882 meae.-
1254 820 1405 901 Eyo
1440 820 1725 883 Jehovah
1776 821 1965 883 Deus
2010 824 2392 904 confimari&

267 922 571 984 dextram
602 927 798 998 tuam,
846 920 1063 982 dicens
1100 920 1219 983 tibi
1241 940 1317 982 ne
1340 921 1588 992 timet0‚
1631 920 1783 1003 Eyo
1810 921 2044 1005 adjuvo
2071 926 2176 982 te“
2213 922 2387 983 XLI:

276 1025 386 1082 10.
444 1025 472 1081 1
493 1024 565 1098 33
621 1021 1003 1081 corroboravi
1049 1028 1109 1081 te
1151 1025 1331 1081 etiam
1374 1021 1580 1099 adjuvi
1617 1028 1677 1100 te
1718 1023 2010 1100 significat
2062 1040 2139 1083 ex
2177 1022 2387 1084 Omni·-

263 1123 536 1200 potentia
573 1128 633 1181 et
668 1120 1128 1191 Omniscientia‚
1181 1139 1337 1199 quae
1376 1127 1470 1181 est
1502 1121 1722 1182 Divino
1758 1122 1925 1182 Bono
1960 1140 2072 1199 per
2104 1123 2389 1182 Divinum

264 1222 527 1296 Verum,
581 1222 726 1280 dare
760 1224 1089 1298 potentiam
1129 1229 1189 1281 et
1222 1221 1716 1299 intelligentiam3
1756 1223 2209 1299 quare-dicitur,
2249 1240 2389 1282 sus-

266 1323 496 1382 tentavi
529 1327 589 1380 te
626 1339 736 1398 per
763 1321 1033 1380 dextram
1050 1321 1324 1399 justitiae
1353 1338 1555 1394 meae,
1590 1340 1701 1399 per
1725 1323 1995 1382 dextram
2020 1323 2388 1399 significatur

265 1421 554 1481 Divinum
588 1421 838 1496 Verum,
877 1428 936 1480 et
968 1439 1081 1499 per
1107 1422 1403 1498 justitiam
1428 1420 1714 1482 Divinum
1740 1423 2001 1499 Bonum3
2039 1422 2387 1483 confirmare

267 1521 541 1580 dextram
576 1526 759 1591 tuam,
793 1521 1088 1598 significat
1113 1523 1445 1598 potentiam
1485 1527 1545 1581 et
1579 1524 1932 1599 sapientiam
1971 1540 2127 1599 quae
2163 1523 2388 1583 homini

264 1620 438 1694 inde3
474 1621 615 1696 quia
641 1626 912 1698 utraque,
947 1639 1161 1698 nempe
1183 1621 1630 1698 Omnipotentia
1659 1628 1720 1681 et
1750 1621 2193 1698 Omniscientia,
2228 1641 2383 1699 quae
2425 1637 2585 1699 [348]

261 1719 521 1780 Domino
559 1736 633 1779 ex
666 1720 886 1780 Divino
919 1720 1090 1780 Bono
1125 1739 1236 1798 per
1268 1721 1555 1781 Divinum
1582 1722 1842 1796 Verum,
1881 1722 1976 1782 hic
2012 1722 2388 1800 intelligitur,

261 1821 398 1880 ideo
436 1819 652 1880 dicitur
687 1808 969 1880 Jehovah
1014 1821 1221 1896 Deus,
1276 1821 1571 1880 Dominus
1636 1824 1789 1881 enim
1850 1840 1924 1881 ex
1960 1822 2181 1883 Divino
2215 1823 2384 1882 Bono

262 1920 478 1979 dicitur
511 1920 818 1996 Jehovah,
877 1927 936 1980 et
971 1939 1046 1981 ex
1079 1921 1299 1982 Divino
1338 1922 1501 1982 Vero
1535 1920 1742 1996 Deus,
1795 1922 2072 1987 videatur
2105 1941 2175 1981 n:
2221 1929 2252 1982 7
2268 1924 2379 1982 09.

272 2022 431 2079 732.
501 2021 714 2081 2586.
781 2023 992 2080 2769.
1061 2024 1273 2081 2807.
1350 2024 1564 2081 2822.
1629 2023 1840 2081 3921.
1895 2023 2108 2081 4287.
2168 2025 2381 2081 4402.

272 2121 480 2180 7010.
533 2122 743 2181 9167.
825 2121 1010 2198 Apud
1056 2121 1330 2180 Eundem
1392 2119 1653 2198 „Dixit
1704 2119 1991 2182 Jehovah
2035 2119 2230 2183 Uncto
2269 2142 2384 2183 suo

259 2216 598 2297 Koreeoho,
644 2219 830 2305 cujus
873 2219 1262 2302 apprehendi
1301 2219 1615 2296 dextram,
1655 2221 1746 2282 ad
1785 2221 2244 2304 subjiciendum
2280 2241 2383 2282 co-

255 2338 402 2382 ram
442 2316 559 2382 illo
583 2326 829 2401 qenes,
878 2326 937 2381 et
977 2318 1221 2383 lumbos
1258 2340 1484 2403 reyum
1523 2318 1801 2394 solvam,
1842 2320 1932 2383 ad
1975 2321 2386 2401 aperiendum

261 2438 475 2481 coram
523 2417 640 2481 illo
670 2421 921 2505 januas·
929 2466 947 2497 ,
993 2426 1066 2482 ut
1111 2426 1340 2501 portae
1389 2440 1515 2483 non
1564 2419 1951 2484 claudantur
1974 2425 2012 2455 “
2076 2421 2269 2483 XLV:
2306 2426 2376 2497 l;

258 2538 372 2596 per
398 2520 775 2580 Koreschum
811 2524 874 2580 in
909 2538 1093 2580 sensu
1121 2525 1639 2598 repraesentativo
1675 2522 2025 2598 intelligitur
2050 2521 2378 2597 Dominus;

261 2617 712 2696 omnipotentia
748 2627 808 2680 et
845 2619 1271 2681 Omniscientia
1302 2621 1504 2699 Ipsius
1544 2641 1616 2682 ex
1651 2622 1872 2682 Divino
1908 2621 2077 2680 Bono
2112 2639 2224 2697 per
2262 2621 2378 2682 Di-

255 2721 466 2779 vinum
499 2719 755 2795 Verum,
805 2737 878 2780 ex
916 2738 1032 2797 quo
1067 2723 1126 2780 in
1161 2722 1380 2781 mundo
1417 2722 1763 2800 subjugavit
1799 2723 1995 2781 omnia
2019 2721 2279 2794 Inferna,
2321 2730 2383 2783 et

249 2824 473 2897 postea
505 2819 612 2878 illa
646 2821 706 2879 in
742 2827 1050 2881 aeternum
1086 2821 1409 2900 subjugata
1445 2828 1623 2897 tenet,
1662 2822 2028 2900 significatur
2062 2840 2173 2900 per
2202 2823 2376 2900 cujus

172 2907 191 2913 ”
252 2919 629 2996 apprehendi
676 2920 974 2995 dextram,
1033 2922 1111 2981 ad
1157 2922 1595 3000 subjiciendum
1644 2940 1844 2982 coram
1879 2922 1983 2981 illo
2020 2930 2261 3000 gentes„
2318 2930 2379 2983 et

252 3020 491 3080 lumbos
527 3038 738 3098 regum
775 3021 1037 3091 solvam,
1073 3028 1197 3081 tum
1234 3040 1347 3100 per
1374 3024 1452 3082 ad
1479 3023 1866 3099 aperiendum
1904 3040 2104 3082 coram
2141 3024 2245 3083 illo
2275 3024 2377 3101 ja-

252 3136 406 3178 nuas
460 3127 528 3179 ut
560 3128 772 3198 portae
820 3139 938 3180 non
985 3122 1369 3198 claudantur,
1424 3140 1536 3199 per
1577 3129 1788 3200 gentes
1839 3140 1992 3199 quae
2041 3140 2239 3183 coram
2276 3124 2378 3183 illo

255 3219 686 3297 subjicientur,
741 3221 1149 3298 significantur
1182 3221 1427 3283 Inferna
1478 3223 1678 3299 quoad
1712 3223 1906 3299 mala,
1964 3231 2025 3282 et
2057 3240 2168 3300 per
2202 3241 2380 3300 reges

253 3337 506 3395 quorum
543 3321 779 3381 lumbos
817 3321 1018 3385 solvet
1064 3322 1471 3399 significantur
1503 3323 1745 3383 Inferna
1794 3323 1991 3400 quoad
2024 3323 2212 3397 falsa,
2268 3341 2378 3400 per

241 3419 464 3496 januas
501 3439 658 3497 quae
698 3439 898 3481 coram
934 3421 1048 3481 1110
1098 3424 1441 3498 aperientur
1497 3429 1564 3481 ut
1595 3429 1808 3499 portae
1845 3441 1961 3481 non
1999 3421 2375 3497 claudantur,

252 3519 625 3595 significatur
661 3522 819 3598 quod
846 3520 974 3598 Ipsi
1011 3539 1085 3581 ex
1114 3520 1541 3581 Omniscientia
1577 3524 1894 3582 manifesta
1929 3523 2047 3581 sint
2085 3522 2284 3579 omnia
2319 3529 2380 3581 et

256 3635 331 3678 ex
368 3618 816 3697 Omnipotentia
850 3628 1122 3698 potestas
1159 3621 1452 3682 salvandi.
1534 3623 1652 3682 Per
1700 3623 1968 3682 dextram
2015 3619 2380 3697 significatur

255 3716 683 3781 Omniscientia
731 3728 793 3782 et
827 3721 1274 3799 Omnipotentia
1336 3740 1493 3800 quae
1540 3721 1798 3781 Domino
1850 3739 1923 3780 ex
1957 3722 2175 3781 Divino
2210 3720 2378 3781 Bono

251 3833 366 3891 per
398 3816 680 3881 Divinum
716 3821 975 3892 Verum,
1030 3824 1206 3882 etiam
1255 3825 1317 3881 in
1367 3822 1761 3899 sequentibus
1808 3822 1989 3898 locis3
2045 3821 2208 3899 apud
2241 3822 2374 3882 Da-

252 3914 455 3973 videm
492 3918 821 3992 „Jehovah
857 3941 1069 3984 coram
1106 3940 1204 3981 me
1218 3921 1491 4004 juyiter,
1526 3922 1683 4001 quia
1716 3939 1760 3983 a
1793 3920 2027 3982 dextra
2052 3940 2210 3994 mea,
2252 3941 2376 3984 non
2449 3924 2466 3940 ⁴

253 4012 656 4081 dimovebor“
695 4022 931 4083 Psalm:
968 4021 1153 4086 XVI:
1197 4025 1269 4081 8:
1308 4023 1471 4099 apud
1504 4022 1778 4083 Eundem
1814 4020 2072 4097 „Deua
2104 4021 2376 4084 Dextra

251 4119 370 4176 tua
397 4123 715 4185 sustemat
738 4127 881 4185 me“
919 4122 1154 4183 Psalm:
1192 4122 1428 4183 XVIII:
1464 4125 1574 4183 36:
1613 4122 1776 4200 apud
1801 4122 2072 4208 Eundem
2112 4120 2371 4197 „Deum

228 4214 507 4301 justitia
535 4218 735 4302 plena
772 4228 870 4285 est
904 4221 1172 4287 ‚Deoetra
1215 4225 1375 4286 taff
1413 4222 1647 4283 Psalm:
1686 4220 1985 4284 XLVIII:
2033 4225 2155 4280 11:
2215 4220 2377 4297 apud

2613 410 2654 425 Q
