2791 4778
501 371 574 422 28
916 359 1420 416 APOCALYPSIS
1461 358 1895 415 EXPLICATA.
1964 358 2011 428 §.
2056 366 2185 421 304.

498 518 572 580 in
619 515 823 579 Terra
847 519 884 551 “
921 512 1012 576 11:
1054 520 1166 576 21.
1206 520 1319 576 22.
1365 518 1486 592 233
1543 516 1704 594 quod
1752 517 1906 576 haec
1953 515 2349 593 spiritualiter
2387 517 2623 579 intelli-

500 617 701 695 genda
725 618 843 676 sint
878 622 939 676 et
973 633 1093 676 non
1125 616 1478 676 naturaliter
1517 617 1844 677 secundnm
1881 632 2123 675 sensum
2157 616 2388 693 literae,
2426 625 2619 695 patet,

500 736 640 777 nam
676 717 892 776 dicitur
927 717 1084 793 quod
1118 716 1269 776 haec
1307 716 1631 776 exaudient
1664 716 1994 789 Iisreelem,
2039 723 2099 776 et
2133 717 2439 777 seminabo
2475 736 2617 778 eam

501 816 651 879 Mihi
696 819 756 876 in
791 823 986 891 terra;
1041 833 1224 892 quare
1272 833 1383 892 per
1434 816 1634 876 coelos
1682 816 2094 901 intelliguntur
2142 817 2297 876 coeli
2343 817 2446 876 ubi
2480 819 2618 878 Do-

499 919 729 989 minus,
782 922 842 976 et
874 932 986 994 per
1021 923 1241 976 terram
1277 915 1552 976 Ecclesia
1599 917 1702 976 ubi
1740 918 1921 977 etiam
1954 917 2285 987 Dominus:
2340 935 2452 994 per
2485 918 2619 977 fru-

499 1023 784 1092 mentum,
823 1023 1082 1075 mustum
1122 1022 1182 1075 et
1209 1015 1406 1075 oleum
1438 1017 1852 1093 significantur
1888 1019 2087 1077 omnia
2118 1019 2457 1076 nutritionis
2486 1020 2621 1094 spi-

397 1190 402 1195 ,
501 1117 764 1192 ritualis,
829 1133 985 1194 quae
1041 1121 1183 1176 sunt
1226 1116 1387 1175 bona
1431 1118 1649 1177 amoris
1698 1125 1759 1177 et
1804 1117 2113 1178 eharitatis
2164 1134 2235 1176 ac
2283 1134 2427 1177 vera
2460 1116 2622 1179 fidei.

499 1217 681 1295 Apud
712 1215 1072 1277 Malachiam
1108 1214 1306 1291 „Non
1331 1221 1683 1296 corrumpet
1706 1216 1878 1277 vobis
1893 1216 2193 1297 fructum
2214 1216 2475 1291 -sl‘mae,
2504 1236 2619 1278 ne-

497 1335 615 1396 que
658 1316 808 1378 orba
842 1316 964 1378 erit
1004 1315 1178 1378 vobis
1215 1315 1374 1377 vitia
1413 1316 1484 1376 in
1518 1334 1714 1397 ayro:
1755 1316 2220 1396 praedicabunt
2257 1335 2367 1377 vos
2406 1316 2624 1379 beatos

498 1434 708 1477 omnes
744 1422 989 1497 yentes,
1044 1421 1105 1476 et
1146 1416 1331 1477 eritis
1368 1435 1479 1477 vos
1510 1416 1713 1479 Terra
1756 1414 2167 1497 beneplaciti“
2205 1416 2319 1476 111:
2355 1423 2382 1476 l
2404 1422 2459 1476 l.
2497 1421 2625 1495 123

498 1517 649 1576 haec
686 1517 961 1577 dicuntur
1013 1517 1087 1576 de
1147 1517 1268 1577 illis
1314 1517 1477 1595 apud
1528 1534 1677 1594 quos
1728 1523 1790 1577 et
1830 1520 1893 1576 in
1943 1518 2158 1595 quibus
2193 1516 2497 1595 Ecclesia3
2554 1525 2620 1580 et

501 1619 644 1695 quia
676 1635 787 1693 per
821 1618 1078 1677 fructum
1113 1624 1306 1677 terrae
1345 1624 1406 1677 et
1431 1619 1615 1677 vitem
1648 1620 1708 1677 in
1745 1634 1890 1694 agro
1925 1618 2334 1695 significantur
2361 1616 2519 1677 bona
2555 1624 2621 1677 et

501 1734 651 1777 vera
683 1718 1014 1788 Ecclesiae,
1050 1736 1163 1795 per
1197 1719 1454 1776 fructum
1487 1718 1648 1778 bona
1684 1724 1745 1778 et
1769 1736 1880 1795 per
1905 1720 2087 1778 vitem
2117 1735 2262 1778 vera
2297 1718 2447 1795 ejus,
2483 1718 2626 1778 ideo

507 1823 799 1878 vocantur
847 1825 1009 1877 terra
1051 1818 1430 1894 beneplaciti.
1510 1818 1691 1897 Apud
1723 1817 2021 1878 Davidem
2084 1864 2121 1895 „
2145 1815 2435 1897 Spiritus
2470 1823 2624 1879 tuus

501 1917 698 1980 bonus
754 1915 950 1978 ducat
996 1936 1093 1978 me
1143 1916 1214 1977 in
1260 1915 1529 1979 Terram
1576 1917 2014 1993 rectitudinis,
2071 1922 2338 1998 propter
2377 1916 2625 1980 Nomen

503 2022 688 2079 tuum
741 2015 1024 2078 Jehovah
1075 2016 1329 2098 vivifica
1383 2036 1483 2079 me
1503 2021 1540 2053 “
1605 2018 1842 2079 Psalm:
1909 2018 2194 2080 CXLHI:
2268 2021 2392 2094 103
2462 2027 2625 2079 terra

501 2118 877 2177 rectitudinis
913 2135 1025 2196 pro
1048 2118 1324 2178 Ecclesia
1349 2120 1411 2176 in
1444 2134 1566 2196 qua
1590 2127 1821 2179 rectum
1848 2125 1909 2180 et
1933 2137 2142 2180 verum
2156 2138 2173 2195 3
2213 2127 2273 2180 et
2308 2121 2448 2195 quia
2476 2119 2622 2197 Spi-

502 2219 653 2277 ritus
690 2217 962 2278 Jehovae
1015 2218 1313 2295 significat,
1356 2218 1639 2278 Divinum
1675 2219 1939 2295 Verum,
1996 2225 2057 2279 et
2118 2222 2369 2296 quisque
2431 2222 2617 2279 vitam

503 2319 879 2397 spiritualem
913 2336 1025 2397 per
1058 2319 1118 2378 id
1154 2321 1409 2397 accipit,
1459 2337 1645 2397 quare
1675 2320 1915 2397 dicitur,
1957 2318 2215 2398 Spiritus
2251 2326 2391 2379 tuus
2427 2319 2623 2379 bonus

505 2420 684 2481 ducat
719 2438 849 2491 me,
901 2427 962 2481 et
995 2420 1275 2481 Jehovah
1313 2420 1547 2481 vivifica
1583 2439 1697 2481 me.
1755 2420 1912 2498 Quia
1949 2422 2139 2481 Terra
2173 2420 2462 2498 significat
2492 2421 2620 2479 Ec-

504 2521 749 2582 clesiam
767 2566 783 2598 ,
842 2528 904 2581 et
941 2521 1045 2580 ubi
1077 2521 1355 2581 Ecclesia
1388 2521 1472 2581 ibi
1508 2522 1788 2596 coelum,
1844 2521 1980 2581 ideo
2025 2522 2141 2581 hoc
2180 2522 2394 2582 dicitur
2426 2519 2625 2579 Terra

503 2624 831 2682 viventium
884 2629 943 2682 et
998 2623 1189 2682 Terra
1242 2624 1446 2698 vitae3
1521 2623 1713 2682 Terra
1763 2623 2096 2681 viventium
2163 2622 2325 2699 apud
2378 2620 2628 2699 Esajam

307 2738 467 2801 [301]
510 2720 886 2796 „Dioeeram
911 2739 1036 2782 non
1062 2721 1277 2781 videbo
1308 2720 1442 2783 Jah
1479 2721 1549 2782 in
1587 2721 1787 2783 Terra
1831 2721 2168 2782 viventium
2183 2724 2220 2755 “
2262 2720 2629 2782 XXXVHI:

516 2824 546 2879 1
569 2825 638 2879 l:
696 2828 758 2880 et
795 2822 956 2898 apud
990 2821 1367 2881 Ezechielem
1407 2821 1596 2898 „Qui
1636 2820 1942 2883 dederunt
1978 2826 2276 2885 emorem
2312 2822 2379 2884 in
2421 2820 2628 2883 Terra

506 2919 904 2982 viventium“
950 2920 1219 2981 XXXII:
1265 2924 1379 2981 23.
1415 2926 1524 2981 24.
1565 2926 1676 2983 25.
1709 2926 1819 2982 26.
1855 2927 1979 2982 27:
2021 2924 2214 2983 Terra
2246 2926 2426 2998 vitae,
2463 2921 2628 3000 apud

504 3021 801 3081 Davidem
866 3065 903 3096 „
928 3018 1087 3083 Nisi
1136 3019 1447 3083 crederem
1493 3022 1706 3084 videre
1766 3024 1992 3084 bonum
2045 3023 2117 3084 in
2158 3023 2361 3086 Terra
2406 3023 2625 3084 vitae“

506 3121 744 3182 Psalm:
782 3121 1062 3184 XXVII:
1110 3124 1219 3183 13.
1273 3123 1456 3201 Apud
1489 3123 1701 3184 Mosen
1737 3122 1995 3203 „Lapis
2034 3115 2276 3204 inteyer
2317 3129 2377 3185 et
2394 3122 2629 3207 justas

507 3221 631 3283 erit
648 3267 664 3297 ,
717 3220 913 3303 Epha
958 3222 1210 3304 inteyra
1244 3228 1305 3284 et
1324 3223 1521 3307 justa
1553 3223 1706 3294 erit,
1758 3229 1832 3286 ut
1856 3221 2319 3306 prolonyentur
2351 3224 2492 3285 dies
2528 3223 2630 3284 tui

506 3341 698 3402 super
736 3321 986 3386 Terra“
1021 3325 1215 3385 Deut:
1244 3324 1452 3385 XXV:
1497 3328 1526 3383 1
1548 3326 1619 3400 53
1675 3325 2020 3402 prolongari
2068 3326 2196 3385 dies
2245 3342 2430 3403 super
2465 3331 2630 3384 terra

504 3440 625 3483 nou
658 3424 953 3503 significat
989 3424 1439 3484 diuturnitatem
1473 3426 1631 3484 vitae
1668 3427 1730 3484 in
1763 3424 2020 3499 mundo,
2062 3426 2172 3487 sed
2207 3432 2430 3485 statum
2464 3428 2630 3484 vitae

504 3526 565 3584 in
589 3525 879 3601 Ecclesia,
917 3527 1004 3583 ita
1036 3526 1098 3584 in
1122 3524 1292 3584 coelo
1311 3543 1328 3599 ;
1364 3524 1711 3602 prolongari
1749 3527 1902 3585 enim
1937 3526 2322 3604 praedicatur
2358 3525 2432 3585 de
2465 3526 2629 3585 bono

508 3631 570 3685 et
595 3627 728 3703 ejus
756 3630 1100 3703 augment0‚
1141 3630 1201 3684 et
1228 3623 1357 3684 dies
1386 3624 1681 3701 significat
1714 3633 1936 3685 statum
1969 3628 2133 3689 vitae
2151 3647 2168 3702 ;
2207 3633 2269 3686 et
2305 3628 2447 3702 quia
2469 3625 2630 3703 lapis

504 3727 743 3802 integer
790 3731 850 3785 et
890 3725 1096 3802 justus
1151 3726 1252 3801 qui
1302 3731 1434 3784 erat
1465 3726 1729 3803 ponduS,
1787 3743 1857 3785 ae
1895 3726 2053 3805 epha
2087 3729 2322 3803 integra
2357 3733 2418 3787 et
2459 3727 2632 3804 justa

509 3841 665 3902 quae
728 3830 858 3883 erat
914 3839 1224 3898 mensura,
1303 3825 1638 3902 significant
1683 3844 1892 3886 verum
1946 3844 2017 3886 ac
2065 3826 2286 3886 bonum
2335 3833 2396 3887 et
2449 3825 2628 3903 quale

507 3941 741 3999 eorum,
798 3930 859 3984 et
893 3929 1210 4002 utrumque
1246 3925 1426 3985 simul
1450 3927 1778 4005 justitiam,
1817 3926 1973 4005 lapis
2001 3945 2212 3987 verum
2248 3934 2309 3988 et
2341 3942 2634 3987 mensura

503 4023 745 4098 bonum,
783 4040 855 4084 ac
881 4040 1002 4083 non
1028 4024 1235 4086 fallere
1262 4042 1374 4105 per
1397 4027 1634 4104 pondus
1673 4033 1732 4087 et
1758 4045 1869 4105 per
1895 4044 2238 4087 mensuram
2263 4033 2356 4088 est
2373 4028 2626 4106 justum,

502 4123 644 4185 ideo
680 4123 803 4185 illis
840 4126 955 4185 erit
989 4127 1113 4185 vita
1147 4126 1494 4203 Ecclesiae,
1551 4144 1622 4186 ac
1658 4135 1873 4206 postea
1919 4130 2046 4189 vita
2096 4130 2157 4188 in
2194 4127 2413 4199 Coelo,
2467 4126 2629 4204 quod

507 4223 862 4305 intelligitur
894 4244 1005 4307 per
1042 4226 1202 4307 quod
1236 4227 1737 4306 prolongarentur
1782 4229 1910 4290 dies
1944 4229 2185 4290 illorum
2221 4245 2407 4309 super
2442 4234 2625 4288 terra.
