2791 4778
388 367 498 417 230
818 351 1308 407 APOCALYPSIS
1353 349 1789 410 EXPLICATA.
1848 353 1896 420 §.
1939 363 2067 415 365.

386 532 505 574 non
554 511 905 590 intelligitur
954 511 1406 588 Hierosolyma,
1463 511 1572 570 sed
1612 511 1890 571 Ecclesia
1937 512 2133 588 quoad
2184 513 2500 573 doctrinam

389 623 449 675 et
499 613 760 689 cultum3
815 630 926 689 per
967 628 1182 688 pacem
1229 611 1585 689 intelligitur
1622 630 1796 670 omne
1832 612 2136 671 doctrinae
2189 621 2251 672 et
2295 614 2503 689 cultus,

390 731 528 773 nam
579 730 713 772 cum
762 712 914 772 haec
965 729 1040 772 ex
1089 713 1314 789 origine
1350 712 1605 771 coelesti
1640 718 1810 787 sunt,
1863 712 1980 771 hoc
2019 719 2147 783 est,
2181 732 2235 772 ‚e
2273 714 2441 774 coelo
2474 734 2507 773 a
2557 735 2560 738 ·

391 814 687 887 Domino,
742 820 885 873 tunc
923 830 960 871 a
994 829 1146 889 pace
1184 818 1245 871 et
1280 814 1341 870 in
1375 829 1529 888 pace
1573 818 1740 886 sunt,
1796 812 1933 872 inde
1971 819 2208 872 constat
2242 815 2390 890 quid
2420 817 2504 874 in-

387 914 677 991 telligitur
710 930 821 991 per
854 914 1044 990 petite
1080 929 1293 989 pacem
1327 912 1811 989 Hierosolymae3
1869 919 1928 971 et
1986 915 2125 990 quia
2171 913 2262 973 illi
2321 917 2421 991 qui
2451 918 2503 973 in

385 1014 493 1075 illa
545 1030 698 1091 pace
758 1020 925 1089 sunt,
994 1018 1288 1072 vocantur
1314 1014 1551 1088 .quieti,
1609 1012 1825 1071 dicitur
1885 1016 2096 1087 etiam,
2153 1017 2349 1089 quieti
2399 1018 2504 1074 sint

387 1121 661 1174 amantes
700 1121 787 1188 te,
844 1131 1058 1190 nempe
1107 1118 1375 1171 amantes
1423 1113 1735 1173 Ecclesiae
1773 1113 2105 1172 doctrinam
2149 1120 2213 1173 et
2249 1115 2500 1190 cultum3

387 1231 502 1293 per
537 1217 615 1273 sit
649 1232 771 1291 pax
804 1216 866 1271 in
903 1213 1259 1273 antemurali
1293 1219 1426 1283 tuo,
1466 1218 1526 1273 et
1562 1215 1730 1289 quies
1766 1216 1827 1272 in
1862 1213 2103 1289 palatiis
2139 1216 2283 1288 tuis,
2324 1218 2502 1293 signi-

386 1316 600 1374 ficatur
637 1313 795 1390 quod
821 1317 882 1372 in
919 1316 1201 1373 exteriori
1234 1312 1474 1372 homine
1512 1321 1573 1372 et
1606 1315 1666 1371 in
1707 1316 2003 1389 interiori,
2055 1318 2325 1374 exterior
2362 1319 2502 1375 enim

392 1414 569 1475 homo
626 1432 758 1475 cum
811 1414 930 1473 illis
990 1431 1145 1490 quae
1178 1412 1287 1486 ibi,
1357 1430 1514 1489 quae
1570 1422 1710 1472 sunt
1757 1415 2087 1474 scientifica
2136 1421 2199 1474 et
2241 1416 2509 1493 jucunda

385 1516 741 1589 naturalia„
763 1522 857 1574 est
890 1517 1081 1572 instar
1129 1514 1516 1573 antemuralis
1561 1530 1671 1572 seu
1708 1517 2058 1574 munimenti
2091 1517 2369 1575 interiori
2401 1517 2505 1575 ho-

384 1617 558 1690 mini,
616 1618 755 1692 quia
803 1623 973 1673 extra
1029 1621 1089 1673 et
1142 1620 1279 1673 ante
1327 1614 1485 1674 hunc
1534 1621 1628 1672 est
1687 1622 1747 1674 et
1791 1618 2084 1692 protegit,
2137 1632 2212 1674 ac
2262 1618 2507 1676 interior

385 1716 564 1775 homo
600 1732 734 1772 cum
768 1714 886 1773 illis
926 1731 1081 1790 quae
1117 1715 1227 1788 ibi,
1291 1732 1447 1790 quae
1496 1721 1636 1773 sunt
1671 1733 1816 1774 vera
1860 1721 1919 1775 et
1951 1715 2111 1775 bona
2145 1718 2502 1791 spiritualia,

386 1820 483 1874 est
522 1816 712 1872 instar
744 1814 958 1890 palatii
998 1822 1101 1873 aut
1139 1816 1350 1874 domus
1363 1859 1381 1889 ,
1440 1818 1581 1892 quia
1617 1816 1775 1873 intra
1811 1818 2168 1873 exteriorem
2206 1824 2333 1892 est,
2372 1817 2501 1877 inde

388 1916 689 1974 exteriora
727 1914 982 1974 hominis
1032 1915 1440 1992 significantur
1484 1934 1595 1992 per
1632 1915 2032 1989 antemurale,
2102 1933 2174 1975 ac
2220 1919 2501 1976 interiora

385 2015 519 2092 ejus
566 2031 679 2090 per
722 2014 974 2091 palatia,
1045 2016 1318 2075 similiter
1367 2034 1605 2093 quoque
1655 2016 1798 2075 alibi
1847 2019 1906 2074 in
1958 2016 2200 2093 Verbo3
2255 2027 2504 2094 propter

381 2115 599 2175 fratres
647 2132 815 2175 meos
865 2122 925 2175 et
969 2118 1166 2176 socios
1214 2133 1419 2192 meos,
1475 2117 1770 2193 significat
1812 2124 2062 2193 propter
2106 2118 2247 2177 illos
2300 2121 2404 2195 qui
2446 2122 2502 2177 iu

382 2216 555 2276 bonis
612 2223 673 2275 et
718 2216 858 2276 inde
907 2219 1067 2280 veris
1115 2223 1283 2289 sunt,
1347 2225 1408 2276 et
1455 2218 1755 2276 abstracte
1804 2234 1841 2275 a
1885 2220 2161 2294 personis
2210 2218 2502 2296 significat

384 2316 545 2375 bona
581 2324 642 2375 et
676 2335 823 2377 vera
835 2337 851 2393 3
908 2317 1070 2394 quod
1102 2317 1254 2376 haec
1288 2318 1699 2396 intelligantur
1734 2334 1846 2394 per
1879 2319 2094 2377 fratres
2134 2325 2195 2377 et
2221 2323 2422 2379 socios
2447 2322 2503 2377 in

381 2417 622 2494 Verbo,
662 2419 938 2478 videatur
972 2437 1044 2477 n:
1092 2420 1351 2493 10490,
1391 2424 1453 2477 et
1486 2436 1675 2496 supra
1710 2438 1776 2477 n:
1818 2422 1944 2496 473
1981 2438 2093 2496 per
2120 2421 2366 2480 domum
2393 2422 2500 2482 Je-

381 2519 578 2578 hovae
625 2519 744 2579 Dei
794 2522 985 2577 nostri
1039 2519 1409 2595 significatur
1470 2520 1780 2594 Ecclesia,
1828 2522 1888 2579 in
1942 2538 2062 2596 qua
2108 2521 2232 2580 illa.
2323 2522 2503 2599 Apud

378 2618 653 2677 Eundem
683 2617 973 2695 „Lauda
1017 2615 1478 2700 Hierosolyma
1513 2617 1836 2694 Jehovam,
1879 2617 2115 2681 celebra
2148 2622 2328 2683 Zion
2363 2621 2499 2683 No-

380 2735 524 2776 men
561 2722 741 2779 tuum
755 2739 784 2791 ;
839 2719 952 2798 qui
977 2719 1166 2798 ponit
1205 2721 1545 2781 terminum
1602 2727 1783 2782 tuum
1814 2738 2041 2799 pacem
2055 2742 2083 2792 ;
2136 2721 2332 2802 adipe
2383 2723 2499 2785 tri·

345 2816 657 2878 'ticorum
695 2820 896 2880 satiat
934 2822 1030 2880 te“
1078 2820 1315 2879 Psalm:
1365 2819 1683 2880 CXLVII:
1733 2825 1840 2879 12.
1888 2825 1975 2879 14
1990 2843 2007 2898 3
2060 2841 2170 2899 per
2205 2824 2498 2884 Hieroso-

381 2917 604 2994 lymam
641 2925 703 2975 et
737 2938 848 2995 per
873 2921 1124 2981 Zionem
1159 2921 1508 2997 intelligitur
1543 2922 1845 2997 Ecclesia,
1884 2939 1995 2997 per
2019 2923 2499 3001 Hierosolymam

379 3016 657 3077 Ecclesia
693 3021 885 3093 quoad
922 3038 1069 3079 vera
1104 3021 1447 3094 doctrinae,
1487 3028 1547 3081 et
1572 3040 1683 3098 per
1709 3023 1959 3081 Zionem
1994 3023 2271 3083 Ecclesia
2302 3026 2499 3102 quoad

383 3117 546 3176 bona
580 3121 830 3195 amoris;
883 3138 995 3196 per
1026 3120 1258 3181 Nomen
1294 3122 1570 3181 Jehovae
1609 3123 1768 3198 quod
1803 3122 2135 3182 celebrabit
2167 3126 2361 3201 Zion,
2412 3129 2495 3185 si-

384 3217 698 3295 gnificatur
732 3237 906 3280 omne
954 3221 1150 3280 cultus
1206 3240 1280 3280 ex
1313 3223 1472 3283 bono
1510 3225 1762 3297 amoris;
1820 3225 1919 3300 qui
1966 3227 2136 3300 ponit
2185 3229 2496 3285 terminum

383 3327 552 3377 tuum
594 3317 836 3396 pacem,
893 3322 1188 3398 significat
1225 3325 1424 3381 omnia
1474 3322 1643 3383 Coeli
1682 3330 1741 3382 et
1779 3324 2123 3396 Ecclesiae,
2185 3344 2327 3384 nam
2373 3334 2493 3386 ter-

380 3422 576 3480 minus
626 3423 921 3500 significat
972 3424 1169 3482 omnia
1204 3423 1470 3498 illorum,
1527 3427 1808 3500 quoniam
1856 3428 1919 3483 in
1969 3428 2221 3485 termino
2274 3444 2390 3486 seu
2439 3430 2495 3486 in

379 3521 587 3582 ultimo
641 3531 780 3583 sunt
831 3526 1028 3584 omnia
1075 3525 1135 3581 in
1187 3524 1531 3600 complexu,
1587 3525 1865 3585 videatur
1923 3543 1992 3584 n:
2063 3527 2221 3584 634.
2283 3528 2492 3587 5897.

385 3624 595 3682 6239.
654 3627 864 3684 6451.
917 3626 1127 3684 6465.
1192 3626 1404 3683 8603.
1472 3627 1683 3685 9215.
1745 3628 1955 3684 9216.
2011 3629 2222 3686 9824.
2284 3630 2493 3687 9828.

386 3723 599 3782 9836.
653 3725 864 3784 9905.
931 3727 1194 3784 10044.
1258 3726 1520 3786 10099.
1583 3727 1843 3785 10329.
1905 3727 2162 3786 10335.
2220 3729 2492 3801 105485

379 3820 557 3895 adipe
612 3825 942 3882 triticorum
994 3827 1176 3883 satiat
1220 3833 1312 3899 te,
1379 3825 1673 3901 significat
1734 3828 1889 3884 omni
1944 3825 2101 3886 bono
2154 3831 2378 3888 amoris
2441 3834 2497 3887 et

386 3921 716 3995 sapientia,
770 3923 958 3999 adeps
996 3926 1151 3982 enim
1196 3925 1492 4000 significat
1531 3925 1754 3986 bonum
1803 3928 2050 3997 amoris,
2101 3928 2384 3988 videatur
2429 3946 2495 3985 n:

388 4020 600 4078 5943.
660 4023 874 4079 6409.
929 4024 1201 4098 100333
1257 4031 1317 4083 et
1358 4027 1615 4085 triticum
1666 4027 1962 4104 significat
1998 4029 2194 4086 omnia
2230 4046 2388 4104 quae
2426 4046 2495 4088 ex

377 4119 533 4177 bono
579 4122 796 4180 amoris
833 4128 1002 4197 sunt,
1052 4126 1114 4181 in
1166 4126 1370 4200 specie
1411 4143 1557 4184 vera
1590 4129 1772 4201 coeli,
1829 4134 1891 4187 et
1936 4128 2074 4186 inde
2123 4129 2496 4204 sapientiam,

385 4237 452 4278 n:
500 4222 709 4281 3941.
759 4226 789 4281 7
808 4224 976 4307 605.
1048 4224 1229 4304 Apud
1263 4226 1533 4287 Eundem
1577 4224 1967 4301 „Benedioet
1992 4228 2113 4290 tibi
2146 4226 2433 4291 Jehovah
2467 4248 2497 4287 e
