2791 4778
491 384 600 438 336
939 372 1430 431 APOCALYPSIS
1471 372 1907 439 EXPLICATA„
1949 373 1995 442 §-
2037 381 2158 434 301.

399 558 404 561 ·
489 528 728 605 Altare,
782 534 965 592 etiam
1002 540 1097 594 est
1131 551 1320 594 eausa
1356 536 1500 611 quia
1536 539 1727 593 totum
1776 533 2044 594 Verbum
2083 550 2186 611 per
2230 548 2538 608 repraesenf
2620 464 2654 595 ε

488 637 678 695 tativa
730 639 823 693 est
875 637 1313 711 conscriptum,
1389 641 1449 694 et
1509 652 1624 711 per
1682 634 1829 693 talia
1875 636 2365 712 repraesentativa
2415 652 2533 709 quae

489 737 732 795 fuerunt
778 735 941 811 apud
1001 735 1156 795 filios
1207 735 1489 808 Israelis,
1568 752 1754 809 quare
1819 743 1887 795 ut
1947 735 2207 796 Verbum
2254 734 2358 793 sibi
2407 737 2534 793 simi-

489 837 550 896 le
606 842 769 895 esset
820 838 882 893 in
941 841 1196 912 utroque
1270 835 1690 905 Testamento‚
1756 838 1936 895 etiam
1997 838 2058 895 in
2117 835 2225 895 hoc
2274 835 2426 894 Libro
2468 837 2533 894 si-

493 937 657 997 milia
709 944 880 1008 sunt,
946 943 1007 995 et
1042 939 1175 995 visa
1224 937 1516 1011 Johanni,
1584 941 1651 993 ut
1700 954 1936 1014 quoque
1991 936 2162 1008 alibi,
2214 942 2276 995 ut
2308 935 2441 1012 quod
2465 936 2534 993 vi-

390 1077 396 1083 ·
491 1054 623 1097 sum
677 1037 884 1097 Altare
921 1036 1193 1112 suffitus,
1257 1044 1320 1096 et
1362 1035 1522 1113 quod
1559 1037 1676 1094 visi
1722 1038 1841 1113 ipsi
1893 1037 2128 1097 suffitus
2165 1054 2291 1096 cum
2323 1034 2537 1096 thuribu-

490 1136 598 1211 lis,
653 1142 776 1193 tum
814 1136 976 1213 quod
1009 1138 1206 1195 visum
1245 1136 1762 1207 Tabernaculum,
1814 1155 1884 1198 ae
1920 1141 2052 1198 visa
2079 1154 2245 1209 arca,
2293 1143 2347 1197 et
2372 1134 2539 1194 similia

491 1236 611 1295 alia
623 1258 639 1311 ς
681 1243 743 1294 at
781 1237 961 1297 hodie
997 1236 1142 1295 talia
1176 1253 1475 1313 nusquam
1506 1236 1686 1295 alicui
1718 1238 1972 1316 Ange10,
2014 1256 2125 1298 nec
2162 1238 2332 1297 alicui
2352 1237 2536 1308 homini,

494 1339 590 1396 cui
631 1338 796 1397 visus
833 1343 1078 1413 apertus
1117 1342 1211 1397 cst
1246 1340 1306 1396 in
1337 1337 1606 1409 Coelum‚
1654 1346 1977 1415 apparent:
2035 1339 2193 1416 quod
2226 1356 2335 1397 non
2362 1336 2535 1410 Altam,

489 1438 679 1512 Arca,
731 1443 790 1496 et
825 1438 1068 1513 similia,
1125 1437 1303 1497 hodie
1339 1440 1402 1496 in
1440 1439 1625 1500 Coelo
1668 1447 2034 1516 appareant,
2103 1446 2195 1500 est
2228 1441 2355 1517 quia
2385 1436 2537 1497 Sacri·

490 1538 627 1601 ficia
663 1518 957 1614 nusquam
991 1544 1133 1597 nota
1166 1538 1410 1599 fuerunt
1444 1539 1721 1616 Antiquis
1739 1584 1758 1615 ,
1824 1547 1885 1599 et
1932 1543 2077 1618 quia
2115 1549 2251 1618 post
2284 1538 2541 1599 adventum

490 1638 735 1699 Domini
767 1655 1015 1715 prorsus
1052 1638 1279 1698 abolita
1293 1661 1310 1716 3
1366 1643 1609 1719 incepta
1659 1643 1815 1700 enim
1864 1642 2108 1700 fuerunt
2153 1641 2227 1701 ab
2262 1640 2457 1712 Ebero,
2498 1642 2541 1696 et

493 1739 628 1799 dein
666 1740 825 1815 apud
862 1747 1137 1816 posteros
1175 1741 1326 1816 ejus,
1376 1744 1480 1817 qui
1517 1743 1714 1804 vocati
1750 1748 1891 1800 sunt
1923 1742 2209 1816 Hebraei,
2247 1742 2542 1805 continuata,

492 1845 553 1899 et
603 1839 764 1916 apud
801 1839 952 1899 filios
987 1839 1265 1912 Israelis»,
1308 1844 1412 1918 qui
1448 1859 1522 1901 ex
1559 1842 1756 1901 Ebero
1791 1843 2063 1920 fuerunt,
2115 1843 2373 1917 tolerata,
2404 1854 2539 1917 prae-

489 1941 663 2016 cipue
701 1939 775 1998 ob
813 1958 1088 2015 causam,
1142 1944 1285 2019 quia
1329 1942 1527 2001 cultus
1575 1943 1767 2002 semel
1799 1946 2078 2021 inceptus
2117 1950 2177 2004 et
2211 1945 2401 2002 animis
2429 1941 2541 1998 irra-

488 2039 722 2100 dicatus
759 2059 876 2101 non
905 2041 1165 2102 abolitur
1200 2060 1237 2101 a
1270 2042 1560 2119 Domino,
1616 2043 1728 2102 sed
1759 2044 2022 2104 flectitur
2057 2047 2136 2105 ad
2162 2040 2546 2122 significandum

488 2151 759 2202 sanctum
794 2141 1130 2219 religionis,
1172 2143 1245 2202 de
1285 2139 1405 2220 qua
1440 2162 1504 2203 re
1540 2144 1819 2203 videatur
1851 2148 1911 2203 iu
1948 2146 2230 2206 ΑιισΛΝιει
2269 2144 2543 2204 Conmen-

487 2262 601 2304 nus
650 2261 720 2301 n:
784 2244 992 2302 1343.
1029 2247 1239 2304 2180.
1288 2246 1801 2305 2818.10042.
1860 2246 2040 2322 Quod
2068 2248 2273 2307 Altare
2309 2241 2547 2320 significet

484 2345 547 2404 iu
582 2360 864 2421 supremo
904 2360 1086 2404 sensu
1121 2344 1409 2406 Divinum
1447 2345 1789 2405 Humanum
1816 2345 2061 2407 Domini
2094 2346 2289 2427 quoad
2319 2345 2548 2407 Divinum

483 2445 715 2506 Bonum
754 2446 956 2505 Divini
990 2447 1262 2521 Amoris,
1319 2452 1380 2506 et
1421 2447 1578 2524 quod
1619 2449 1681 2504 in
1716 2464 1900 2506 sensu
1937 2452 2279 2525 respectivo
2312 2442 2551 2523 significet

486 2543 735 2606 Coelum
774 2554 832 2605 et
858 2546 1211 2618 Ecclesiam,
1240 2564 1311 2606 ac
1345 2549 1406 2607 in
1435 2565 1655 2625 genere
1685 2565 1921 2608 omnem
1937 2548 2294 2622 Cultum„et
2315 2552 2371 2608 in
2391 2543 2551 2622 specio

485 2646 727 2707 Cultum
767 2649 1380 2724 repraesentativum,
1440 2656 1714 2730 constare
1751 2656 1953 2726 potest
1998 2668 2034 2709 a
2071 2650 2442 2728 sequentibus
2480 2642 2549 2702 his

484 2745 634 2806 locis
661 2748 723 2804 in
754 2747 987 2823 Verb03
1040 2749 1202 2826 apud
1234 2748 1531 2808 Davidem
1570 2746 1812 2823 „Mitte
1835 2746 2037 2811 lucem
2073 2758 2257 2814 tuam
2281 2756 2335 2811 et
2360 2745 2551 2809 verita·

283 2851 447 2912 [567]
490 2850 613 2905 tem
642 2851 838 2922 tuam,
867 2846 984 2907 hae
1010 2847 1249 2909 ducant
1270 2868 1387 2924 me,
1416 2848 1655 2910 ducant
1678 2869 1776 2910 me
1797 2850 1888 2911 ad
1926 2857 2201 2914 montem
2237 2842 2552 2913 samtitatis

487 2952 665 3020 tuae,
734 2952 795 3005 et
833 2946 924 3006 ad
961 2945 1327 3009 habitacula
1369 2955 1502 3025 tua,
1556 2955 1631 3011 ut
1669 2950 2007 3031 inqrediar
2049 2952 2146 3013 ad
2178 2951 2398 3015 Altare
2432 2942 2552 3017 Dei,

485 3043 576 3106 ad
608 3043 876 3106 Deum“
914 3046 1151 3106 Psalm:
1190 3048 1426 3109 XLIII:
1487 3053 1547 3110 3.
1586 3053 1662 3127 43
1718 3053 1880 3128 quod
1922 3070 2033 3129 per
2086 3054 2299 3114 Altare
2341 3051 2445 3112 Dei
2476 3046 2551 3104 hic

486 3145 856 3223 intelligatur
913 3146 1209 3207 Dominus
1261 3151 1459 3226 quoad
1488 3151 1792 3211 ¹Divinum
1846 3153 2222 3231 Humanum,
2290 3150 2551 3215 manifeste

478 3252 679 3325 patet,
754 3264 888 3306 nam
941 3249 1139 3324 agitur
1185 3249 1268 3308 ibi
1334 3251 1410 3310 de
1461 3255 1563 3310 via
1617 3253 1696 3312 ad
1753 3252 2003 3313 Co'elum
2049 3262 2111 3312 et
2159 3257 2238 3315 ad
2280 3253 2553 3315 Dominum

476 3347 587 3426 ibi3
643 3349 743 3407 via
786 3348 865 3407 ad
901 3347 1150 3408 Coelum
1184 3352 1534 3427 intelligitur
1567 3371 1680 3430 per
1729 3355 1897 3413 mitte
1934 3355 2132 3415 lucem
2190 3362 2251 3416 et
2285 3355 2552 3415 veritatem

477 3455 676 3523 tuam,
746 3448 863 3510 hae
899 3450 1119 3509 ducant
1173 3467 1300 3524 me,
1374 3452 1480 3510 lux
1519 3460 1611 3512 est
1649 3454 1970 3514 illustratio
2025 3458 2086 3514 in
2130 3474 2253 3534 qua
2304 3450 2551 3532 apparent

477 3554 763 3613 veritates
777 3570 793 3626 ;
852 3550 1099 3611 Coelum
1136 3554 1197 3609 in
1243 3551 1403 3628 quod
1457 3552 1746 3624 ducatur,
1824 3555 2177 3633 intelligitur
2220 3573 2333 3634 per
2374 3551 2552 3613 ducant

475 3670 570 3712 me
614 3652 689 3710 ad
729 3658 990 3710 montem
1028 3654 1364 3712 sanctitatis
1395 3653 1560 3711 etad
1596 3654 1940 3715 habitacula
1978 3664 2114 3726 tua,
2165 3673 2335 3717 mons
2365 3648 2553 3714 sancti·

473 3755 613 3812 tatis
653 3757 746 3810 est
783 3751 1033 3811 Coelum
1086 3754 1192 3811 ubi
1259 3753 1535 3831 Regnum
1585 3755 1849 3815 coele-ste
1886 3756 2125 3815 Domini
2177 3764 2297 3830 est,
2357 3758 2414 3814 in
2459 3761 2555 3825 quo

472 3859 683 3926 regnat
719 3851 939 3909 bonum
988 3856 1239 3926 amoris,
1294 3854 1640 3914 habitacula
1694 3853 1972 3915 dicuntur
2006 3856 2094 3916 illi
2144 3856 2311 3917 Coeli
2345 3853 2438 3914 ubi
2481 3848 2555 3907 est

469 3948 743 4027 Regnum
779 3953 1089 4026 spirituale
1117 3952 1388 4021 Domini,
1422 3957 1484 4012 in
1521 3973 1636 4031 quo
1679 3963 1891 4033 regnat
1928 3975 2138 4017 verum
2169 3976 2239 4018 ex
2268 3956 2369 4015 illo
2395 3953 2554 4021 bon03

473 4054 535 4107 ct
580 4052 719 4121 quia
776 4057 1095 4124 utrumque
1142 4050 1529 4127 intelligitur,
1604 4055 1741 4114 ideo
1796 4056 2008 4116 dicitur
2051 4065 2121 4117 ut
2170 4055 2454 4133 ingrediar
2494 4042 2556 4105 ad

472 4137 678 4201 Altare
713 4145 857 4218 Dei,
935 4147 1013 4202 ad
1058 4147 1287 4214 Deum,
1362 4167 1433 4208 ae
1502 4170 1615 4227 per
1665 4154 1875 4217 Altare
1925 4158 2045 4217 Dei
2081 4157 2432 4233 intelligitur
2471 4145 2558 4206 ubi

470 4237 761 4295 Dominus
813 4247 904 4297 est
947 4243 1008 4297 in
1052 4242 1210 4301 bono
1268 4250 1506 4324 amoris,
1560 4258 1620 4309 et
1664 4270 1779 4328 per
1821 4255 2020 4316 Deum
2071 4257 2417 4335 intelligitur
2473 4244 2557 4306 ubi
