2791 4778
516 374 589 428 48
828 359 1324 418 APOCALYPSIS
1366 356 1800 413 EXPLICATA.
1884 354 1930 422 §.
1975 362 2102 416 314.
2162 362 2292 415 315.

519 522 765 586 vocatio
802 521 1071 582 sancta“
1092 520 1298 581 Num:
1326 518 1568 580 XXIX:
1615 519 1643 575 1
1692 515 1770 575 ad
1803 519 1872 573 ’τε
1926 511 2228 587 Similiter,
2266 529 2484 591 nempe
2523 531 2683 588 „ex

524 628 767 704 septem
790 620 1008 700 Aym‘s
1041 616 1319 705 singulis
1360 618 1582 680 diebus
1606 614 1975 690 Paschatis,
2005 618 2265 694 praeter
2297 631 2379 674 em
2406 612 2673 675 duobus

531 720 791 793 vitulis,
841 719 1228 790 afr-idemne,
1278 725 1338 780 et
1376 717 1551 780 hirco
1591 735 1715 778 uno
1742 718 1780 750 “
1845 716 2037 776 Num:
2081 713 2391 776 XXVIII:
2449 715 2535 773 16
2586 713 2674 773 ad

539 828 661 900 243
717 821 876 900 quod
912 837 986 882 ex
1024 826 1256 898 septem
1294 822 1495 897 agnis,
1552 823 1682 877 erat
1729 832 1915 877 causa
1960 816 2101 893 quia
2147 833 2259 892 per
2292 821 2534 892 septem
2573 816 2670 874 si-

532 923 842 1003 gnificatur
880 940 1052 981 omne
1090 928 1150 985 et
1181 920 1459 999 plenum,
1500 936 1569 978 ac
1605 919 1989 995 praedicatur
2026 916 2099 976 de
2136 922 2361 991 sancto,
2419 921 2480 974 et
2516 916 2675 991 quia

535 1043 646 1103 per
697 1022 1055 1083 holocausta
1100 1023 1162 1080 in
1210 1021 1506 1081 communi
1550 1017 1998 1095 significabatur
2046 1015 2242 1077 cultus
2277 1015 2518 1074 Domini
2587 1032 2675 1075 ex

535 1126 691 1185 bono
729 1126 977 1198 amoris,
1053 1127 1113 1182 et
1172 1120 1390 1180 bonum
1439 1121 1658 1179 amoris
1719 1120 1780 1177 in
1812 1118 2135 1177 Dominum
2183 1133 2219 1174 a
2252 1116 2510 1176 Domino
2570 1122 2674 1176 est

536 1228 736 1303 ipsum
772 1223 992 1282 bonum
1029 1222 1436 1295 innocentiae,
1491 1237 1563 1278 ac
1608 1236 1720 1297 per
1753 1219 1993 1296 Agnum
2044 1219 2105 1276 in
2157 1233 2439 1294 supremo
2473 1233 2672 1277 sensu

537 1323 984 1402 significabatur
1008 1323 1299 1382 Dominus
1330 1320 1528 1398 quoad
1552 1320 1837 1378 Divinum
1865 1318 2236 1378 Humanum:
2274 1316 2434 1394 quod
2461 1316 2668 1377 Holo-

539 1431 750 1486 causta
785 1424 1249 1500 significaverint
1283 1438 1518 1481 omnem
1547 1419 1772 1481 cultum
1809 1438 1884 1479 ex
1909 1418 2066 1478 bono
2095 1419 2312 1477 amoris
2338 1434 2375 1477 a
2400 1417 2669 1478 Domino

537 1529 603 1587 in
629 1524 972 1597 Dominum,
1011 1523 1287 1582 videatur
1321 1541 1388 1580 n:
1434 1521 1594 1581 923.
1632 1522 1841 1581 6905.
1888 1520 2098 1580 8680.
2143 1519 2356 1579 8936.
2394 1520 2663 1579 10042.

545 1624 637 1687 Ob
680 1619 871 1684 illam
905 1621 1541 1701 repraesentationem
1576 1619 1772 1680 etiam
1807 1618 2112 1681 instituta
2147 1624 2243 1680 est
2282 1616 2490 1680 Coena
2515 1617 2664 1682 Pa-

549 1721 793 1786 schalz‘s
835 1742 916 1784 ea·
944 1721 1209 1802 „Aquis
1247 1727 1364 1783 aut
1387 1719 1643 1783 Hoedz's
1668 1723 1706 1754 ί(
1753 1719 1949 1781 Exod:
1985 1719 2140 1781 XII:
2187 1722 2215 1778 1
2262 1720 2340 1780 ad
2380 1722 2500 1796 29;
2551 1738 2671 1798 pet

540 1827 759 1885 festum
797 1824 1111 1883 Paschatis
1163 1825 1316 1883 enim
1364 1823 1935 1899 repraesentabatur
1986 1819 2350 1881 Glorificatio
2397 1819 2669 1880 Humani

454 1944 455 1947 ’
542 1926 802 1997 Domini,
840 1924 1115 1983 videatur
1152 1941 1221 1982 n:
1266 1925 1526 1983 10655.
1584 1922 1743 1999 Quia
1773 1940 1885 1999 per
1909 1921 2177 1981 Infantes
2211 1920 2667 1999 significabatur

541 2025 928 2094 Innocentia‚
978 2023 1112 2083 ideo
1152 2026 1327 2083 etiam
1364 2022 1710 2082 mandatum
1748 2028 1865 2098 est,
1909 2029 1978 2080 ut
2031 2025 2235 2101 „poet
2256 2026 2527 2103 partum
2556 2020 2666 2084 die

533 2124 952 2205 puryationis
990 2123 1425 2205 samfiearent
1457 2121 1751 2204 Aynum,
1780 2118 2040 2203 pullum
2076 2120 2508 2184 columbarum
2540 2127 2667 2184 aut

544 2229 855 2287 turturem
866 2244 898 2297 ,·
934 2228 1050 2286 aut
1089 2222 1220 2286 loco
1245 2223 1431 2305 Ayni
1472 2223 1635 2284 duos
1653 2221 1873 2303 pullos
1899 2220 2329 2284 columbanum
2355 2228 2472 2284 aut
2498 2220 2666 2284 duos

545 2328 878 2388 turture8“
928 2326 1086 2386 ch:
1125 2325 1282 2385 XII:
1327 2328 1386 2385 6.
1434 2327 1508 2400 83
1562 2342 1674 2404 per
1731 2324 1931 2402 pullos
1986 2323 2396 2384 columbarum
2444 2330 2503 2383 et
2544 2341 2661 2401 per

543 2436 808 2488 turtures
845 2427 1036 2487 simile
1072 2428 1440 2505 significatur
1466 2426 1630 2505 quod
1664 2444 1774 2503 per
1800 2441 2013 2503 agnos,
2053 2443 2269 2504 nempe
2294 2426 2656 2485 Innocentia.

704 2532 786 2589 31
807 2531 867 2589 5.
927 2528 1241 2605 Tanquam
1277 2530 1567 2601 occisum,
1621 2526 1779 2605 quod
1815 2524 2110 2602 significet
2144 2543 2181 2584 a
2216 2529 2427 2604 paucis
2461 2523 2661 2583 adhuc

544 2631 846 2706 agnitum,
891 2634 1126 2687 constat
1179 2647 1254 2688 ex
1301 2629 1735 2706 significatione
1786 2629 2001 2702 occisi,
2076 2643 2211 2686 cum
2266 2627 2341 2687 de
2382 2626 2656 2701 Domino,

545 2728 708 2806 quod
743 2730 821 2788 sit
857 2729 1014 2811 quod
1051 2746 1167 2788 non
1202 2731 1282 2789 sit
1315 2731 1586 2806 agnitus,
1633 2728 1731 2788 hic
1777 2726 1936 2804 quod
1969 2727 2311 2787 Humanum
2346 2726 2546 2804 Ipsius
2583 2727 2664 2786 sit

546 2829 832 2891 Divinum
868 2847 904 2887 a
930 2832 1140 2906 paucis
1178 2832 1461 2906 agnitum,
1497 2846 1633 2887 nam
1672 2827 1883 2888 dicitur
1911 2827 2121 2905 Agnus
2155 2834 2323 2887 stans
2361 2831 2661 2908 tanquam

545 2931 816 3000 occisast,
866 2936 926 2989 et
970 2947 1081 3006 per
1117 2930 1353 3007 Agnum
1406 2928 1773 3005 significatur
1805 2927 2098 2988 Dominus
2148 2927 2345 3006 quoad
2377 2927 2663 2987 Divinum

547 3030 907 3107 Humanum,
945 3036 1012 3089 ut
1037 3046 1176 3089 mox
1210 3046 1399 3108 supra
1431 3047 1503 3087 n:
1537 3029 1676 3088 314
1718 3033 2019 3087 ostensum
2050 3035 2175 3088 est:
2211 3029 2326 3088 hoc
2352 3027 2541 3088 simile
2570 3034 2663 3087 est

548 3147 681 3190 cum
719 3148 789 3191 eo
827 3130 989 3215 quod
1026 3129 1101 3189 de
1129 3129 1386 3188 Domino
1425 3129 1645 3187 dictum
1686 3135 1779 3188 est
1815 3144 1999 3205 supra
2034 3128 2183 3207 Cap:
2212 3129 2279 3189 I:
2319 3128 2506 3189 Vers:
2549 3130 2662 3200 18,

545 3235 607 3292 et
626 3231 859 3313 factus
892 3249 1041 3292 sum
1076 3235 1395 3303 mortuus,
1434 3245 1548 3306 per
1585 3228 1742 3305 qnod
1775 3228 2146 3305 significatur
2183 3230 2343 3307 quod
2376 3229 2659 3310 rejectu8‚

546 3330 620 3393 de
655 3350 773 3410 quo
808 3332 1084 3391 videatur
1119 3346 1309 3406 supra
1343 3346 1413 3388 n:
1458 3329 1570 3389 83.
1651 3330 1771 3390 Per
1805 3330 1994 3389 occidi
2041 3332 2102 3390 in
2138 3347 2326 3391 sensu
2365 3329 2661 3409 spirituali

544 3449 652 3492 seu
680 3434 911 3491 interno
941 3447 1057 3490 non
1084 3428 1435 3505 intelligitur
1468 3430 1659 3489 occidi
1688 3429 1888 3507 quoad
1916 3447 2132 3507 corpus
2161 3430 2269 3491 sed
2297 3429 2494 3508 quoad
2528 3433 2660 3490 ani-

543 3550 700 3593 mam
719 3577 734 3607 ,
775 3539 835 3591 et
868 3530 1157 3591 occiditur
1191 3529 1366 3589 homo
1404 3530 1602 3608 quoad
1637 3532 1922 3605 animam,
1979 3531 2214 3608 quando
2249 3549 2370 3591 non
2403 3531 2660 3608 ampliu's

542 3636 606 3694 in
641 3633 842 3709 aliquo
887 3630 1043 3689 bono
1079 3629 1220 3689 fidei
1254 3636 1382 3700 est,
1435 3636 1577 3691 tunc
1628 3634 1783 3692 enim
1834 3630 2002 3690 nulla
2049 3633 2106 3691 ei
2151 3634 2278 3691 vita
2329 3631 2658 3709 spiritualis

545 3739 672 3806 est,
711 3730 820 3790 sed
854 3747 964 3806 pro
1004 3730 1110 3790 illa
1146 3747 1335 3805 mors,
1376 3749 1530 3808 quae
1567 3748 1727 3791 mors
1758 3731 2087 3808 spiritualis
2115 3738 2364 3791 vocatur
2376 3751 2392 3808 3
2431 3736 2494 3790 at
2520 3749 2660 3794 vero

546 3843 684 3893 cu'm
722 3830 796 3890 de
830 3829 1086 3890 Domino
1132 3831 1347 3892 dicitur
1382 3830 1667 3908 Occisus,
1721 3850 1839 3891 non
1888 3832 2257 3909 significatur
2291 3832 2473 3903 illud,
2524 3834 2664 3909 quia

543 3930 836 3991 Dominus
873 3938 967 3991 est
996 3934 1131 4009 ipsa
1167 3934 1318 4007 vita,
1375 3939 1438 3992 et
1485 3932 1588 3992 dat
1639 3933 1829 3995 cuivis
1874 3935 2059 3992 vitam
2094 3933 2499 4011 spiritualem,
2554 3931 2663 3993 sed

543 4030 914 4110 significatur
960 4031 1118 4109 quod
1162 4033 1260 4093 vel
1295 4033 1588 4111 rejectus,
1643 4032 1744 4095 vel
1779 4032 1939 4108 quod
1972 4049 2091 4092 non
2126 4035 2364 4110 agnitus
2401 4035 2506 4108 sit,
2571 4037 2662 4094 est

545 4134 702 4193 enim
738 4135 894 4192 sicut
926 4134 1126 4193 nullus
1154 4133 1317 4212 apud
1341 4133 1480 4193 illos
1518 4134 1620 4210 qui
1656 4149 1771 4191 non
1800 4140 2152 4211 agnoscunt,
2190 4141 2250 4195 et
2278 4136 2468 4211 magis
2499 4131 2658 4211 apud

540 4233 676 4295 illos
713 4237 818 4314 qui
852 4242 1085 4315 negant.
1140 4235 1283 4313 Ipse
1310 4233 1606 4293 Dominus
1645 4233 1886 4311 quidem
1913 4237 2258 4313 agnoscitur
2281 4238 2343 4296 in
2367 4233 2653 4310 Ecclesia,
