2791 4778
398 342 508 394 233
721 330 1218 386 APOCALYPSIS
1262 328 1700 385 EXPLICATA.
1776 329 1822 397 §.
1869 338 1997 390 369.
2053 338 2185 391 370·

402 496 685 564 vocatur,
741 489 1019 548 inchoata
1053 492 1147 548 est
1180 505 1219 547 a
1251 487 1509 546 Domino
1545 504 1681 547 cum
1717 489 1779 546 in
1811 485 2036 546 Mundo
2072 487 2215 560 fuit,
2258 493 2318 546 et
2344 494 2523 565 post·
2664 427 2727 564 ε

406 609 588 668 quam
620 595 955 667 propagata
991 595 1111 663 est,
1169 587 1437 647 decrevit
1471 588 1816 647 successive
1863 604 2057 663 usque
2107 587 2183 645 ad
2215 586 2332 646 hoc
2369 596 2527 649 tem-

404 708 551 768 pus,
605 691 765 766 quod
814 696 907 748 est
959 689 1230 748 ultimum
1282 689 1447 765 ejus,
1510 705 1628 764 quo
1683 687 2022 747 Judicium:
2078 687 2526 764 praedictiones

408 792 480 851 de
516 791 610 851 his
656 790 1018 850 successivis
1062 788 1371 849 Ecclesiae
1422 787 1679 847 statibus
1717 789 2176 847 manifestantur
2221 788 2321 848 hic
2366 792 2527 848 sicut

407 910 481 951 ex
518 891 697 951 Libro
733 908 843 967 per
876 891 1045 947 varia
1079 890 1624 965 repraesentativa3
1681 888 1792 947 sed
1837 888 2147 948 sciendum
2184 895 2311 958 est,
2363 888 2526 966 quod

406 991 846 1069 praedictiones
896 990 1050 1048 tales
1102 1007 1217 1048 non
1268 991 1439 1048 visae
1479 996 1540 1047 et
1581 989 1776 1047 lectae
1828 991 2044 1047 sintin
2078 989 2288 1062 Libro,
2346 996 2525 1065 post-

407 1110 584 1169 quam
619 1091 818 1168 sigilla
853 1090 984 1166 ejus
1023 1095 1237 1166 aperta
1271 1095 1439 1162 sunt,
1479 1087 1589 1147 sed
1624 1090 2040 1149 manifestatae
2074 1106 2184 1165 per
2221 1087 2445 1148 Coelos
2488 1106 2529 1148 a

404 1194 661 1253 Domino
716 1208 914 1250 coram
966 1190 1213 1267 Angelis
1264 1191 1454 1248 intimi
1511 1187 1709 1262 Coeli,
1768 1206 1922 1266 quae
1968 1192 2027 1247 in
2076 1188 2302 1247 ultimis
2357 1188 2534 1249 Coeli

406 1298 896 1369 repraesentatae
932 1298 1071 1349 sunt
1097 1308 1208 1366 per
1241 1289 1387 1349 talia
1424 1292 1664 1365 quaein
1697 1289 1811 1348 hoc
1850 1287 2060 1366 Capite
2095 1295 2528 1365 memorantur,

406 1410 623 1469 nempe
672 1409 784 1468 per
831 1391 1036 1466 Equos
1081 1391 1233 1449 varii
1273 1389 1489 1448 coloris
1510 1433 1526 1463 ,
1597 1395 1657 1448 et
1706 1389 1844 1449 dein
1891 1407 2003 1466 per
2050 1396 2249 1450 terrae
2278 1396 2530 1465 'motus,

408 1493 553 1552 solis
594 1498 654 1552 et
686 1491 864 1551 lunae
903 1489 1380 1565 obscurationes,
1439 1496 1500 1546 et
1548 1489 1855 1549 stellarum
1892 1489 2102 1568 lapsus
2150 1492 2212 1549 in
2261 1496 2528 1565 terram3

408 1592 517 1652 sed
560 1592 711 1651 haec
750 1597 918 1650 eraut
972 1592 1363 1667 apparentiae
1401 1606 1603 1648 coram
1655 1590 1904 1667 Angelis
1954 1586 2146 1649 ultimi
2196 1590 2402 1659 Coeli,
2468 1598 2532 1651 et

409 1691 746 1769 significant
778 1691 883 1750 illa
919 1707 1073 1767 quae
1110 1690 1314 1749 audita
1359 1696 1420 1749 et
1458 1698 1749 1768 percepta
1804 1696 1941 1750 sunt
1973 1693 2037 1749 in
2070 1692 2276 1751 intimo
2317 1691 2526 1766 Coelo,

407 1792 511 1850 ubi
558 1809 674 1849 non
728 1790 881 1850 tales
936 1792 1323 1867 apparentiae
1368 1791 1638 1867 suerunt3
1693 1809 1827 1849 nam
1878 1791 2163 1869 quicquid
2213 1794 2274 1850 in
2318 1793 2528 1851 intimo

411 1890 594 1951 Coelo
648 1890 917 1965 auditur,
973 1892 1267 1967 cogitatur
1316 1897 1376 1949 et
1421 1893 1756 1971 percipitur
1792 1910 1829 1949 a
1867 1892 2155 1968 Domino,
2220 1891 2337 1952 hoc
2387 1909 2532 1951 cum

410 1991 716 2051 descendit
752 2008 863 2066 per
907 1990 1156 2051 coelum
1206 1990 1465 2048 medium
1513 1991 1590 2049 ad
1623 1992 1923 2065 ultimum,
1978 1993 2236 2051 vertitur
2268 1995 2332 2051 in
2365 1992 2528 2052 tales

409 2093 792 2167 apparentias
812 2111 828 2166 3
898 2095 984 2150 ita
1032 2108 1235 2151 coram
1280 2090 1488 2151 Ultimi
1543 2090 1709 2152 Coeli
1761 2091 2009 2168 Angelis
2062 2093 2528 2170 promulgantur

411 2194 650 2251 Arcana
684 2193 1019 2267 sapientiae
1055 2192 1348 2270 Divinae3
1379 2190 1468 2248 illi
1494 2194 1597 2268 qui
1631 2192 1714 2251 ibi
1740 2192 2141 2268 intelligentes
2177 2200 2339 2268 sunt,
2376 2210 2531 2270 per-

412 2294 638 2369 cipiunt
673 2308 893 2351 arcana
926 2291 1030 2350 illa
1065 2309 1140 2350 ex
1188 2292 1766 2368 correspondentiis3
1822 2299 1884 2350 at
1918 2293 2101 2350 infimi
2133 2293 2371 2351 illorum
2406 2310 2536 2352 non
2715 2271 2722 2344 Ι

210 2407 370 2469 [503]
410 2396 777 2471 percipiunt,
820 2394 927 2451 sed
962 2392 1137 2451 modo
1174 2395 1370 2450 sciunt
1410 2393 1571 2468 quod
1615 2394 1758 2452 inibi
1794 2395 1914 2452 sint
1950 2410 2187 2468 arcana,
2227 2412 2338 2454 nec
2368 2394 2537 2454 ultra
2701 2379 2718 2419 ³

407 2497 740 2571 inquirunt:
797 2511 933 2552 cum
968 2494 1059 2552 his
1113 2493 1222 2552 suit
1274 2491 1585 2551 Johannes
1625 2511 1762 2552 cum
1811 2496 1872 2551 in
1919 2496 2134 2570 spiritu
2183 2511 2292 2553 seu
2333 2497 2395 2553 in
2432 2498 2535 2554 vi-
2661 2426 2716 2615 ς

404 2597 592 2654 sione.
661 2594 830 2653 Haec
868 2594 1025 2651 dicta
1059 2598 1215 2664 sunt,
1260 2597 1327 2651 ut
1361 2595 1586 2652 sciatur
1621 2593 1915 2671 quomodo
1945 2594 2212 2653 Verbum
2248 2597 2529 2654 conscri-

407 2699 577 2769 ptum
624 2695 727 2766 sit,
788 2693 947 2769 quod
998 2710 1211 2769 nempe
1254 2710 1327 2753 ex
1372 2693 1592 2751 talibus
1651 2711 1804 2770 quae
1850 2696 1986 2753 visa
2034 2701 2095 2753 et
2142 2694 2345 2754 audita
2382 2702 2538 2754 sunt

411 2795 472 2852 in
505 2793 726 2852 ultimis
765 2791 960 2866 Coeli,
999 2796 1083 2851 ita
1110 2811 1185 2853 ex
1219 2795 1404 2852 meris
1443 2792 1999 2871 Correspondentiis
2040 2801 2099 2854 et
2135 2795 2538 2872 Repraesen-

410 2893 647 2965 tativiS,
696 2894 757 2949 in
794 2910 1046 2968 quorum
1079 2894 1329 2970 singulis
1383 2892 1576 2952 latent
1617 2895 2076 2954 innumerabilia
2111 2902 2171 2954 et
2206 2894 2542 2955 ineffabilia

412 2993 652 3052 Arcana
687 2994 1020 3068 sapientiae
1066 2994 1339 3052 Divinae.

569 3094 730 3152 370.
806 3086 1023 3151 Audivi
1067 3095 1305 3153 tertium
1354 3093 1596 3151 Animal
1643 3093 1877 3171 dicens,
1935 3095 2094 3172 quod
2144 3095 2448 3173 significet
2504 3114 2541 3156 e

409 3191 595 3252 Coelo
630 3193 834 3251 intimo
864 3211 902 3250 a
935 3194 1220 3268 Domino,
1260 3198 1496 3252 constat
1534 3210 1624 3275 ex·
1658 3194 1777 3253 illis
1820 3213 1971 3271 quae
2010 3213 2228 3272 supra,
2266 3214 2336 3254 n:
2378 3198 2535 3255 353

410 3299 473 3352 et
522 3293 684 3362 362,
719 3292 878 3351 dicta
918 3300 1074 3366 sunt,
1134 3293 1240 3351 ubi
1279 3293 1515 3352 similia.
1572 3292 1752 3369 Quod
1790 3303 2046 3371 quatuor
2081 3294 2376 3354 Animalia
2418 3312 2542 3355 seu

408 3399 669 3470 quatuor
721 3391 1008 3467 Cherubi,
1063 3410 1216 3452 unus
1265 3399 1407 3468 post
1456 3394 1711 3452 alterum
1758 3394 1992 3471 loquuti
2038 3392 2188 3469 si‘nt,
2245 3401 2339 3454 est
2383 3398 2541 3470 quia

409 3494 515 3553 illa
561 3511 716 3570 quae
772 3493 1047 3552 dixerunt
1096 3493 1567 3569 correspondent
1616 3510 1689 3553 ex
1739 3496 2017 3570 opposito
2032 3515 2049 3571 3
2103 3496 2333 3570 primus
2365 3497 2541 3554 enim

413 3593 728 3655 Cherubus
767 3600 895 3654 erat
929 3593 1137 3653 similis
1173 3592 1387 3667 Leoni,
1444 3592 1745 3653 secundus
1783 3594 1992 3653 similis
2020 3593 2259 3668 vitulo,
2310 3596 2537 3653 tertius

413 3693 614 3768 quoad
647 3695 859 3754 faciem
895 3697 1052 3755 sicut
1085 3695 1309 3768 Homo,
1352 3700 1414 3752 et
1441 3700 1689 3770 quartus
1726 3694 1935 3756 similis
1974 3694 2228 3770 Aquilae
2263 3694 2534 3771 volanti3

416 3798 477 3851 et
514 3810 623 3869 per
665 3793 928 3852 Leonem
969 3795 1334 3871 significatur
1363 3795 1661 3870 potentia,
1713 3794 1988 3852 videatur
2015 3811 2204 3869 supra
2238 3811 2308 3854 nt
2348 3795 2535 3871 2783

412 3908 526 3967 per
560 3891 827 3950 Vitulum
865 3893 1230 3967 significatur
1264 3893 1516 3964 bonum,
1567 3912 1634 3951 n:
1690 3896 1827 3954 279
1847 3939 1863 3969 ,
1919 3911 2029 3970 per
2063 3892 2381 3953 Hominem
2421 3910 2534 3953 sa-

412 3992 669 4068 pientia,
708 4009 778 4048 n:
823 3992 992 4063 280,
1032 3998 1093 4049 et
1125 4008 1237 4066 per
1262 3990 1539 4069 Aquilam
1566 3993 1979 4071 intelligentia,
2017 4012 2086 4052 n:
2132 3995 2267 4052 281
2289 4013 2305 4069 ;
2344 4010 2543 4070 quaro

413 4108 555 4185 cum
584 4090 840 4164 primum
874 4081 1143 4163 Animal,
1199 4090 1357 4166 quod
1394 4099 1524 4149 erat
1561 4094 1752 4153 simile
1790 4094 2012 4167 Leoni,
2069 4094 2376 4171 loquutum
2421 4101 2537 4169 est,

416 4187 775 4244 describitur
822 4190 1050 4261 primus
1104 4197 1298 4247 status
1344 4207 1552 4249 eorum
1604 4196 1707 4267 qui
1755 4193 1831 4251 ab
1881 4194 2192 4264 Ecclesia,
2256 4193 2419 4271 quod
2457 4194 2539 4254 ibi
