2791 4778
534 314 605 366 92
908 301 1400 361 APOCALYPSIS
1445 300 1878 356 EXPLICATA.
1961 300 2008 368 ὖ.
2055 309 2182 364 326.

535 463 749 525 2595.
791 463 1006 524 2596.
1058 463 1270 524 3350.
1313 462 1527 522 5182.
1573 459 1992 538 8115:‚inde
2042 465 2241 537 patet,
2299 459 2470 536 quod
2523 460 2684 519 har-

531 565 832 624 monicum
868 568 1105 637 cantus,
1161 569 1223 620 et
1274 578 1515 639 quoque
1567 560 1726 637 quod
1761 561 1878 619 Ars
1915 560 2150 620 Musica
2200 561 2400 637 possit
2452 564 2679 638 expri-

534 680 699 724 mere
760 661 1135 722 affectionum
1182 664 1352 721 varia
1410 678 1665 739 genera,
1732 667 1792 719 ct
1838 661 2131 738 applicari
2174 660 2389 730 rebus,
2458 663 2547 719 sit
2607 678 2683 721 ex

535 762 835 841 spirituali
869 747 1118 837 mundo,
1177 768 1238 821 et
1272 778 1388 822 non
1427 779 1504 821 ex
1538 759 1831 835 naturali,
1888 767 1955 819 ut
1989 761 2266 835 creditur,
2322 760 2399 820 de
2441 780 2584 837 qua
2616 780 2681 821 re

535 865 713 923 etiam
751 862 1025 922 videatur
1061 864 1120 922 in
1160 862 1360 938 Opere
1400 860 1473 920 de
1513 860 1721 921 Cosso
1760 880 1838 920 nr
1881 860 2159 920 Iustam
2205 878 2274 920 n:
2320 864 2491 920 241.
2590 863 2680 921 Ex

532 965 647 1024 hac
684 980 871 1023 causa
907 969 1018 1039 est,
1058 964 1214 1039 quod
1252 962 1428 1039 plura
1463 964 1989 1020 instrumentorum
2025 959 2395 1020 Musicarum
2433 979 2679 1038 genera

534 1067 695 1143 apud
726 1073 966 1141 gentem
993 1064 1312 1124 Judaicam
1350 1070 1412 1122 et
1446 1061 1838 1122 Israeliticam
1865 1063 1922 1119 in
1952 1061 2116 1121 cultu
2146 1068 2354 1120 sancto
2391 1062 2679 1121 adhibita

533 1167 782 1234 suerint,
821 1181 1074 1242 quorum
1130 1162 1437 1240 quodlibet
1484 1161 1848 1238 applicatum
1899 1168 2028 1219 erat
2071 1161 2492 1221 affectionibus
2532 1163 2678 1222 boni

536 1265 854 1335 coelestis,
893 1272 953 1323 et
986 1247 1398 1323 affectionibus
1436 1263 1576 1321 boni
1612 1261 1977 1337 spiritualia,
2018 1268 2078 1319 et
2113 1261 2249 1321 inde
2286 1263 2557 1337 gaudiiS,
2605 1264 2673 1322 dc

537 1365 754 1442 quibus
783 1364 1313 1441 evangelizabatur
1324 1385 1340 1439 3
1372 1366 1765 1422 instrumenta
1792 1361 2127 1421 chordacea
2154 1362 2469 1438 applicata
2500 1372 2674 1422 erant

542 1464 956 1524 affectionibus
991 1464 1130 1523 boni
1158 1464 1507 1541 spiritualis,
1548 1467 1609 1521 et
1632 1464 2029 1521 instrumenta
2063 1461 2359 1520 inflatoria
2388 1463 2671 1523 affectio·

539 1565 722 1624 nibus
758 1563 898 1621 boni
935 1564 1246 1638 coelestis,
1306 1565 1521 1640 quibus
1561 1564 1739 1621 etiam
1777 1561 2216 1640 adjungebatur
2265 1574 2488 1623 cantus
2540 1583 2674 1623 eum

537 1665 814 1732 canticiS,
850 1681 958 1739 per
998 1682 1151 1739 quae
1180 1666 1635 1723 convenientiae
1673 1680 1871 1722 rerum
1912 1680 2044 1720 cum
2082 1665 2245 1722 sonis
2269 1663 2671 1723 affectionum

333 1781 498 1845 um
537 1744 978 1825 formabantur:
1034 1781 1236 1824 omnes
1273 1765 1499 1825 Psalmi
1532 1762 1786 1823 Davidis
1842 1771 2013 1822 erant
2048 1763 2199 1821 tales
2220 1807 2236 1838 ‚
2292 1773 2671 1842 quapropter

537 1866 813 1937 dicuntur
846 1863 1070 1923 Psalmi
1107 1883 1142 1924 a
1179 1865 1470 1941 psallere,
1528 1875 1589 1924 et
1624 1880 1863 1941 quoque
1902 1862 2182 1923 Cantica:
2239 1881 2316 1923 ex
2363 1864 2464 1925 his
2517 1883 2669 1942 quo-

540 1983 670 2047 que*
685 1971 959 2024 constare
986 1973 1205 2042 potest,
1246 1966 1404 2026 unde
1441 1974 1534 2025 est
1568 1964 1728 2042 quod
1765 1964 1997 2023 dicatur
2034 1964 2194 2040 quod
2222 1973 2487 2042 quatuor
2515 1966 2664 2025 Ani-

540 2066 720 2124 malia
757 2073 816 2125 et
853 2067 1061 2142 viginti
1099 2074 1357 2142 quatuor
1395 2066 1677 2127 Seniores
1713 2064 2030 2124 habuerint
2065 2066 2356 2140 citharaS‚
2409 2074 2476 2125 et
2513 2084 2662 2144 quo-

543 2184 661 2244 que
693 2169 1024 2228 cecinerint
1049 2166 1162 2225 hoc
1194 2166 1519 2227 Canticum.
1562 2164 1736 2244 Quod
1767 2164 1990 2224 Cantus
2016 2171 2076 2223 et
2106 2183 2321 2226 canere
2354 2166 2667 2225 Canticum

541 2269 880 2347 significent
915 2269 1274 2344 agnitionem
1313 2274 1373 2326 et
1410 2267 1845 2326 consessionem
1885 2284 1960 2325 ex
1994 2266 2211 2342 gaudio
2251 2266 2477 2335 cordiS,
2515 2285 2663 2325 con-

537 2377 657 2433 stat
709 2389 785 2431 ex
839 2369 934 2429 his
987 2369 1379 2446 sequentibus
1394 2389 1410 2443 3
1469 2367 1630 2444 apud
1666 2366 1905 2443 Esajam
1957 2364 2224 2442 „Dices
2272 2366 2342 2428 in
2380 2365 2480 2426 die
2518 2363 2661 2440 illo,

537 2471 867 2552 confitebor
923 2467 1226 2538 Jehovae‚
1305 2468 1498 2529 Deus
1558 2464 1797 2529 salutis
1854 2485 2057 2541 meae,
2134 2467 2472 2549 confidam,
2532 2484 2669 2529 non

540 2572 781 2644 timebo,
819 2570 973 2649 quia
1012 2569 1203 2630 robur
1236 2588 1466 2643 meum,
1511 2577 1571 2630 et
1615 2567 1949 2630 Canticum
1977 2565 2137 2644 Jah,
2186 2567 2489 2643 Jehovah,
2520 2568 2668 2649 fuit

539 2669 707 2731 mihi
751 2669 820 2730 in
863 2667 1136 2731 salutem
1153 2690 1182 2742 ;
1238 2678 1390 2733 tunc
1427 2668 1744 2732 haurietis
1790 2686 1995 2749 aquae
2033 2687 2116 2730 ex
2142 2668 2439 2747 sontibus
2479 2667 2664 2731 salu-

540 2771 633 2831 tis
648 2790 678 2843 ;
732 2776 791 2832 et
841 2769 1066 2832 dicetis
1117 2771 1188 2830 in
1230 2771 1336 2831 die
1372 2768 1519 2848 illo,
1580 2769 1965 2850 confitemini
2015 2767 2324 2841 Jehovae,
2383 2769 2666 2832 invocate

541 2870 786 2932 Nomen
840 2870 1097 2950 Ipsius,
1153 2877 1401 2932 cantate
1442 2870 1744 2946 Jehovae,
1803 2867 2095 2931 exclama
2133 2876 2194 2930 et
2223 2867 2441 2953 jubila
2481 2869 2661 2931 habi-

542 2972 752 3034 tam-ia:
799 2971 1070 3046 Ziom's,
1125 2972 1282 3050 quia
1317 2989 1594 3051 maynus
1635 2972 1705 3032 in
1748 2968 1953 3031 medio
1991 2970 2087 3031 tui
2126 2969 2404 3032 Sanctus
2441 2969 2662 3031 Israe-

536 3069 672 3134 {w
736 3073 879 3132 XII:
928 3077 955 3131 1
1002 3072 1079 3130 ad
1121 3074 1193 3145 ὃς
1250 3071 1608 3131 describitur
1642 3076 1726 3132 ita
1762 3073 2055 3131 consessio
2093 3088 2169 3130 ex
2211 3071 2430 3148 gaudio
2468 3071 2664 3131 cordis

540 3181 785 3251 propter
822 3174 1147 3234 adventum
1192 3172 1468 3244 Domini,
1508 3179 1567 3230 et
1600 3173 1875 3230 Divinam
1912 3171 2113 3247 Ipsius
2164 3174 2498 3247 potentiam
2534 3171 2661 3230 sal·

541 3275 715 3345 vandi
755 3290 944 3349 genus
981 3272 1337 3347 humanum3
1395 3272 1555 3349 quod
1590 3273 1886 3331 consessio
1919 3274 2000 3330 sit
2035 3278 2234 3346 patet,
2290 3289 2427 3330 nam
2469 3273 2660 3348 primo

541 3375 772 3448 dicitur,
813 3372 1139 3432 confitebor
1173 3371 1480 3446 Jehovae,
1538 3379 1596 3430 et
1646 3389 1884 3449 quoque
1925 3371 2095 3446 dein,
2151 3371 2513 3431 confitemini
2546 3372 2658 3432 Je-

537 3475 769 3550 hovae3
810 3473 1109 3532 confessio
1146 3473 1305 3549 quod
1329 3472 1624 3532 Dominus
1654 3491 1728 3532 ex
1753 3473 1977 3532 Divina
2009 3475 2280 3550 potentia
2316 3472 2657 3532 salvaturus

541 3577 622 3634 sit
657 3589 851 3650 genus
888 3572 1239 3648 humanum,
1281 3571 1638 3631 describitur
1662 3591 1775 3650 per
1799 3573 1978 3647 haec,
2016 3572 2187 3632 Deus
2226 3573 2438 3632 salutis
2468 3591 2659 3642 meae,

543 3671 865 3742 confidam,
917 3688 1035 3731 non
1072 3673 1320 3748 timebo,
1377 3674 1519 3750 quia
1549 3673 1735 3732 robur
1769 3691 1998 3747 meum,
2053 3673 2163 3732 fuit
2198 3674 2341 3732 mihi
2381 3676 2442 3732 in
2490 3673 2656 3733 salu-

540 3780 679 3847 tem,
718 3777 857 3830 tunc
882 3771 1170 3833 haurietis
1202 3790 1391 3852 aquas
1420 3791 1492 3832 ex
1520 3773 1781 3833 fontibus
1809 3772 2022 3833 salutis
2053 3775 2111 3831 in
2134 3773 2229 3833 die
2256 3775 2377 3848 illo,
2409 3792 2653 3851 magnus

539 3877 604 3933 in
638 3871 836 3931 medio
873 3873 958 3932 tui
995 3872 1251 3935 Sanctus
1289 3873 1562 3951 Israe‘li53
1601 3877 1660 3933 in
1698 3873 1793 3933 die
1832 3873 1933 3933 illo
1974 3880 2066 3932 est
2103 3874 2340 3949 quando
2367 3875 2655 3935 Dominus

541 3978 860 4048 venturus,
901 3972 1157 4035 Sanctus
1191 3975 1440 4036 Israe’lis
1479 3982 1572 4035 est
1605 3975 1934 4051 Dominus3
1988 3974 2274 4051 gaudium
2311 3975 2467 4044 inde,
2505 3974 2657 4050 quod

543 4079 636 4134 est
694 4073 977 4150 gaudium
1026 4077 1455 4146 consessioniS,
1518 4075 1871 4134 describitur
1918 4092 2031 4152 per
2077 4081 2316 4136 cantate
2363 4074 2650 4148 Jehovae,

542 4174 813 4248 exclama
850 4182 908 4236 et
934 4176 1128 4256 jubila
1176 4176 1501 4245 habitatrix
1537 4176 1767 4254 ZioniS‚
1824 4175 2150 4235 habitatrix·
2205 4184 2263 4236 et
2298 4176 2422 4236 filia
2457 4174 2651 4235 Zionis
