2791 4778
351 380 580 437 CAPUT
619 380 928 455 semum,
1716 377 1933 438 vans:
1978 391 2033 441 6.
2189 389 2299 445 249

211 542 497 601 desertum
533 539 830 616 significat
863 538 967 598 ubi
1000 556 1120 598 non
1152 537 1303 599 illud
1351 541 1493 621 quia
1537 556 1655 598 non
1705 556 1947 610 verum,
1999 545 2059 599 et
2091 546 2300 599 vasta-

206 647 352 701 tores
399 640 738 717 significant
781 639 942 697 mala
1003 645 1065 698 et
1125 639 1282 698 falsa
1331 656 1444 716 per
1491 656 1645 715 quae
1705 639 1929 698 bonum
1980 645 2041 699 et
2092 657 2303 701 verum

202 747 440 817 pereunt
452 761 469 817 3
524 758 638 817 per
674 739 938 817 gladium
971 738 1246 799 Jehovae
1282 738 1667 799 devorantem
1713 757 1751 799 a
1798 740 1914 799 fine
1949 745 2147 800 terrae
2194 758 2301 800 us-
2342 739 2514 802 [5101

203 858 306 918 que
341 839 417 899 ad
449 840 631 899 finem
672 828 891 910 terrae,
938 840 1307 915 significatur
1340 839 1561 900 falsum
1598 839 1913 899 destruens
1950 843 2147 899 omnia
2178 841 2303 909 Ee-

202 941 406 1001 clesiae
427 985 444 1011 ,
492 959 609 1018 per
643 940 905 1017 gladium
945 940 1329 999 devorantem
1365 940 1585 999 salsum
1622 940 1969 1015 destruen5‚
2026 947 2088 1000 et
2120 959 2233 1017 per
2268 960 2307 1001 a

200 1042 302 1100 fine
337 1045 536 1099 terrae
579 1058 778 1117 usque
817 1040 892 1098 ad
927 1039 1104 1098 finem
1159 1046 1356 1100 terrae
1402 1040 1811 1117 significantur
1856 1044 2053 1100 omnia
2084 1041 2302 1101 Eccle-

199 1143 344 1217 siae3
396 1158 510 1218 per
547 1160 668 1201 non
701 1159 824 1217 pax
857 1140 968 1199 ulli
1006 1143 1202 1214 carni,
1257 1140 1626 1217 significatur
1664 1140 1821 1218 quod
1874 1158 1994 1200 non
2044 1142 2303 1218 amplius

197 1244 415 1300 interna
448 1244 695 1319 requies
730 1246 978 1317 propter
1013 1240 1335 1299 dominium
1377 1241 1519 1300 mali
1559 1247 1621 1301 et
1652 1241 1790 1299 falsi
1802 1261 1819 1317 3
1874 1258 1985 1318 per
2018 1249 2306 1301 severunt

197 1343 378 1401 tritica
414 1348 472 1401 et
513 1344 725 1419 spinas
761 1347 1173 1415 messuerunt,
1213 1341 1581 1417 significatur
1617 1342 1779 1424 quod
1811 1357 1922 1416 pro
1957 1340 2131 1401 bonis
2174 1345 2304 1400 veri

199 1444 304 1500 sint
348 1443 507 1501 mala
549 1442 718 1515 falsi,
774 1444 973 1500 tritica
1007 1446 1147 1501 sunt
1178 1440 1339 1500 bona
1371 1444 1532 1517 veri,
1590 1449 1649 1500 et
1694 1444 1905 1519 spinae
1956 1447 2097 1500 eunt
2141 1442 2303 1501 mala

200 1542 339 1602 falsi.
425 1543 611 1619 Apud
658 1542 932 1600 Eundem
995 1538 1288 1616 „samael
1339 1540 1452 1619 qui
1474 1541 1620 1620 fuit
1658 1540 1735 1601 de
1786 1540 2021 1602 semine
2066 1541 2304 1621 Reym‘,

198 1642 410 1703 occidit
459 1638 814 1703 Gedaliam
829 1686 848 1713 ‚
923 1660 1104 1719 quem
1127 1642 1373 1721 fecerat
1413 1640 1565 1702 Reoe
1606 1638 1874 1701 Babelia
1907 1642 2304 1722 praefectum

198 1740 260 1801 in
294 1747 487 1819 twa,
549 1752 610 1805 et
647 1760 858 1803 omnes
897 1739 1185 1801 Judaeos
1225 1740 1340 1819 qui
1365 1742 1642 1821 suerunt
1679 1761 1821 1803 oum
1856 1760 1954 1815 εο,
2012 1750 2073 1803 et
2104 1739 2299 1803 Chal·

200 1840 400 1918 daeoe,
455 1849 600 1904 tum
641 1842 814 1903 viros
868 1860 948 1903 ex
996 1840 1278 1911 sichem,
1338 1860 1420 1902 ex
1472 1839 1801 1904 Solzilunte
1843 1849 1904 1903 et
1952 1842 2259 1905 Samaria
2280 1865 2301 1904 .·

197 1939 382 2002 deeem
420 1951 637 2005 tamen
681 1942 809 2003 viri
846 1940 1087 2002 inventi
1122 1946 1274 2001 sunt
1313 1942 1479 2003 inter
1520 1962 1623 2003 eos
1636 1988 1653 2017 ‚
1708 1941 1821 2021 qui
1865 1941 2173 2026 dixerunt
2214 1942 2304 2004 ad

198 2039 552 2115 Ismaelem,
602 2062 679 2103 ne
717 2041 974 2114 occidas·
1019 2060 1161 2115 nos,
1216 2041 1371 2120 quia
1409 2048 1559 2104 aunt
1595 2042 1774 2103 nobie
1825 2040 2198 2104 abscondita
2232 2044 2303 2103 in

200 2158 369 2221 aym,
423 2143 649 2205 tritica
682 2149 744 2203 et
777 2141 1045 2216 hordea,
1100 2148 1161 2202 et
1197 2138 1406 2202 oleum
1440 2147 1501 2203 et
1541 2140 1697 2217 mel,
1749 2140 1891 2201 ideo
1940 2142 2159 2203 omisit
2198 2162 2303 2203 eos

203 2259 298 2301 nec
340 2245 617 2305 ocoidit“
673 2244 851 2303 XL1=
914 2248 941 2301 1
989 2242 1066 2301 ad
1100 2244 1170 2319 83
1223 2260 1334 2319 per
1367 2242 1520 2303 haec
1554 2243 1857 2301 Historica
1892 2245 1953 2300 in
1989 2259 2171 2301 sensu
2204 2245 2299 2301 in-

202 2346 351 2402 terno
380 2345 735 2406 describitur
772 2344 1070 2404 damnatio
1109 2360 1314 2402 eorum
1352 2345 1453 2420 qui
1488 2342 1867 2420 prophanant
1901 2348 2111 2401 sancta
2124 2361 2141 2418 3
2192 2359 2303 2418 per

209 2439 490 2504 Gedaliam
534 2451 687 2506 enim
705 2491 724 2521 ,
781 2463 956 2522 quem
993 2463 1100 2504 rex
1150 2442 1399 2503 Babelis
1446 2444 1816 2520 praefectum
1851 2444 1993 2502 fecit
2026 2444 2087 2500 in
2121 2449 2299 2514 terra,

207 2546 262 2598 et
282 2560 382 2618 per
405 2545 668 2608 Judaeos
707 2549 810 2623 qui
843 2547 1084 2605 fuerunt
1129 2562 1265 2603 cum
1302 2560 1374 2602 eo
1387 2588 1406 2618 ,
1463 2560 1534 2602 ae
1569 2561 1681 2620 per
1716 2541 2087 2612 ChaldaeoS,
2140 2545 2301 2603 viros

207 2657 274 2700 ex
315 2642 574 2717 Sichem,
638 2665 712 2706 ex
761 2645 1073 2706 Schilunte
1123 2651 1182 2703 et
1234 2643 1537 2718 Samaria,
1600 2642 2015 2719 intelliguntur
2059 2642 2147 2701 illi
2174 2681 2176 2683 ·
2200 2645 2303 2719 qui

201 2744 584 2820 prophanant,
636 2764 707 2806 ac
759 2749 821 2804 in
869 2761 1052 2805 sensu
1089 2744 1391 2804 abstracto
1442 2747 1631 2804 omnis
1674 2746 1912 2820 generis
1949 2743 2300 2820 prophana-

200 2844 402 2920 tiones‚
456 2865 600 2904 nam
649 2866 755 2907 rex
807 2845 1052 2904 Babelis
1104 2845 1403 2908 significat
1466 2844 2001 2922 prophanationem
2048 2843 2189 2902 boni
2244 2851 2305 2903 et

199 2946 334 3019 veri3
386 2947 687 3007 damnatio
744 2964 943 3007 eorum
1353 2963 1374 3002 ι·
1407 2963 1519 3024 per
1558 2945 1716 3021 quod
1771 2946 1954 3004 occisi
1990 2946 2135 3018 sint,
2190 2963 2303 3021 per

200 3045 367 3103 occidi
400 3050 560 3106 enim
595 3049 943 3124 significatu]
1353 3064 1395 3102 er
1437 3045 1655 3119 occidi,
1694 3045 1972 3104 videatur
2006 3062 2077 3103 n:
2122 3046 2299 3119 3153
2412 3053 2415 3056 ’

200 3158 297 3217 per
331 3147 534 3208 decem
574 3154 775 3208 autem
809 3151 1002 3221 virne,
1062 3158 1162 3221 qui
1199 3153 1477 3204 dixerunt
1512 3145 1588 3203 ad
1621 3145 1972 3219 Ismae'lem‚
2022 3161 2097 3203 ne
2137 3146 2301 3204 occi-

201 3241 294 3302 das
326 3264 459 3323 nos‚
521 3251 662 3324 quia
699 3254 844 3308 sunt
878 3246 1050 3306 nobis
1087 3246 1445 3305 abscondita
1477 3248 1539 3304 in
1568 3263 1712 3321 agro
1749 3248 1946 3305 tritica
1982 3250 2043 3304 et
2074 3243 2304 3303 hordea

200 3349 250 3399 et
284 3345 470 3406 oleum
511 3355 570 3407 et
612 3348 731 3407 mel
743 3374 773 3422 ,⁷
797 3346 1211 3422 intelliguntur
1245 3344 1333 3403 illi
1373 3349 1474 3422 qui
1514 3362 1632 3404 non
1666 3345 2121 3421 prophanarunt
2155 3360 2301 3401 san·

200 3448 283 3499 cta
312 3444 637 3522 Eccleeiae‚
680 3451 819 3523 quia
856 3448 978 3507 illis
1017 3446 1242 3505 bonum
1281 3452 1341 3505 et
1381 3463 1586 3505 verum
1623 3447 1783 3504 intus
1822 3452 1944 3516 est,
2000 3444 2104 3516 qui
2146 3443 2301 3499 enim

197 3545 583 3622 prophanam,
635 3549 758 3607 illis
795 3547 951 3606 nihil·
981 3547 1122 3605 boni
1159 3550 1218 3605 et
1254 3549 1384 3604 veri
1425 3548 1585 3604 intus
1623 3551 1733 3617 est,
1774 3541 1885 3600 sed
1918 3540 2094 3599 modo
2133 3546 2303 3599 extra

199 3655 314 3700 cum
351 3644 680 3724 loquuntur
717 3654 778 3708 et
809 3647 1192 3725 praedicant,
1251 3652 1315 3703 at
1350 3647 1469 3704 illis
1508 3647 1608 3720 qui
1644 3661 1759 3703 non
1794 3641 2173 3720 prophanant
2209 3647 2301 3699 est

196 3736 401 3804 bonum·
444 3753 506 3806 et
553 3766 763 3808 verum
824 3751 1024 3806 intus:
1101 3747 1219 3806 hoc
1271 3746 1625 3821 intelligitur
1678 3760 1790 3821 per
1842 3742 1999 3819 quod
2046 3740 2303 3800 dixerint

199 3854 318 3901 esse
351 3845 468 3906 illis
519 3848 870 3909 abscondita
916 3850 976 3905 in
1027 3865 1172 3923 agro
1227 3847 1455 3919 tritioa,
1510 3844 1767 3917 hordea,
1824 3842 2022 3902 oleum
2060 3848 2120 3900 et
2162 3832 2301 3917 mel,

197 3954 295 4013 per
323 3947 511 4006 tritica
548 3954 609 4007 et
641 3948 871 4009 hordea
905 3947 1317 4024 significantur
1351 3945 1514 4004 bona
1556 3949 1615 4003 et
1650 3961 1797 4003 vera
1833 3945 2065 4002 externi
2101 3942 2299 4002 homi-

194 4040 306 4110 nis,
335 4063 442 4120 per
477 4049 675 4108 oleum
704 4047 1072 4126 significatur
1099 4047 1320 4106 bonum
1358 4045 1582 4104 interni
1610 4044 1895 4117 homini-⁶3,
1938 4051 1999 4102 et
2033 4062 2143 4121 per
2179 4043 2299 4103 mel

198 4137 310 4212 ejlffl
337 4145 692 4224 jucundum,
749 4167 861 4226 per
901 4147 1108 4208 decem
1153 4149 1315 4207 viros
1371 4146 1783 4222 significantur
1830 4161 2036 4204 omnes
2073 4143 2160 4204 illi
2199 4146 2300 4218 qui

198 4237 328 4300 tales
366 4256 532 4326 sunt,
571 4267 709 4311 nam
745 4251 952 4310 decem
983 4247 1320 4327 significant
1360 4262 1571 4306 omnes
1618 4253 1677 4307 et
1720 4247 1943 4320 omnia;
1998 4263 2108 4322 per
2140 4243 2301 4319 quod
