2791 4778
395 350 625 408 CAPUT
665 350 981 432 SEXTUM.
1735 349 1950 408 VERS:
1992 360 2081 412 10.
2243 355 2351 420 359

394 511 555 571 393.
635 511 714 569 Et
762 508 1099 570 clamabant
1147 522 1293 569 voce
1341 526 1592 587 magna,
1648 509 1807 586 quod
1849 510 2145 588 significet
2177 512 2349 574 dolo-

250 629 362 671 rem
396 612 579 670 animi
616 628 840 684 eorum,
885 617 1119 670 constat
1153 628 1228 669 ex
1265 609 1697 687 significatione
1733 609 2027 685 clamare,
2081 612 2239 689 quod
2273 616 2354 674 sit

247 712 402 771 dolor
434 713 621 770 animi
658 712 1014 785 vehemens,
1086 713 1225 788 quia
1275 710 1377 772 ille
1430 728 1496 770 se
1546 711 1891 771 manifestat
1924 729 2034 789 per
2074 711 2350 774 clamoris

246 831 438 872 sonum
494 815 558 871 in
609 811 877 889 loquela,
937 829 1119 888 quare
1178 813 1356 870 etiam
1409 811 1632 869 clamor
1682 814 1743 870 in
1795 812 1996 873 Verbo
2059 815 2352 889 significat

245 914 533 974 dolorem:
591 915 781 971 onmis
820 916 996 971 etiam
1034 913 1265 972 affectio
1294 915 1423 969 sive
1459 914 1538 971 sit
1574 911 1793 971 doloris
1829 915 1957 972 sive
1995 914 2223 991 gaudii,
2278 932 2346 974 se

244 1017 452 1074 exserit
497 1030 615 1090 per
666 1030 873 1089 son05,
939 1020 1000 1072 et
1047 1014 1219 1072 ideae
1270 1013 1644 1088 cogitationis
1697 1031 1806 1090 per
1854 1031 2036 1074 voces
2072 1016 2132 1072 in
2167 1031 2345 1092 son03

240 1114 362 1173 inde
418 1122 521 1174 est
575 1114 735 1189 quod
795 1131 978 1174 sonus
1038 1117 1100 1172 in
1151 1112 1392 1189 loquela
1452 1113 1789 1172 manifestet
1851 1114 2177 1174 affectionis
2227 1123 2349 1175 tarn

242 1215 404 1291 quale
458 1232 643 1290 quam
701 1223 1016 1290 quantum,
1092 1222 1151 1273 et
1212 1214 1324 1272 hoc
1376 1215 1434 1270 in
1488 1213 1706 1272 mundo
1770 1216 2069 1289 spirituali
2127 1215 2348 1275 clarius

244 1333 405 1390 quam
475 1318 542 1374 in
595 1315 821 1376 mundo
883 1315 1185 1385 naturali,
1285 1333 1356 1372 ex
1425 1330 1611 1373 causa
1677 1317 1814 1389 quia
1874 1315 1955 1373 ibi
2012 1315 2347 1394 producere

241 1415 377 1474 alias
418 1415 804 1488 affectiones,
858 1433 1034 1491 quani
1085 1434 1239 1491 quae
1292 1422 1433 1473 sunt
1474 1417 1754 1491 propriae
1791 1420 2033 1491 mentis,
2101 1434 2219 1476 non
2267 1417 2345 1476 li-

240 1523 347 1588 cet,
427 1524 805 1593 quapropter
849 1516 931 1575 ibi
985 1518 1237 1593 quisque
1289 1517 1534 1592 sapiens
1582 1524 1784 1591 potest
1834 1518 2039 1576 audire
2090 1524 2150 1576 et
2199 1535 2346 1596 per-

240 1618 427 1692 cipere
507 1617 754 1675 alterius
811 1616 1183 1676 affectionem
1252 1616 1446 1675 solum
1480 1629 1583 1675 'ex
1652 1616 1894 1694 loquela
1948 1619 2108 1695 ejus,
2188 1618 2347 1695 quod

241 1719 360 1774 soni
408 1719 533 1775 sint
576 1717 904 1775 affectionis
956 1724 1015 1775 et
1066 1733 1247 1776 voces
1300 1718 1420 1775 sint
1454 1717 1724 1777 idearum
1773 1721 2146 1795 cogitationis
2184 1718 2346 1795 apud

241 1819 481 1894 spiritus
533 1825 593 1875 et
648 1818 928 1893 angeloS,
993 1817 1267 1875 videatur
1328 1819 1388 1875 in
1452 1816 1649 1894 Opere
1706 1818 1781 1879 de
1844 1819 2044 1879 Conno
2100 1837 2178 1878 ΕΤ
2230 1817 2341 1878 ΙΝ·

240 1935 429 1976 rssnno
484 1936 553 1977 n:
612 1921 784 1993 2413
848 1926 911 1977 et
962 1936 1147 1995 supra
1194 1936 1261 1976 n:
1309 1920 1469 1978 323.
1556 1918 1731 1995 Quod
1780 1919 2039 1980 clamare
2090 1929 2149 1980 et
2212 1919 2339 1980 cla-

242 2036 358 2077 mor
410 2022 474 2077 in
525 2018 728 2077 Verbo
778 2018 1073 2094 significet
1123 2018 1421 2093 dolorem,
1477 2025 1710 2077 constat
1757 2038 1828 2079 ex
1881 2020 2154 2096 pluribus
2194 2021 2345 2081 locis

241 2120 344 2193 ibi,
399 2136 474 2177 ex
522 2119 736 2195 quibus
774 2118 966 2178 solum
1005 2119 1142 2179 volo
1192 2119 1402 2177 afferre
1447 2118 1604 2177 hunc
1650 2119 1813 2196 apud
1846 2120 2087 2196 Esajam
2137 2117 2341 2194 „Ola-

242 2219 431 2280 mavit
469 2217 817 2279 Cheechbon
848 2224 909 2278 et
938 2216 1232 2293 Elealeh,
1289 2236 1485 2296 usque
1518 2217 1608 2277 ad
1633 2217 1955 2279 Jahazam
1981 2218 2213 2279 audita
2245 2227 2342 2280 est

244 2339 359 2381 vox
385 2339 596 2381 eorum
611 2364 627 2389 ,
661 2323 998 2400 'propterea
1028 2319 1271 2381 armati
1295 2317 1516 2379 Moabz‘
1548 2319 2079 2400 vomferabuntur,
2117 2318 2340 2380 anima

252 2421 377 2502 ejus
417 2440 606 2501 aegra
641 2420 763 2481 erit
808 2422 966 2482 sibi.-
1019 2440 1126 2482 cor
1157 2440 1361 2482 meam
1399 2440 1590 2500 super
1615 2420 1843 2483 Moabo
1881 2417 2143 2492 clamat,
2196 2439 2349 2481 nam

252 2520 649 2582 circumdedit
695 2520 935 2583 clamor
976 2523 1316 2583 ter-mirmm
1362 2521 1610 2597 Moabi,
1688 2542 1882 2602 usque
1931 2521 2021 2582 ad
2071 2519 2350 2602 Eylaz‘m

246 2621 512 2704 ejulatus
565 2622 754 2704 eju8“
808 2624 961 2682 XV:
1014 2627 1075 2682 4.
1129 2627 1187 2684 5.
1244 2625 1303 2682 8.
1387 2623 1546 2698 Quia
1581 2624 1804 2683 clamor
1838 2625 2129 2700 significat
2173 2622 2344 2680 dolo-

245 2741 378 2798 rem,
427 2724 564 2783 inde
623 2733 934 2801 receptum
985 2731 1078 2784 est
1129 2725 1329 2783 dicere
1379 2724 1639 2783 clamare
1692 2725 1767 2782 ad
1815 2725 2046 2796 Deum,
2109 2723 2345 2800 quando

244 2823 401 2883 dolor
449 2826 644 2882 animo
710 2833 832 2894 est,
913 2834 977 2882 ut
1025 2825 1185 2901 apud
1237 2826 1480 2902 Esajam
1548 2824 1707 2900 Cap:
1772 2822 1956 2885 XIX:
2015 2829 2122 2884 20.
2182 2824 2342 2902 Cap:
2386 2831 2545 2894 [582]

242 2921 445 2985 XXX:
503 2927 613 2983 19.
682 2914 843 3001 Cap:
883 2924 1086 2986 LXV:
1146 2929 1254 2984 19.
1345 2925 1529 3000 Apud
1571 2925 1896 2985 Jeremiam
1956 2926 2111 3005 Cap:
2155 2926 2343 2987 XIV:

248 3027 313 3100 23
367 3032 429 3085 et
468 3025 629 3084 alibi.
712 3025 885 3100 Quod
923 3025 1162 3085 Clamor
1204 3028 1265 3084 in
1308 3025 1514 3084 Verbo
1563 3026 1795 3085 dicatur
1841 3028 1914 3087 de
1965 3031 2146 3087 variis
2193 3027 2341 3087 affe—

243 3125 558 3198 ctionibus,
613 3133 683 3185 ut
726 3125 801 3185 de
849 3126 1271 3185 lamentatione
1324 3129 1636 3202 interiore,
1702 3127 1778 3186 de
1800 3129 2234 3205 imploratione
2286 3135 2346 3186 et

242 3226 676 3306 supplicatione
706 3244 779 3285 ex
814 3227 1168 3302 indolentia,
1210 3227 1282 3286 de
1320 3229 1784 3304 contestatione,
1836 3237 1895 3288 et
1921 3230 2343 3306 indignatione,

243 3325 308 3386 de
357 3328 766 3399 confessione,
833 3327 908 3386 de
946 3328 1416 3404 supplicatione,
1474 3335 1535 3386 et
1580 3346 1816 3404 quoque
1867 3331 1939 3388 de
1979 3330 2345 3387 exultatione

241 3433 296 3485 et
342 3429 412 3487 de
460 3427 626 3499 aliis,
692 3427 963 3486 videatur
1015 3430 1074 3486 in
1134 3429 1411 3488 AncANrs
1472 3428 1921 3497 connnsvrmus,
1990 3447 2061 3485 n:
2128 3429 2340 3485 2240.

248 3530 446 3588 2821.
501 3531 716 3588 4779.
773 3531 980 3588 5016.
1042 3531 1252 3588 5018.
1310 3530 1523 3591 5027.
1585 3529 1794 3586 5323.
1862 3527 2069 3586 5365.
2123 3527 2340 3584 5870.

246 3629 443 3688 6661.
508 3630 716 3688 6802.
774 3630 983 3689 6862.
1044 3632 1253 3688 7116.
1320 3631 1528 3713 7i42.
1586 3608 2022 3686 61796363.
2077 3626 2288 3683 9202.

386 3731 548 3788 394.-
604 3728 895 3788 Dicentes
944 3746 1134 3804 usque
1173 3748 1289 3805 quo
1326 3729 1612 3795 Domine,
1668 3728 1768 3801 qui
1817 3725 2076 3786 Sanctus
2118 3731 2178 3783 et
2211 3723 2341 3783 Ve-

242 3845 360 3901 rus,
414 3847 534 3887 non
564 3829 808 3905 judicas
848 3837 908 3888 et
944 3830 1212 3888 vindicas
1260 3831 1608 3905 sanguinem
1647 3834 1909 3886 nostrum
1947 3827 2022 3886 de
2063 3825 2343 3886 habitan-2

243 3927 387 3987 tibus
415 3946 604 4006 super
638 3935 827 4003 terra,
895 3931 1053 4007 quod
1091 3930 1384 4007 significet
1427 3930 1688 4005 suspiria
1726 3928 1802 3986 ad
1836 3928 2185 4000 Dominum,
2242 3929 2346 4003 qui

241 4025 514 4105 Justitia,
570 4029 643 4088 de
673 4030 900 4106 judicio
940 4038 1000 4090 et
1032 4034 1359 4090 remotione
1395 4029 1631 4088 illorum
1670 4031 1770 4104 qui
1804 4033 2247 4106 persequuntur
2285 4033 2345 4086 et

241 4127 511 4189 infestant
566 4131 701 4189 illos
756 4133 857 4207 qui
907 4132 1259 4208 profitentur
1295 4131 1619 4190 Dominum
1672 4137 1731 4189 et
1772 4119 1838 4188 'in
1876 4130 2183 4189 charitatis
2220 4129 2346 4187 vita

245 4238 393 4301 sunt,
447 4237 682 4292 constat
724 4248 793 4290 ex
846 4232 1275 4308 significatione
1316 4216 1575 4290 clamare
1632 4239 1690 4290 et
1740 4231 1937 4292 dicere
1988 4248 2179 4308 usquo
2224 4247 2343 4305 quo
