2791 4778
404 393 635 449 CAPUT
689 392 1034 460 QUINTUM.
1795 392 1972 447 VERs
1990 414 2002 446 z
2049 406 2103 455 9.
2262 407 2367 457 131

247 563 461 630 tuam,
504 561 562 615 et
589 572 800 614 omnes
834 553 1048 632 Reyes
1071 548 1352 631 yloriam
1379 553 1603 612 tuam“
1647 552 1852 612 LXII:
1889 557 1923 612 2
1940 574 1958 629 3
1993 556 2056 613 in
2088 554 2183 613 his
2219 555 2371 615 locis

250 674 369 715 non
407 656 767 732 conjunctim
806 654 1083 712 dicuntur
1119 659 1331 728 gentes
1370 659 1430 711 et
1463 652 1707 728 populi,
1748 654 1857 711 sed
1891 671 2083 730 usque
2119 657 2179 713 in
2213 656 2370 716 binis
2411 669 2573 734 [430]

244 758 474 815 ultimis
527 755 753 814 Gentes
795 762 855 812 et
888 754 1086 830 Reges
1101 797 1120 827 ‚
1178 755 1320 828 quia
1371 771 1480 828 per
1514 753 1714 829 Reges
1769 754 2140 830 significatur
2174 756 2370 817 simile

246 857 406 933 quod
442 874 556 932 per
579 855 866 930 PopuIOS‚
907 871 1123 930 nempe
1158 853 1242 910 illi
1281 856 1382 929 qui
1412 856 1471 910 in
1497 855 1654 912 veris
1683 862 1844 931 sunt,
1883 855 2158 914 videatur
2185 873 2373 933 supra

244 977 316 1016 n:
363 960 486 1033 313
546 963 605 1013 et
643 957 780 1031 quia
815 973 926 1031 per
965 954 1190 1013 Gentes
1228 954 1637 1029 significantur
1673 954 1757 1014 illi
1796 957 1896 1031 qui
1933 957 1991 1012 in
2025 955 2181 1015 bono
2211 963 2368 1032 sunt,

246 1067 303 1118 et
339 1077 452 1134 per
487 1057 690 1131 Reges
726 1056 812 1114 illi
850 1059 952 1130 qui
986 1057 1045 1111 in
1080 1057 1238 1113 veris
1250 1098 1265 1127 ‚
1322 1054 1458 1112 ideo
1514 1054 1587 1112 de
1629 1053 1920 1114 Gentibus
1959 1047 2175 1115 dicitur
2210 1057 2373 1133 quod

243 1160 538 1219 videbunt
565 1157 854 1232 justitiam
886 1163 1065 1227 tuam,
1106 1162 1165 1222 et
1201 1154 1274 1211 de
1303 1153 1572 1231 Regibus
1614 1156 1773 1231 quod
1802 1156 2086 1215 videbunt
2119 1156 2372 1250 gloriam

243 1269 438 1334 tuam,
493 1259 730 1335 justitia
773 1259 834 1315 in
875 1254 1073 1315 Verbo
1128 1255 1343 1313 dicitur
1394 1256 1467 1313 de
1508 1255 1692 1329 bone,
1748 1264 1807 1314 et
1841 1257 2032 1333 gloria
2088 1256 2163 1316 de
2201 1275 2367 1317 vero:

243 1361 404 1437 quod
451 1359 710 1420 Justitia
770 1360 828 1415 in
882 1355 1085 1415 Verbo
1142 1356 1374 1414 dicatur
1438 1356 1511 1414 de
1558 1355 1779 1415 Divino
1831 1356 2029 1431 Bone,
2096 1358 2373 1418 videatur

249 1481 317 1520 n:
361 1460 578 1519 2235.
620 1460 838 1516 9857:
897 1464 956 1515 et
993 1456 1153 1531 quod
1192 1456 1397 1515 Gloria
1446 1456 1520 1515 de
1556 1457 1776 1515 Divino
1814 1457 2006 1533 Ver0‚
2047 1477 2113 1517 n:
2157 1461 2372 1520 4809.

249 1564 463 1621 5922.
508 1564 718 1620 8267.
760 1560 973 1616 8427.
1020 1559 1230 1615 9429.
1285 1557 1379 1615 Ex
1416 1559 1698 1633 opposito
1754 1575 1937 1618 sensu
1987 1559 2187 1618 adhuc
2223 1575 2369 1618 con-

245 1670 403 1723 stare
430 1667 658 1739 potest,
692 1658 849 1733 quod
862 1658 1075 1734 Populi
1104 1658 1435 1733 significent
1461 1657 1597 1717 illos
1628 1661 1729 1734 qui
1754 1662 1812 1716 in
1829 1662 2009 1731 veris,
2039 1676 2110 1719 ac
2142 1657 2373 1720 Gentes

245 1763 376 1821 illos
414 1765 525 1839 qui
559 1763 618 1819 in
647 1760 833 1832 bone,
875 1777 1009 1815 nam
1045 1753 1107 1817 in
1141 1758 1243 1817 illo
1279 1776 1465 1819 sensu
1492 1757 1709 1835 Populi
1744 1759 2079 1835 significant
2104 1760 2241 1819 illos
2270 1761 2376 1835 qui

247 1867 303 1921 in
350 1864 557 1934 falsiS,
615 1867 677 1918 et
725 1858 951 1923 Gentes
1004 1858 1139 1916 illos
1204 1861 1304 1933 qui
1364 1862 1424 1917 in
1460 1860 1670 1934 malis3
1724 1868 1791 1918 ut
1834 1862 1895 1917 in
1943 1860 2369 1936 sequentibu83

243 1964 401 2039 apud
435 1962 687 2038 Esajam
727 2003 764 2032 „
776 1957 1032 2018 Asohur
1071 1958 1260 2039 virya
1303 1959 1443 2020 irae
1477 1979 1667 2032 meae,
1715 1967 1932 2021 contra
1961 1958 2222 2022 Gentem
2246 1959 2368 2040 hy-

238 2063 624 2142 pocriticam
664 2059 920 2119 mittam
954 2056 1175 2136 illum,
1219 2066 1279 2120 et
1320 2068 1539 2122 contra
1564 2058 1888 2139 Populum
1913 2060 2371 2122 eavcandesoen-

246 2165 373 2223 tiae
408 2180 588 2223 meae
629 2158 941 2220 mandabo
981 2157 1219 2221 τ’ΖΖιιπια
1273 2162 1361 2220 X:
1411 2164 1466 2221 5.
1515 2166 1571 2221 6.
1627 2162 1809 2237 Apud
1843 2162 2116 2220 Eundem
2165 2206 2205 2236 ‚,
2228 2160 2370 2224 Vox

248 2261 689 2325 inuititudinis
725 2260 794 2320 in
820 2260 1152 2336 montibus,
1200 2279 1324 2322 vox
1352 2261 1666 2323 tumultus
1700 2279 2037 2339 reynerum
2067 2259 2374 2321 Gentium

248 2368 814 2444 conyreyatarum;
866 2361 1122 2422 veniunt
1170 2381 1203 2421 e
1245 2367 1415 2423 terra
1455 2359 1980 2442 lonqinquitatise,
2034 2361 2113 2422 ab
2155 2365 2366 2422 eoetre-

253 2465 473 2525 mitate
505 2460 812 2525 coelorum
828 2509 841 2536 ,
892 2461 1175 2523 Jelzovalz
1213 2483 1355 2525 cum
1394 2463 1574 2524 vasis
1602 2463 1739 2522 irae
1781 2481 1936 2529 suae
1975 2461 2066 2523 ad
2091 2459 2369 2541 perden-

263 2563 415 2624 dum
449 2583 683 2624 omnem
722 2566 1004 2624 terram“
1050 2564 1235 2623 XIII:
1280 2568 1341 2624 4.
1390 2567 1450 2623 5.
1509 2563 1692 2639 Apud
1725 2562 1996 2621 Eundem
2033 2560 2368 2638 „Jehovah

250 2664 602 2742 percutiens
637 2662 921 2744 Populos
960 2662 1166 2745 playa
1204 2683 1327 2724 non
1373 2662 1674 2738 amabili,
1712 2662 2050 2724 dominans
2085 2682 2228 2725 oum
2266 2661 2374 2723 ira

262 2763 612 2825 &maiust
644 2765 816 2824 XIV:
864 2770 922 2825 6.
974 2766 1157 2841 Apud
1193 2766 1461 2824 Eundem
1496 2764 1610 2839 „A
1649 2783 1788 2825 voce
1827 2762 2144 2827 tumultus
2183 2763 2373 2825 divd-

249 2872 479 2943 ρωπίαν
501 2862 757 2944 Populi,
798 2873 856 2926 et
877 2884 1034 2944 prae
1059 2862 1435 2926 celsitudine
1461 2869 1576 2926 tua
1602 2863 2058 2946 disperyantur
2086 2862 2369 2927 Gentes«

250 2967 560 3025 XXXIII:
604 2968 667 3024 3.
725 2967 905 3041 Apud
941 2966 1271 3024 Jeremiam
1327 2964 1553 3040 „Ecce
1590 2962 1885 3044 Populus
1922 2965 2091 3028 venit
2129 2984 2162 3024 e
2198 2973 2371 3028 terra

248 3065 712 3146 cfftentrioniffi
741 3070 799 3124 et
829 3064 1001 3126 Gens
1027 3084 1265 3145 magna
1294 3066 1679 3126 excitabitur
1703 3084 1783 3125 eoe
1812 3062 2118 3128 lateribus
2143 3071 2367 3141 terrae,

245 3185 468 3227 arcum
491 3173 554 3227 et
587 3165 845 3226 hastam
859 3165 1276 3246 prehendunt,
1313 3164 1591 3226 crudeli-9
1619 3162 1758 3241 illa,
1791 3185 1898 3226 nec
1923 3165 2364 3229 miserantur-“⁹

248 3266 361 3326 VI:
426 3272 542 3327 22.
607 3269 715 3326 23.
805 3268 980 3343 Apud
1028 3265 1408 3325 Ezechielem
1473 3265 1680 3340 „Non
1730 3266 1961 3329 audire
1999 3273 2076 3328 te
2109 3267 2369 3347 faciam

248 3367 528 3448 amplius
588 3363 979 3427 calumniam
1020 3365 1351 3441 Gentium,
1420 3373 1479 3426 et
1527 3368 1928 3446 opprobrium
1970 3365 2374 3445 Populorum

246 3487 363 3529 non
391 3467 691 3548 portabis·
715 3465 1047 3548 ampliu8“
1088 3465 1398 3526 XXXVI:
1432 3467 1537 3525 15.
1577 3468 1757 3544 Apud
1783 3467 2081 3525 Davidem
2117 3463 2371 3539 „Portis

248 3569 357 3627 nes
379 3567 789 3649 proverbium
828 3569 996 3629 inter
1043 3566 1302 3639 Germe,
1358 3566 1694 3626 motionem
1735 3563 1988 3644 Capitis
2028 3563 2195 3625 inter
2229 3562 2365 3624 Po-

242 3665 478 3745 pul08“
530 3668 768 3727 Psalm:
806 3669 1039 3728 XLIV:
1081 3670 1195 3727 15:
1250 3674 1310 3727 et
1346 3668 1508 3744 apud
1541 3666 1811 3726 Eundem
1851 3662 2183 3740 „Jehovah
2210 3662 2370 3725 irri-

250 3773 380 3827 tum
415 3767 636 3829 reddit
674 3766 1013 3829 consilium
1055 3767 1384 3838 Gentium,
1436 3767 1740 3829 subvertit
1779 3763 2193 3845 ooyitationes
2230 3763 2367 3826 Po-

249 3865 587 3943 puloram“‘
657 3870 891 3928 Psalm:
948 3869 1259 3929 XXXIII:
1333 3871 1420 3927 10
1441 3888 1457 3944 ;
1503 3870 1591 3925 -in
1648 3869 1741 3928 his
1799 3867 1946 3926 locis
1983 3867 2202 3943 Populi
2257 3884 2369 3944 pro

251 3966 360 4026 illis
399 3973 500 4045 qui
529 3978 737 4027 contra
762 3987 910 4027 vera
938 3969 1251 4029 Ecclesiae
1288 3969 1618 4046 spiritualis
1657 3976 1813 4044 sunt,
1852 3971 1937 4028 ita
1967 3971 2066 4044 qui
2093 3970 2153 4026 in
2179 3969 2367 4042 salsiS,

256 4074 313 4124 et
349 4068 571 4128 Gentes
610 4088 718 4146 pro
754 4069 872 4129 illis
922 4072 1023 4146 qui
1071 4077 1278 4130 contra
1325 4070 1483 4128 bona
1517 4069 1827 4130 Ecclesiae
1879 4070 2160 4129 coelestis
2210 4073 2367 4141 sunt,

251 4168 331 4224 ita
382 4173 480 4243 qui
531 4174 591 4227 in
627 4171 816 4228 maliS.
883 4171 1052 4230 Haec
1102 4188 1337 4247 quoque
1386 4171 1793 4244 significantur
1847 4188 1958 4246 per
1992 4168 2259 4244 Populos
2309 4172 2370 4223 et

1829 4274 1863 4328 9
1908 4264 1945 4302 a*
