2791 4778
380 381 614 438 CAPUT
655 380 1000 448 QUINTUM.
1814 378 1995 435 VERS
2012 403 2025 435 ι
2071 392 2123 441 6.
2282 392 2351 442 65

218 545 439 605 Altare
476 539 1002 621 repraesentabat,
1052 530 1225 598 omne
1269 541 1426 600 enim
1453 557 1663 603 verum
1698 550 1794 604 est
1830 561 1907 605 ex
1944 540 2135 618 bon03
2193 541 2356 619 quod

176 685 180 689 -
220 649 437 707 essent
462 648 724 721 quatuor
760 649 825 703 et
849 642 910 700 in
935 639 1186 717 singulis
1212 639 1502 717 Angulis,
1539 643 1913 721 significabat
1958 641 2121 719 quod
2148 648 2357 703 essent

218 764 334 824 pro
372 749 638 822 quatuor
661 743 859 821 plagis
893 742 956 800 in
983 739 1186 814 Coelo,
1224 759 1335 819 per
1371 759 1521 818 quas
1548 745 1959 821 significantur
1993 744 2194 802 omnia
2225 745 2357 802 veri

218 864 293 906 ex
329 846 516 905 bono.
587 842 886 920 Quoniam
926 857 1132 901 omnes
1185 842 1559 918 expiationes
1609 849 1671 904 et
1702 845 2153 923 purificationes
2201 842 2355 902 fiunt

218 964 331 1025 per
366 960 522 1004 vera
557 961 634 1003 ex
667 944 849 1012 bono,
898 939 1035 1001 ideo
1073 941 1433 1017 expiabatur
1467 960 1652 1024 super
1688 945 1989 1005 cornubus
2025 938 2350 1019 Altarium3

219 1063 470 1126 „super
497 1041 825 1105 Omnbus
849 1038 1078 1102 ‚Altarz’
1101 1040 1501 1120 suffimenti“
1529 1045 1720 1105 Exod:
1748 1045 1957 1107 XXX:
1995 1045 2103 1104 10.
2137 1042 2352 1104 Levit:

217 1146 332 1208 IV:
380 1151 442 1204 7:
499 1152 562 1205 et
615 1162 857 1224 „super
895 1139 1223 1203 O'ornuhua
1255 1139 1519 1205 Altaria
1559 1142 1964 1207 holocausti“
2012 1143 2206 1204 Levit:
2242 1143 2352 1203 IV:

226 1248 342 1307 25.
390 1247 506 1306 30.
550 1247 664 1306 34.
720 1243 883 1322 Cap:
924 1241 1112 1302 VIII:
1162 1244 1269 1302 15.
1325 1242 1494 1322 Cap:
1530 1245 1645 1306 IX:
1692 1248 1751 1305 9.
1810 1244 1968 1325 Cap:
2003 1243 2192 1305 XVI:
2238 1246 2348 1304 18.

218 1348 299 1407 Et
337 1347 486 1424 quia
521 1347 711 1406 omnis
740 1344 962 1405 Divina
991 1342 1214 1402 Tutela
1241 1349 1336 1404 est
1365 1362 1479 1423 per
1503 1363 1649 1407 vera
1685 1364 1757 1407 ex
1779 1347 1960 1417 bono,
2007 1345 2144 1407 ideo
2172 1346 2352 1405 etiam

227 1445 391 1526 „qui
425 1444 717 1525 fecerunt
754 1441 951 1518 maala,
993 1447 1055 1503 et
1093 1442 1443 1505 timum-unt
1485 1452 1773 1523 mortem,
1810 1444 2353 1527 apprehenderunt

225 1563 474 1606 cornua
506 1542 770 1621 altaris,
810 1550 870 1605 et
908 1544 1150 1605 servati
1185 1564 1265 1605 su
1345 1548 1383 1578 “
1426 1544 1644 1624 IReg:
1681 1547 1745 1608 I:
1800 1548 1908 1607 50.
1946 1548 2055 1607 51.
2096 1547 2204 1607 53:
2242 1546 2354 1607 sed

228 1690 269 1721 „
291 1645 409 1725 qui
431 1643 734 1706 meditato
768 1649 827 1706 et
864 1663 945 1706 ex
987 1640 1310 1706 voluntate
1342 1641 1587 1707 malum
1608 1647 1916 1727 fecerunt,
1953 1666 2078 1708 non
2112 1643 2354 1708 servati

225 1750 434 1808 &unffi
476 1746 509 1806 Ι
531 1745 695 1824 Reg:
729 1745 824 1806 11:
868 1748 954 1806 28
987 1745 1065 1804 ad
1098 1747 1209 1804 31.
1265 1746 1451 1805 Porro
1489 1750 1630 1824 quia
1666 1746 1904 1807 Cornua
1936 1747 2353 1824 significabant

225 1866 377 1909 vera
413 1867 491 1909 ex
519 1847 706 1923 bono,
742 1848 879 1906 ideo
918 1848 1126 1920 etiam,
1183 1863 1320 1906 cnm
1354 1847 1733 1924 ungebantur
1755 1848 1957 1925 Reges
1976 1891 1992 1922 ,
2027 1847 2213 1908 fiebat
2235 1847 2352 1908 hoc

223 1968 337 2027 per
376 1949 581 2010 oleum
617 1966 690 2008 ex
720 1947 955 2022 Cornu:
995 1945 1209 2025 „quod
1234 1945 1332 2007 ita
1365 1944 1604 2009 Unctus
1639 1947 1730 2008 sit
1753 1945 2040 2031 David“
2077 1948 2353 2009 videatur

222 2049 254 2109 1
291 2049 466 2110 Sam:
506 2049 686 2111 XVI:
734 2053 793 2107 1.
840 2048 961 2107 13:
1006 2055 1065 2107 et
1117 2045 1341 2126 „quod
1379 2046 1478 2109 ita
1510 2045 1832 2110 Salomo“
1866 2048 1898 2108 1
1926 2047 2349 2127 Reg21:39;

225 2151 425 2212 oleum
463 2148 840 2227 significabat
875 2147 1098 2207 bonum
1133 2149 1368 2209 amoris.
1438 2150 1530 2208 Ex
1562 2149 1675 2208 hac
1727 2149 2157 2228 significatione
2196 2148 2348 2208 Cor-

228 2262 441 2328 nuum,
500 2269 679 2329 quam
710 2250 959 2327 Antiqui
996 2257 1314 2323 noverunt,
1357 2258 1672 2329 receptum
1716 2251 1831 2310 suit
1874 2251 2074 2310 facere
2121 2266 2351 2310 cornua

227 2353 624 2429 germinantia
659 2359 721 2412 et
754 2351 1113 2429 fragrantia,
1169 2348 1305 2410 inde
1343 2367 1458 2412 vox
1498 2350 1894 2431 Cornucopia.

387 2456 550 2514 317.
617 2454 697 2512 Et
744 2452 976 2528 oculos,
1014 2459 1280 2528 septem,
1335 2452 1496 2529 quod
1541 2449 1840 2529 s1gnifi'cet
1886 2458 1945 2511 et
1982 2449 2096 2510 Cui
2138 2448 2345 2509 Omni-

235 2556 515 2629 scientia,
571 2559 807 2614 constat
840 2571 917 2611 ex
953 2552 1387 2628 significatione
1428 2552 1758 2612 Oculorum
1794 2559 2060 2630 septem,
2100 2567 2237 2610 cum
2274 2549 2348 2609 de

234 2653 525 2728 Domino,
582 2652 747 2730 quod
792 2655 910 2713 sint
945 2650 1403 2729 Omniscientia3
1460 2671 1571 2729 per
1607 2653 1817 2712 oculos
1856 2654 2042 2726 enim,
2100 2669 2238 2710 cum
2271 2649 2349 2711 de

234 2753 501 2824 homine,
538 2752 904 2831 significatur
928 2753 1303 2824 intellectuS,
1339 2771 1526 2831 quare
1562 2770 1701 2813 cum
1735 2753 1808 2813 de
1845 2753 2119 2828 Domine,
2158 2752 2345 2828 elgui-

231 2852 442 2913 ficatur
478 2853 937 2925 Omniscientia:
991 2853 1151 2931 quod
1189 2852 1382 2923 Oculi,
1429 2871 1563 2914 cum
1598 2852 1671 2914 de
1706 2854 1961 2929 homine,
2016 2851 2350 2929 signfficent

228 2954 617 3038 intellectum,
659 2960 738 3027 et,
772 2971 912 3015 cum
939 2954 1013 3013 de
1039 2955 1323 3028 Domin0,
1362 2949 1834 3029 Providentiam,
1872 2960 1940 3012 ut
1974 2960 2036 3012 et
2067 2953 2348 3012 Divinam

227 3052 598 3132 Sapientiam
637 3062 697 3115 et
730 3054 1230 3131 Intelligentiam,
1285 3072 1440 3132 quae
1487 3062 1580 3114 est
1623 3053 2081 3125 Omniscientia‚
2135 3052 2342 3112 videa-

226 3161 322 3213 tur
355 3173 545 3235 supra
580 3175 646 3215 n:
692 3159 719 3214 1
743 3158 860 3216 52:
903 3162 1140 3231 septem
1176 3155 1334 3215 oculi
1370 3155 1674 3232 dicuntur,
1714 3158 1855 3233 quia
1888 3161 2124 3231 septem
2158 3154 2347 3229 signi-

227 3254 403 3315 ficant
449 3259 677 3331 omnia,
737 3262 797 3315 et
829 3255 1258 3333 praedicantur
1294 3255 1367 3314 de
1408 3255 1664 3332 Sancto,
1709 3265 1773 3316 ut
1807 3273 2011 3333 supra.

376 3359 411 3418 3
431 3360 458 3415 1
481 3358 545 3416 8.
603 3355 722 3434 Qui
756 3364 898 3415 sunt
932 3362 1170 3433 septem
1204 3358 1451 3433 spiritus
1479 3358 1597 3416 Dei
1633 3358 1837 3418 emissi
1871 3359 1933 3414 in
1960 3371 2195 3413 omnem
2223 3359 2349 3412 ter·-

226 3473 378 3533 ram,
431 3456 601 3535 quod
635 3457 932 3533 significet
979 3456 1116 3516 inde
1175 3455 1364 3518 omnis
1415 3458 1717 3533 sapientia.
1768 3464 1829 3516 et
1863 3454 2256 3529 intelligentia
2287 3454 2350 3510 in
2389 3448 2548 3512 [386]

230 3554 408 3618 Coelo
438 3560 589 3617 etin
609 3558 903 3632 Ecclesia,
942 3564 1180 3617 constat
1207 3574 1282 3616 ex
1306 3557 1736 3633 significatione
1767 3560 2001 3631 septem
2031 3553 2351 3628 spirituum

230 3654 377 3728 Dei,
430 3658 595 3734 quod
626 3660 703 3717 sit
729 3658 1014 3717 Divinum
1042 3657 1273 3717 Verum
1312 3658 1647 3733 procedens
1691 3675 1728 3715 a
1770 3654 2057 3728 Domino,
2116 3651 2189 3711 de
2228 3668 2350 3729 qua

236 3769 508 3828 supran:
547 3757 704 3834 1833
741 3764 805 3817 et
831 3762 972 3835 quia
997 3751 1331 3835 significant
1358 3758 1644 3818 Divinum
1677 3757 1905 3816 Verum
1939 3753 2274 3830 procedens
2312 3772 2350 3813 a

236 3851 507 3928 Domino,
548 3859 728 3918 etiam
754 3859 1092 3935 significant
1119 3859 1402 3918 Divinam
1423 3858 1795 3936 Sapientiam
1823 3873 1935 3915 seu
1970 3852 2345 3915 Omniscien-

236 3952 414 4029 tiam3
466 3962 524 4014 et
563 3973 636 4016 ex
671 3958 1103 4036 significatione
1141 3962 1345 4019 emissi
1394 3961 1458 4034 in
1494 3976 1729 4018 omnem
1762 3964 2014 4031 terram,
2071 3954 2232 4034 quod
2268 3956 2350 4015 sit

160 4071 169 4080 ·
235 4050 393 4111 unde
417 4058 602 4115 omnis
619 4062 916 4137 sapientia
946 4065 1007 4118 et
1031 4058 1428 4136 intelligentia
1451 4062 1513 4118 in
1534 4058 1718 4119 Coelo
1749 4065 1809 4118 et
1835 4061 1897 4116 in
1913 4057 2207 4132 Ecclesia,
2236 4073 2348 4134 per

236 4154 423 4211 emitti
443 4157 806 4233 significatur
833 4162 1270 4234 communicari,
1303 4166 1361 4218 et
1386 4177 1497 4237 per
1527 4177 1763 4219 omnem
1790 4165 2014 4218 terram
2040 4156 2344 4233 significa-

232 4256 327 4309 tur
341 4252 609 4317 Ecclesia
635 4261 845 4319 tamin
867 4259 1066 4319 Coelis
1091 4277 1269 4336 quam
1287 4262 1347 4319 in
1373 4263 1569 4336 terriS,
1598 4259 1874 4320 videatur
1892 4274 2078 4335 supra
2098 4275 2152 4313 n:
2178 4257 2339 4312 304:

329 4369 758 4428 Sindos-horg.
806 4375 992 4428 Apocnl.
1025 4374 1136 4428 expl.
1173 4376 1234 4415 ΙΙ.
1993 4361 2025 4411 ἶ)
