2791 4778
361 361 596 417 CAPUT
629 362 941 418 SEXTUM.
1718 365 1928 420 VERS:
1973 374 2060 427 14.
2219 374 2325 427 427

225 521 583 599 significatur
618 522 894 581 ultimum
933 522 1239 583 ‚Iudicium
1269 539 1456 600 super
1490 524 1710 594 malos)
1763 526 1927 584 exire
1965 530 2024 581 et
2057 535 2325 599 pugnare

223 629 305 681 est
336 623 541 680 facere
581 623 918 692 Judicium‚
973 630 1031 682 et
1066 630 1278 699 gentes
1314 631 1453 682 sunt
1489 624 1664 699 mali3
1718 642 1829 700 per
1864 624 2105 682 stabunt
2138 624 2328 700 pedes

218 722 401 799 Ipsius
465 739 654 800 super
713 730 910 782 monte
958 724 1247 782 olivarum
1309 730 1447 782 ante
1498 725 1685 783 facies
1743 725 2199 801 Hierosolymae
2251 723 2326 782 ab
2370 723 2527 783 [626]

221 825 463 895 oriente,
523 824 894 898 significatur
929 825 1088 899 quod
1140 842 1213 882 ex
1252 825 1469 882 Divino
1505 818 1725 885 Amore
1764 843 1873 901 per
1913 826 2132 882 Divina
2168 825 2335 883 Vera

219 924 605 999 procedentia
632 941 703 982 ex
734 923 953 983 Divino
990 925 1158 983 Bono
1192 924 1429 1001 IpsiuS‚
1468 927 1818 984 mons‘enim
1851 925 2161 995 olivarum,
2198 942 2330 983 cum

218 1023 279 1082 de
302 1024 599 1097 Domino,
653 1023 946 1098 siguificat
985 1024 1267 1083 Divinum
1311 1025 1622 1098 Amorem,
1662 1025 2083 1102 Hierosolyma
2117 1023 2329 1083 Eccle-

219 1126 351 1181 siam
393 1123 604 1199 quoad
644 1142 819 1194 vera,
873 1132 933 1183 ct
970 1125 1108 1183 inde
1161 1115 1590 1184 Divina'Vera
1624 1126 1964 1198 Ecclesiae,
2023 1130 2083 1184 et
2133 1127 2330 1184 oriens

217 1223 497 1283 Divinum
545 1224 805 1299 Bonum3
865 1243 974 1300 per
1013 1223 1353 1283 diffindetur
1403 1242 1573 1283 mons
1624 1227 1945 1294 olivarum,
2010 1225 2329 1301 pars‘ejus

216 1341 416 1382 versus
458 1331 662 1382 ortum
700 1333 760 1382 et
801 1341 1015 1383 versus
1058 1343 1221 1383 mare
1260 1325 1421 1382 valle
1460 1343 1700 1401 magna,
1741 1325 2109 1401 significatur
2146 1342 2330 1401 sepa-

212 1426 351 1482 ratio
398 1424 643 1482 illorum
696 1427 896 1501 quiin
950 1425 1105 1483 bono
1155 1431 1297 1484 sunt
1346 1425 1421 1482 ab
1470 1424 1588 1483 illis
1638 1429 1739 1502 qui
1791 1428 1850 1484 in
1900 1425 2086 1497 male,
2161 1442 2331 1483 mons

213 1527 355 1582 enim
393 1525 728 1597 olivarum,
785 1532 848 1582 ut
886 1507 1143 1596 dictum,
1198 1533 1292 1585 est
1327 1526 1584 1584 Divinus
1623 1527 1837 1599 Amor,
1895 1535 2060 1583 ortus
2100 1533 2191 1584 est
2230 1526 2332 1583 ubi

210 1623 286 1681 illi
328 1628 431 1701 qui
488 1626 547 1682 in
596 1625 814 1684 Divino
862 1626 1048 1699 bonu,
1117 1633 1178 1686 et
1231 1643 1392 1683 mare
1443 1633 1536 1685 est
1596 1627 1700 1685 ubi
1745 1627 1834 1685 illi
1888 1627 1990 1702 qui
2041 1628 2100 1683 in
2152 1625 2326 1697 ma10‚

211 1742 360 1782 mare
412 1727 576 1784 enim
619 1727 678 1783 in
719 1726 898 1802 plaga
935 1726 1290 1785 occidentali
1333 1729 1394 1784 in
1434 1726 1665 1802 ‚Mundo
1716 1727 2016 1803 spirituali
2053 1734 2328 1803 separat3

211 1843 310 1900 per
356 1826 606 1885 recedet
660 1844 803 1902 pars
853 1829 1071 1886 montis
1123 1843 1334 1886 versus
1384 1831 1854 1903 septentrionem
1898 1834 1958 1885 et
1998 1844 2141 1905 pars
2197 1827 2327 1902 ejus

212 1943 417 1984 versus
470 1927 807 1999 meridiem,
891 1928 1258 2002 significat-ur
1304 1931 1603 2002 separatio
1657 1928 1896 1987 illorum
1945 1930 2046 2003 qui
2099 1931 2158 1986 in
2213 1928 2327 1986 sal-

211 2029 286 2085 sis
341 2027 487 2085 mali
544 2026 621 2084 ab
673 2027 790 2085 illis
829 2032 933 2104 qui
991 2030 1050 2085 in
1111 2031 1271 2086 veris
1320 2028 1490 2101 boni,
1565 2030 1895 2103 septentrio
1952 2036 2045 2085 est
2090 2028 2192 2085 ubi
2246 2028 2331 2086 illi

214 2129 310 2202 qui
353 2129 417 2185 in
469 2127 636 2186 falsis
676 2127 843 2201 mali,
901 2130 1040 2203 quia
1083 2130 1143 2186 in
1180 2128 1470 2199 tenebris,
1530 2134 1589 2185 et
1628 2127 1907 2185 meridies
1962 2126 2061 2184 ubi
2098 2127 2184 2184 illi
2229 2130 2327 2203 qui

210 2228 269 2284 in
312 2229 474 2286 veris
519 2227 692 2302 boni,
764 2230 904 2303 quia
951 2231 1010 2286 in
1066 2228 1200 2288 luce
1216 2249 1233 2304 3
1305 2245 1415 2303 per
1468 2235 1606 2285 tunc
1659 2227 1900 2302 fugietis
1948 2244 2060 2303 per
2104 2225 2324 2285 vallem

210 2328 499 2383 montium
558 2346 849 2399 meorum,
927 2317 1294 2405 significatur
1352 2327 1510 2405 quod
1563 2333 1702 2385 tunc
1762 2329 1865 2403 qui
1918 2329 1977 2384 in
2042 2327 2200 2384 veris
2253 2345 2327 2384 ex

216 2426 378 2483 bono
415 2435 549 2485 sunt
588 2433 945 2506 eripientur,
997 2431 1206 2507 sugere
1243 2420 1540 2506 significat
1577 2430 1755 2504 eripi,
1822 2429 1999 2487 vallis
2043 2430 2327 2485 montium

221 2526 511 2602 significat.
542 2530 642 2588 ubi
676 2531 763 2589 illi
800 2533 902 2606 qui
935 2535 996 2589 in
1034 2530 1470 2606 cognitionibus
1509 2531 1634 2588 veri
1670 2535 1729 2587 et
1766 2529 1903 2588 inde
1959 2531 2019 2586 in
2057 2530 2216 2584 veris
2256 2545 2328 2585 ex

209 2626 365 2686 bono
401 2636 565 2705 sunt,
632 2649 763 2690 nam
810 2634 870 2688 in
906 2631 1163 2690 vallibus
1199 2630 1469 2689 habitant
1517 2630 1606 2688 illi
1643 2631 1742 2704 qui
1789 2632 1849 2688 in
1894 2627 2328 2713 cognitionibus

204 2730 362 2800 veri,
422 2736 481 2788 et
530 2748 714 2807 super
759 2733 1054 2792 montibus
1103 2733 1190 2790 illi
1239 2733 1339 2807 qui
1378 2734 1439 2788 in
1478 2729 1633 2788 bono
1648 2750 1663 2804 3
1722 2736 1781 2787 et
1843 2732 2140 2806 pertinget
2194 2728 2328 2786 val-

200 2829 270 2888 lis
321 2834 613 2889 montium
661 2849 851 2908 usque
895 2834 971 2891 ad
1024 2832 1206 2902 Azal‚
1280 2831 1573 2907 significat
1619 2834 2061 2906 separationem
2123 2847 2158 2886 a
2209 2829 2328 2887 fal-

202 2931 282 2988 sis
319 2931 500 3006 mali,
560 2949 696 2990 nam
747 2933 897 2992 Azal
953 2933 1246 3008 significat
1291 2933 1735 3007 separationem
1776 2938 1835 2990 et
1893 2931 2326 2990 liberationem.

202 3030 500 3105 Quoniam
555 3032 727 3091 Mons
785 3034 1107 3106 olivarum,
1178 3035 1278 3109 qui
1333 3044 1462 3091 erat
1527 3039 1664 3090 ante
1718 3031 2200 3108 Hierosolymam
2254 3031 2329 3088 ab

201 3136 465 3202 oriente,
521 3132 894 3209 significabat
944 3134 1228 3192 Divinum
1277 3133 1585 3206 Amorem,
1656 3140 1715 3191 et
1781 3133 2205 3208 Hierosolyma
2255 3131 2333 3189 ab

201 3236 431 3292 oriente
470 3233 754 3292 Divinum
792 3235 1017 3293 Verum
1054 3234 1388 3310 procedens
1422 3251 1495 3291 ex
1524 3235 1744 3292 Divino
1781 3234 1982 3306 Bono,
2044 3240 2109 3290 ut
2151 3249 2335 3307 supra

199 3341 596 3393 memoratum
643 3341 763 3409 est,
821 3335 957 3393 ideo
993 3335 1289 3393 Dominus
1328 3351 1404 3391 ex
1439 3334 1614 3392 solito
1652 3340 2055 3391 commoratus
2105 3340 2198 3391 est
2226 3349 2330 3388 su-

199 3452 305 3510 per
342 3434 453 3494 illo
495 3433 724 3509 Monte,
777 3443 841 3493 ut
878 3441 1045 3511 patet
1075 3434 1237 3511 apud
1275 3434 1499 3492 Lucam
1542 3430 1783 3507 „Jesus
1819 3438 1959 3491 erat
2003 3429 2222 3490 diebus
2262 3429 2334 3489 in

202 3531 469 3613 Templo
518 3531 778 3606 docens,
862 3534 1147 3595 noctibus
1213 3551 1355 3594 vero
1420 3530 1749 3611 eyredz‘ens
1801 3527 2203 3608 pernoctavit
2261 3528 2333 3588 in

197 3632 419 3696 Monte
458 3632 580 3713 qui
619 3633 864 3696 dieitur
901 3632 1282 3695 Olivamm“
1321 3633 1509 3692 XXI:
1556 3633 1666 3689 37.
1734 3629 1893 3705 Cap:
1946 3629 2170 3688 XXII:
2220 3630 2330 3687 39.

199 3734 359 3795 Joh:
403 3733 583 3794 VIII:
631 3738 699 3793 1:
739 3754 809 3796 ac
844 3736 925 3794 ibi
959 3736 1245 3811 loquutus
1289 3743 1380 3793 est
1418 3750 1553 3792 cum
1593 3729 1902 3806 discipulis
1945 3729 2017 3789 de
2046 3730 2333 3787 Adventu

198 3850 311 3894 suo
358 3842 418 3894 et
456 3840 964 3896 consummatione
1015 3836 1276 3906 saeculi,
1331 3836 1443 3893 hoc
1482 3839 1604 3905 est,
1670 3831 1745 3889 de
1795 3830 2014 3891 Ultimo
2067 3828 2334 3897 Judicio,

197 3934 429 3994 Matth:
475 3934 721 3995 XXIV:
769 3940 827 4012 3,
872 3954 1000 4013 seq.
1040 3935 1236 3995 Marc:
1279 3934 1462 3995 XIII:
1509 3935 1544 3992 3
1588 3949 1714 4007 seq:
1800 3932 1879 3989 Et
1915 3946 2154 4013 quoque
2199 3928 2337 3989 inde

197 4035 309 4095 ivit
346 4034 862 4112 Hierosolymam,
919 4044 978 4099 et
1013 4052 1256 4112 passus,
1306 4035 1527 4094 Matth:
1566 4032 1744 4093 XXI:
1785 4034 1842 4090 1.
1900 4030 2048 4108 Cap:
2095 4028 2336 4090 XXVI:

207 4136 320 4195 30.
375 4136 571 4196 Marc:
615 4135 741 4197 XI:
801 4143 860 4197 1.
941 4137 1102 4213 Cap:
1166 4136 1348 4195 XIV:
1404 4138 1511 4193 26.
1604 4134 1767 4192 Luc:
1827 4132 2015 4192 XIX:
2075 4133 2186 4190 29.
2226 4132 2335 4217 37.

205 4233 365 4313 Cap:
411 4237 605 4297 XXI:
656 4240 765 4298 37.
825 4239 986 4314 Cap:
1028 4237 1246 4297 XXII:
1288 4238 1409 4296 39:
1475 4243 1533 4295 et
1571 4252 1682 4312 per
1709 4234 1824 4293 hoc
1862 4233 2338 4311 significabatur,
