2791 4778
356 375 585 430 CAPUT
627 375 939 433 SEXTUM.
1698 376 1907 431 VERS:
1957 387 2044 438 14·
2202 388 2309 441 441

213 533 472 616 populu-9
530 554 738 610 meus,
807 540 1107 613 pastores·
1156 553 1370 596 eorum
1435 534 1828 597 seduoeerunt
1879 554 2011 611 eos,
2077 543 2315 597 montes

156 707 165 710 Ἴ
219 641 588 710 averterunt,
672 634 750 694 de
793 640 1002 695 monte
1046 655 1235 715 super
1269 633 1425 696 colle
1463 636 1741 711 iverunt,
1798 634 1979 697 obliti
2014 644 2164 697 eunt
2203 656 2312 698 cu-

217 735 348 797 bilia
384 737 538 798 sui“
593 737 680 794 L:
740 734 810 794 6‘:
850 737 1013 813 apud
1046 736 1429 796 Ezechielem
1467 737 1824 812 „Oberrant
1857 755 1998 797 ove-s·
2040 756 2211 797 meae
2244 738 2314 798 in

217 838 486 898 omnibu-s
526 836 844 896 montibus
885 843 946 897 et
971 855 1161 916 super
1189 838 1360 897 omni
1400 834 1554 898 colle
1593 835 1744 912 alto,
1786 845 1844 898 et
1881 856 2071 916 super
2104 857 2315 898 omnes

207 938 394 1019 facie-s·
442 943 653 998 terrae
693 935 1022 1016 dispersae
1068 942 1219 997 eunt
1257 956 1401 997 oves
1438 956 1645 1012 meae,
1709 943 1769 997 et
1818 957 1944 1000 non
1990 938 2316 1015 inquirens

215 1058 303 1099 nec
336 1042 691 1118 quaerens“
729 1037 1041 1096 XXXIV:
1093 1041 1127 1098 6
1148 1059 1164 1113 3
1221 1039 1380 1114 quod
1417 1056 1563 1097 oves
1597 1039 1669 1097 de
1706 1047 1904 1099 monte
1941 1055 2125 1116 super
2160 1038 2311 1097 colle

172 1175 175 1178 -
216 1142 438 1214 iverint,
500 1145 567 1197 et
604 1139 758 1213 quod
797 1139 1076 1196 oberrent
1123 1155 1309 1216 snper
1356 1131 1628 1198 omni-bus
1679 1141 1973 1206 montibus
2025 1146 2086 1197 et
2130 1157 2314 1215 super

216 1242 352 1299 omni
389 1240 549 1299 colle
608 1239 760 1306 alto,
813 1239 1108 1315 significat
1156 1239 1317 1315 quod
1354 1245 1646 1315 quaerant
1678 1240 1837 1299 bona
1878 1245 1938 1299 et
1977 1256 2153 1309 vera,
2206 1241 2314 1298 sed

213 1357 312 1399 non
345 1341 695 1409 inveniant,
751 1347 810 1399 et
851 1340 1178 1415 quod-loco
1229 1356 1434 1399 eorum
1478 1340 1636 1398 mala
1677 1348 1738 1398 et
1785 1340 1939 1398 salsa
1991 1343 2308 1418 arripiant;

214 1441 351 1516 quod
399 1446 642 1499 montes
690 1458 755 1498 se
802 1442 1164 1509 averterint,
1216 1441 1512 1516 significat
1573 1440 1732 1515 quod
1791 1458 1903 1517 pro
1955 1441 2131 1500 bonis
2194 1443 2311 1498 sint

211 1541 367 1600 mala.
422 1541 611 1616 Apud
646 1542 969 1600 Jeremiam
1009 1539 1240 1615 „Date
1264 1538 1540 1601 Jehovae
1580 1539 1727 1600 Deo
1763 1546 1967 1601 vestro
2008 1539 2307 1620 yloriam,

213 1647 534 1720 antequam
577 1642 858 1700 tenebras
901 1641 1194 1716 inducat,
1260 1649 1321 1703 et
1367 1648 1704 1719 antequam
1757 1641 2077 1720 'offendant
2113 1639 2312 1720 pedes

211 1742 387 1802 vestri
440 1740 533 1801 ad
573 1747 812 1800 montes
846 1740 1201 1819 crepuscula·
1221 1745 1255 1773 “
1316 1742 1502 1801 XIII:
1569 1745 1687 1819 163
1743 1760 1855 1818 per
1893 1743 2042 1802 haec
2079 1741 2309 1819 signifi-

210 1849 390 1916 catur,
449 1843 613 1918 quod
655 1843 1096 1918 agnoscendum
1147 1837 1225 1900 s‘it
1274 1844 1558 1902 Divinum
1614 1843 1866 1917 Verum,
1924 1863 1998 1902 ne
2045 1844 2198 1901 salsa
2251 1850 2310 1900 et

210 1943 334 2000 inde
371 1943 531 2001 mala
571 1960 601 2001 e
641 1942 897 2001 naturali
951 1943 1185 2001 homine
1236 1946 1566 2019 irrumpant
1582 1964 1598 2018 3
1665 1944 1808 2002 dare
1858 1944 1991 2002 Deo
2040 1945 2308 2020 gloriam,

211 2044 493 2119 significat
530 2060 855 2119 agnoscere
893 2044 1173 2101 Divinum
1224 2044 1484 2117 Verum,
1542 2043 1732 2119 gloria
1766 2045 1825 2121 in
1873 2043 2076 2102 Verbo
2120 2046 2309 2119 signi-

212 2143 342 2202 ficat
383 2144 670 2205 Divinum
709 2143 965 2216 Verum,
1024 2153 1081 2202 et
1118 2143 1231 2202 hoc
1274 2160 1598 2219 agnoscere
1645 2150 1705 2201 et
1739 2146 1945 2201 vivere
1984 2142 2311 2201 secundum

206 2244 263 2301 id
301 2251 397 2302 est
431 2245 612 2320 gloria
654 2262 830 2319 quam
870 2245 998 2301 vult
1029 2244 1352 2318 Dominus,
1402 2250 1463 2301 et
1504 2259 1657 2318 qnae
1706 2243 1881 2301 datur
1915 2241 2076 2324 Ipsi3
2133 2249 2307 2301 ante-

211 2360 390 2420 quam
435 2344 702 2404 tenebras
748 2345 1023 2416 inducat,
1082 2343 1375 2422 significat·
1421 2363 1496 2405 ne
1546 2343 1700 2403 falsa
1744 2349 2066 2420 occupent,
2132 2350 2304 2401 tene-

212 2444 357 2501 brae
396 2450 527 2503 sunt
558 2446 735 2522 salsa;
785 2453 843 2504 et
882 2453 1201 2522 antequam
1241 2445 1543 2505 offendant
1571 2446 1758 2522 pedes
1799 2447 1986 2503 vestri
2023 2445 2099 2502 ad
2135 2462 2308 2501 mon-

211 2551 304 2602 tes
352 2547 707 2622 crepusculi,
776 2546 1071 2623 significat
1124 2564 1196 2605 ne
1258 2547 1395 2605 inde
1447 2547 1605 2606 mala
1656 2565 1687 2605 e
1736 2544 2018 2618 naturali,
2075 2551 2305 2603 montes

203 2647 537 2721 crepusculi
571 2655 713 2706 sunt
758 2649 919 2706 mala
967 2648 1136 2718 falsi,
1187 2665 1324 2705 nam
1362 2655 1595 2708 montes
1634 2654 1772 2705 sunt
1808 2644 1997 2717 mala,
2064 2662 2133 2704 ac
2172 2661 2305 2703 cre—

198 2746 513 2821 pusculum
552 2754 646 2806 eet
683 2765 814 2806 cum
853 2766 967 2806 non
1002 2748 1243 2807 videtur
1288 2765 1498 2807 verum
1549 2747 1657 2806 sed
1708 2747 1838 2806 loco
1896 2747 2025 2822 ejus
2072 2745 2309 2813 salsum,

205 2863 271 2903 ac
319 2848 509 2923 pedes
562 2849 893 2924 significant
953 2849 1286 2907 naturalem
1331 2848 1657 2922 hominem,
1727 2851 1787 2906 in
1834 2847 2096 2905 naturali
2151 2847 2307 2906 enim

196 2944 426 3006 homine
469 2955 610 3007 sunt
645 2920 841 3007 omnia
877 2949 1037 3020 mala
1072 2955 1130 3006 et
1173 2949 1310 3007 inde
1346 2949 1533 3018 falsa,
1588 2952 1867 3023 quoniam
1903 2947 2009 3006 ille
2045 2965 2117 3006 ex
2155 2947 2305 3006 hae·

196 3048 471 3106 reditario
527 3066 730 3107 secum
787 3051 900 3109 sert
948 3067 1269 3109 amare·se
1324 3067 1471 3125 prae
1525 3050 1658 3109 Deo
1713 3057 1774 3109 et
1829 3050 2108 3109 mundum
2160 3065 2309 3125 prae

197 3147 408 3220 Coele,
452 3166 521 3206 ac
562 3150 720 3207 mala
756 3153 842 3208 eis
882 3150 1182 3209 amoribus
1221 3150 1607 3208 adhaerentia
1645 3170 1716 3209 ex
1754 3150 2122 3228 parentibuS,
2158 3148 2310 3206 haec

195 3250 345 3308 mala
400 3257 462 3307 et
514 3250 651 3308 inde
688 3250 844 3309 salsa
886 3269 1004 3309 non
1039 3258 1421 3309 removentur
1457 3253 1570 3309 nisi
1605 3269 1717 3327 per
1752 3251 2035 3309 Divinum
2081 3251 2324 3308 Verum·

195 3356 249 3408 et
296 3353 485 3410 vitam
538 3351 865 3410 secundum
900 3351 1074 3425 illud,
1129 3368 1240 3427 per
1288 3351 1440 3410 haec
1491 3355 1756 3426 aperitur
1803 3367 1972 3408 mens
2034 3351 2311 3424 superior

197 3465 296 3509 sen
334 3453 583 3509 interior
619 3452 903 3527 hominiS,
960 3471 1113 3528 quac
1155 3452 1317 3511 videt
1353 3470 1426 3510 ex
1464 3449 1598 3507 luce
1641 3449 1842 3521 Coeli,
1902 3456 1959 3505 et
2009 3463 2121 3523 per
2155 3447 2308 3504 hanc

192 3548 384 3609 lucem
436 3547 1017 3623 discutit'Dominus
1071 3552 1230 3610 mala
1293 3558 1353 3609 et
1397 3549 1533 3607 inde
1585 3548 1739 3605 salsa
1786 3564 1940 3622 quae
1997 3548 2055 3603 in
2111 3551 2309 3603 mente

191 3652 449 3709 naturali
506 3660 675 3709 sunt:
758 3653 916 3727 quod
963 3653 1150 3728 pedes
1206 3651 1538 3728 significent
1590 3647 1924 3706 naturalem
1985 3645 2305 3719 hominem,

195 3751 467 3811 videatur
512 3769 699 3828 supra
750 3770 820 3808 n:
879 3756 987 3813 65.
1036 3755 1161 3827 693
1215 3759 1274 3809 et
1319 3754 1377 3808 in
1430 3752 1701 3808 Artemis
1760 3746 2184 3806 Connns'rmus
2236 3763 2306 3801 n:

198 3852 409 3909 2162.
457 3854 668 3911 3147.
716 3855 925 3911 3761.
973 3855 1187 3911 3986.’
1229 3852 1442 3909 4280.
1488 3851 1674 3909 4938
1717 3848 1794 3906 ad
1835 3848 2046 3907 4952.
2127 3844 2310 3921 Apud

191 3948 613 4028 Evangelistas
678 3951 929 4026 „Jesue
984 3952 1146 4013 dicit
1194 3947 1568 4028 discipuli-9,
1641 3948 1853 4009 habete
1896 3945 2099 4028 fidem
2149 3944 2307 4020 Dei,

191 4061 373 4110 amen
408 4051 550 4111 dieo
590 4052 763 4112 vobis
777 4098 794 4128 ,
849 4053 1199 4131 quicunque
1241 4049 1486 4111 dixerit
1536 4049 1765 4125 monti,
1815 4045 2032 4109 tollere
2064 4052 2124 4106 et
2155 4056 2307 4125 pro-

179 4147 312 4226 jice
352 4155 411 4210 te
447 4152 516 4211 in
550 4172 753 4228 mare,
821 4173 930 4213 nec
986 4151 1371 4213 dubitaverit
1415 4149 1484 4209 in
1536 4149 1721 4210 corde
1754 4167 1900 4219 suc,
1954 4146 2068 4207 «sed
2104 4145 2308 4208 credi·

194 4246 357 4310 derit
403 4251 573 4331 quod
622 4272 782 4333 quae
812 4253 995 4314 -dz’cit
1026 4252 1265 4330 sutura
1307 4250 1471 4324 sint,
1531 4251 1649 4329 fiet
1701 4247 1807 4309 illi
1866 4267 2029 4327 quae
2083 4245 2308 4307 dioeiff‘
