2791 4778
447 312 683 372 CAPUT
740 312 1083 382 QmN'rum.
1693 381 1698 387 ‚
1876 312 2085 370 ven&
2130 325 2183 377 s.
2342 328 2408 380 ⁷1

288 474 543 539 chordii
555 471 830 556 psallite
849 473 998 556 Ipsi
1009 494 1038 547 ,·
1075 476 1326 536 cantate
1349 471 1499 555 Ipsi
1525 471 1858 536 Canticum
1883 493 2129 551 novum,
2166 473 2415 544 reddite

287 576 541 657 eyreyie
583 573 856 656 pulsare
909 594 1055 637 eum
1103 570 1430 655 elanyore,
1499 574 1653 655 quia
1695 579 1937 636 rectum
1987 584 2082 638 eat
2145 574 2413 641 Verbum

287 677 594 752 Jelzovae,
632 683 693 737 et
728 694 890 757 opus
923 674 1150 756 Ipsius
1183 676 1255 736 in
1287 674 1598 738 veritatst
1633 675 1870 735 Psalm:
1897 670 2211 736 XXXIII:
2248 681 2309 737 2.
2346 681 2406 739 3.

292 783 359 838 4.
406 778 473 855 53
530 781 671 854 quia
707 777 936 838 cithara
971 776 1264 854 significat
1300 777 1733 836 confessionem
1772 793 1847 836 ex
1882 779 2041 835 veris
2076 778 2407 853 spirituali·

287 878 441 951 bus,
481 878 617 938 ideo
653 879 869 937 dieitur
904 877 1261 938 confitemini
1295 878 1572 938 Jehovae
1606 879 1668 936 in
1703 876 1958 952 eithara3
1998 877 2261 938 nablium
2297 878 2406 940 de-

290 978 596 1038 cachordii
631 977 925 1056 signifieat
954 978 1175 1037 bonum
1214 978 1526 1054 spirituale
1553 976 2048 1053 correspondenS,
2085 976 2224 1038 ideo
2260 978 2409 1040 dici-

287 1086 390 1137 tur
424 1081 481 1137 in
517 1079 717 1138 nablio
753 1077 1132 1148 decachordii
1166 1078 1409 1154 psallite
1443 1078 1601 1155 Ipsi,
1641 1095 1712 1138 ac
1746 1077 1884 1137 ideo
1921 1095 2158 1155 quoque
2195 1079 2409 1139 dicitur

286 1181 429 1255 quia
463 1185 690 1238 rectum
754 1185 848 1238 est
882 1178 1151 1238 Verbum
1187 1177 1500 1252 Jehovae,
1559 1184 1619 1238 et
1664 1195 1838 1238 omne
1898 1195 2054 1255 opus
2093 1173 2295 1255 Ipsius
2345 1183 2408 1239 in

290 1281 582 1357 veritat03
650 1297 859 1339 verum
920 1278 1062 1337 boni
1121 1278 1492 1354 significatur
1550 1297 1661 1355 per
1712 1286 1940 1338 rectum
2001 1286 2094 1338 est
2140 1279 2407 1341 Verbum

287 1378 598 1454 Jehovae,
649 1387 709 1439 et
741 1380 968 1439 bonum
1002 1380 1131 1437 veri
1166 1396 1278 1455 per
1315 1395 1469 1455 opus
1506 1378 1709 1455 Ipsius
1761 1381 1822 1437 in
1860 1382 2111 1442 veritate
2125 1400 2142 1456 3
2198 1398 2407 1444 verum

288 1480 432 1538 boni
479 1488 571 1538 est
620 1498 827 1539 verum
877 1480 1038 1557 quod
1088 1478 1361 1555 procedit
1409 1496 1482 1537 ex
1516 1479 1703 1554 bono,
1767 1489 1826 1539 et
1872 1480 2088 1539 bonum
2137 1484 2266 1539 veri
2314 1493 2408 1544 est

291 1579 513 1638 bonum
576 1580 735 1655 quod
790 1580 1139 1657 producitur
1182 1597 1292 1655 per
1338 1596 1563 1638 verum.
1627 1580 1815 1656 ‘Apud
1853 1581 2118 1639 Eundem
2171 1578 2408 1655 „Mitte

283 1677 493 1740 lucem
527 1684 708 1741 tuam
745 1687 804 1742 et
841 1680 1168 1742 veritatem
1209 1685 1389 1741 tuam
1402 1724 1419 1754 ,
1478 1679 1594 1740 hae
1630 1680 1867 1742 ducant
1914 1700 2044 1756 me,
2092 1680 2409 1746 deducant

283 1778 383 1841 ad
418 1786 689 1842 montena
726 1780 1094 1843 sanctitatis
1144 1786 1208 1841 et
1260 1779 1350 1841 ad
1392 1778 1760 1843 habitacula
1798 1788 1939 1856 tua,
1998 1789 2073 1843 ut
2107 1783 2407 1863 confitear

287 1880 441 1942 Tibi
493 1880 565 1942 in
615 1880 902 1957 eithara,
958 1880 1152 1942 Deua
1188 1879 1382 1942 Deus
1430 1880 1582 1942 mi“
1636 1883 1866 1943 Psalm:
1923 1882 2157 1943 XLIII:
2216 1886 2277 1944 3.
2332 1888 2403 1959 45

284 1981 448 2058 quod
508 1983 739 2042 eithara
789 1981 1085 2060 significet
1130 1982 1569 2042 consessionem
1622 2001 1698 2043 ex
1748 1986 1909 2043 veris
1970 1983 2403 2060 spiritualibuS‚

285 2087 490 2159 patet,
544 2102 681 2142 nam
734 2084 951 2144 dicitur
991 2088 1058 2141 ut
1103 2083 1387 2142 confitear
1428 2084 1565 2143 Tibi
1615 2086 1675 2142 in
1711 2084 1966 2158 eithara,
2019 2083 2189 2146 Deus
2232 2084 2403 2144 Deus

284 2183 410 2258 mi3
487 2191 547 2241 et
608 2202 845 2263 quoque
903 2185 1336 2260 praemittitur,
1414 2186 1581 2244 mitte
1640 2184 1838 2245 lucem
1898 2191 2059 2243 tuam
2123 2193 2184 2244 et
2238 2188 2401 2245 veri-

281 2289 466 2342 tatem
504 2291 685 2362 tuam,
727 2285 843 2344 hae
882 2285 1103 2346 ducant,
1136 2302 1250 2342 me.
1305 2285 1487 2361 Apud
1521 2285 1790 2345 Eundem
1833 2281 2229 2364 „Confitebor
2258 2281 2405 2348 Tibi

184 2414 189 2417 -
278 2384 698 2447 instrumento
742 2382 944 2448 nablii
960 2431 976 2461 ‚
1031 2383 1359 2447 vmtatenz
1399 2392 1580 2446 tuam
1603 2385 1794 2448 Deus
1830 2384 1950 2459 mi,
2000 2404 2228 2456 canam
2258 2382 2406 2447 Tibi

284 2484 361 2542 in
397 2484 645 2545 cithara
688 2485 914 2547 Sancte
950 2482 1280 2547 Israelis“
1352 2488 1587 2546 Psalm:
1633 2487 1871 2547 LXXI:
1913 2490 2038 2562 223
2111 2489 2250 2564 quia
2295 2505 2405 2563 per

290 2583 556 2642 nablium
593 2587 956 2662 significatur
989 2587 1207 2645 bonum
1246 2587 1559 2664 spirituale
1601 2606 1709 2648 seu
1745 2588 1963 2649 bonum
2000 2589 2161 2658 veri,
2198 2595 2259 2647 et
2293 2605 2404 2664 per
2441 2590 2601 2658 [390]

291 2684 581 2742 citharam
620 2705 825 2745 verum
861 2687 1169 2765 spirituale
1219 2705 1331 2746 seu
1368 2707 1577 2748 verum
1614 2690 1783 2765 boni,
1842 2697 1901 2749 et
1939 2706 2013 2748 ex
2049 2698 2299 2767 utroque
2337 2690 2402 2749 fit

282 2785 587 2844 confessio
610 2831 625 2859 ,
663 2787 799 2846 ideo
836 2788 1067 2863 dicitur,
1125 2788 1453 2847 confitebor
1491 2791 1628 2849 Tibi
1662 2790 2300 2862 instrumentomablii‚
2342 2798 2401 2848 et

283 2903 496 2944 canam
528 2887 663 2947 Tibi
691 2890 936 2947 eithara.
993 2888 1175 2964 Apud
1200 2889 1470 2948 Eundem
1511 2888 1835 2966 „Cantabo
1860 2897 1920 2952 et
1933 2888 2244 2970 psallam,
2281 2911 2397 2954 ex-

276 2987 412 3050 cita
435 3006 536 3048 me
557 2987 772 3068 ylorz'a
797 3008 956 3064 mea,
986 2988 1202 3052 excita
1221 3009 1321 3050 me
1347 2987 1633 3051 nabliwm
1667 2998 1728 3053 et
1758 2991 2027 3066 cithara,
2070 2993 2400 3072 confitebor

284 3086 434 3150 Tibi
457 3087 624 3151 inter
647 3097 864 3170 yentes
886 3088 1189 3166 Domine,
1207 3088 1500 3171 psallam
1533 3089 1622 3152 Te
1643 3091 1809 3155 inter
1824 3090 2097 3172 populos
2108 3096 2143 3126 “
2172 3092 2395 3152 Psalm:

277 3188 471 3249 LVII:
507 3195 567 3250 8.
608 3195 666 3252 9.
702 3193 810 3251 10.
849 3190 1072 3249 Psalm:
1106 3189 1327 3252 CVIII:
1363 3196 1420 3251 2.
1446 3193 1506 3251 3.
1538 3196 1600 3269 45
1640 3194 1933 3253 consessio
1964 3201 2023 3251 et
2047 3192 2398 3270 glorificatio

278 3305 358 3350 ex
390 3290 547 3351 bono
574 3293 702 3351 veri
730 3308 839 3350 seu
872 3309 941 3350 ex
966 3291 1124 3349 bono
1150 3293 1449 3368 spirituali
1481 3299 1540 3352 et
1567 3311 1641 3354 ex
1670 3312 1811 3354 vero
1840 3295 1980 3353 boni
2005 3311 2113 3353 seu
2150 3311 2225 3352 ex
2251 3312 2396 3353 vero

276 3392 575 3467 spirituali
604 3393 1014 3466 exprimuntur
1034 3393 1090 3449 in
1118 3392 1370 3469 singulis
1394 3392 1493 3467 ibi,
1523 3394 1740 3453 bonum
1768 3397 1894 3452 veri
1915 3396 2264 3470 exprimitur
2286 3411 2398 3469 per

276 3497 542 3562 eantare,
573 3493 824 3550 excitari
852 3491 1071 3566 nabli0‚
1107 3500 1166 3552 et
1194 3494 1466 3553 confiteri
1488 3497 1644 3554 inter
1671 3502 1880 3570 gentes
1891 3514 1907 3568 3
1938 3499 1999 3553 et
2024 3510 2232 3551 verum
2254 3492 2397 3551 boni

275 3607 389 3665 per
420 3592 713 3667 psallere,
766 3595 1014 3652 excitari
1051 3594 1311 3664 eithara,
1365 3601 1426 3652 et
1459 3594 1721 3670 psallere
1758 3597 1912 3653 inter
1931 3591 2236 3669 populos,
2284 3610 2396 3669 per

279 3696 491 3765 gentes
541 3695 698 3752 enim
735 3694 795 3751 in
831 3693 1035 3754 Verbo
1090 3694 1503 3770 intelliguntur
1551 3697 1650 3771 qui
1687 3696 1744 3753 in
1777 3694 1934 3753 bono
1970 3699 2139 3763 sunt,
2193 3702 2252 3754 et
2283 3712 2396 3771 per

274 3789 536 3866 populos
574 3794 671 3868 qui
708 3795 769 3850 in
807 3812 952 3853 vero
994 3801 1162 3864 sunt,
1210 3795 1305 3854 hic
1341 3797 1401 3853 in
1436 3813 1582 3853 vero
1617 3795 1945 3872 spirituali:
1985 3793 2143 3871 quod
2178 3798 2264 3854 ita
2299 3796 2391 3854 di-

279 3896 482 3966 catur,
520 3898 614 3951 est
642 3896 780 3970 quia
815 3896 875 3953 in
912 3895 1117 3956 Verbo
1157 3895 1253 3954 ubi
1293 3895 1519 3955 dicitur
1553 3896 1626 3956 de
1662 3895 1816 3955 bono
1854 3898 2033 3955 etiam
2070 3895 2285 3955 dicitur
2319 3896 2395 3956 de

273 4008 442 4065 vere,
484 3997 546 4051 et
575 3992 687 4052 hoc
721 4002 972 4073 propter
1007 3996 1344 4073 conjugium
1383 3996 1620 4056 illorum
1659 3999 1719 4056 in
1748 3998 1997 4075 singulis
2035 3996 2133 4071 ibi,
2175 3998 2247 4056 de
2275 4016 2393 4072 quo

271 4090 551 4151 videatur
586 4110 771 4171 supra
810 4116 872 4153 n:
919 4098 1057 4156 238
1100 4097 1153 4155 s:
1198 4101 1360 4158 288.
1431 4097 1610 4174 Apud
1645 4098 1914 4158 Eundem
1953 4095 2395 4176 „Respondete

265 4189 545 4254 Jehovae
570 4213 686 4274 per
719 4196 1202 4278 confessionem,
1249 4194 1520 4277 psallite
1555 4197 1699 4258 Deo
1734 4206 1949 4261 nostro
1985 4196 2054 4258 in
2092 4196 2387 4258 eithara“
