2791 4778
380 355 626 410 CAPUT
666 355 1004 422 QUINTUM.
1061 387 1065 392 ·
1740 357 1947 413 VERS:
1994 369 2084 421 13.
2243 370 2349 422 153

223 517 501 575 Amanus
523 515 943 575 conamus
973 516 1264 576 12:4938.
1291 518 1505 576 4939.
1537 518 1748 577 9992.
1785 520 2264 578 10005.1001
2289 526 2348 580 7.

232 618 501 691 100683
556 617 725 675 etde
767 615 981 676 ultimo
1013 615 1203 692 gradu
1240 635 1307 675 n:
1357 618 1569 675 3293.
1614 617 1827 678 3294.
1876 620 2087 678 3793.
2130 622 2347 683 4570.

228 718 436 776 5118.
484 717 701 776 5126.
749 717 956 775 5497.
1006 718 1213 776 5649.
1259 718 1481 776 9216:
1522 719 1673 776 etin
1703 717 1902 795 Opere
1930 718 2005 778 de
2035 718 2236 779 Conno
2268 740 2346 779 m·

219 816 503 877 Immo
559 835 628 875 n:
674 820 760 875 29
803 816 879 874 ad
919 819 1030 875 40.
1114 815 1437 876 Sciendum
1476 823 1600 891 est,
1659 819 1818 894 quod
1867 822 1928 877 in
1960 819 2184 879 Mundo
2219 823 2348 898 spi-

217 917 443 990 rituali,
487 917 595 974 ubi
632 925 769 974 sunt
805 918 1050 993 spiritus
1087 922 1149 976 et
1190 917 1419 995 angeli,
1467 917 1676 977 similis
1727 921 1910 979 facies
1947 922 2024 978 sit
2059 923 2340 994 omnium,

221 1016 410 1093 qualis
449 1024 550 1076 est
584 1019 646 1075 in
682 1016 902 1075 Mundo
940 1016 1197 1076 naturali
1242 1018 1347 1077 ubi
1379 1024 1522 1078 sunt
1555 1018 1862 1089 homineS,
1916 1020 2075 1096 quod
2125 1038 2343 1098 nempe

215 1117 295 1175 ibi
328 1120 450 1175 sint
486 1127 761 1190 montes,
818 1120 936 1177 sint
985 1116 1207 1187 colles,
1258 1119 1378 1177 sint
1413 1124 1645 1191 terrae,
1703 1127 1763 1179 et
1796 1123 2011 1195 maria,
2069 1121 2343 1181 videatur

223 1235 407 1296 supra
443 1236 523 1276 n:-
564 1219 704 1277 304
724 1237 740 1292 3
797 1234 981 1294 super
1027 1219 1326 1277 montibus
1361 1218 1636 1278 habitant
1671 1220 1892 1298 Angeli
1940 1223 2044 1298 qui
2076 1223 2135 1280 in
2170 1223 2346 1281 tertio

220 1334 323 1377 seu
358 1319 569 1377 intimo
601 1316 812 1390 Coelo,
853 1335 1038 1395 super
1067 1318 1317 1377 collibus
1353 1319 1436 1378 ibi
1471 1321 1571 1396 qui
1606 1322 1669 1379 in
1703 1320 1966 1381 secundo
2003 1337 2116 1380 seu
2151 1322 2346 1382 medio

225 1417 431 1489 Coele,
481 1426 547 1477 et
588 1435 775 1494 super
810 1430 970 1477 terra
1017 1435 1088 1477 ac
1142 1420 1254 1479 sub
1302 1425 1465 1478 terra
1518 1422 1673 1479 etin
1708 1421 1970 1482 maribus
2020 1421 2108 1481 illi
2146 1424 2249 1498 qui
2283 1426 2344 1482 in

222 1521 411 1594 primo
457 1536 573 1577 seu
643 1518 845 1577 ultimo
885 1518 1094 1578 Coelo:
1149 1520 1258 1579 sed
1316 1522 1506 1579 maria
1564 1522 1624 1580 in
1680 1521 1897 1598 quibus
1947 1521 2128 1608 infimi
2162 1523 2343 1601 hujus

229 1617 389 1679 Coeli
423 1619 736 1693 habitant,
791 1638 908 1679 non
946 1627 1087 1678 sunt
1122 1623 1279 1679 sicut
1312 1624 1501 1679 maria
1535 1623 1594 1678 in
1633 1622 1848 1698 quibus
1882 1622 2150 1681 habitant
2189 1622 2347 1692 mali,

225 1718 490 1777 differunt
527 1719 742 1791 undiS,
788 1721 982 1780 undae
1019 1723 1268 1800 marium
1302 1723 1362 1778 in
1390 1721 1607 1797 quibus
1643 1729 1781 1781 sunt
1806 1721 1981 1800 probi
2017 1724 2117 1798 qui
2150 1726 2210 1781 in
2244 1726 2339 1781 in-

226 1818 354 1877 fimo
391 1818 611 1891 Coe10,
667 1827 806 1877 sunt
844 1827 1053 1879 tenues
1092 1828 1151 1879 et
1186 1838 1407 1897 purae,
1446 1822 1551 1881 sed
1590 1822 1785 1883 undae
1822 1825 2071 1881 marium
2108 1826 2169 1883 in
2206 1807 2342 1900 qui-

224 1918 328 1977 bus
363 1928 502 1978 sunt
530 1920 694 1994 mali,
735 1929 876 1979 sunt
904 1938 1143 1981 crassae
1181 1927 1240 1979 et
1265 1922 1555 1999 impurae,
1592 1923 1679 1980 ita
1703 1940 1952 2000 prorsus
1982 1922 2102 1983 alia
2129 1926 2342 1983 maria:

225 2019 420 2077 datum
445 2021 593 2079 mihi
642 2022 963 2096 aliquoties
1013 2020 1216 2085 videre
1252 2022 1357 2081 illa
1403 2023 1621 2096 maria,
1663 2033 1721 2082 ct
1753 2041 1989 2100 quoque
2015 2024 2181 2101 loqui
2210 2043 2344 2083 cum

226 2118 337 2178 illis
375 2122 473 2197 qui
509 2125 571 2181 in
611 2122 730 2181 illis
769 2130 936 2195 sunt,
994 2129 1054 2182 et
1102 2130 1469 2199 compertum
1529 2130 1623 2183 est
1670 2124 1827 2200 quod
1880 2132 2084 2184 essent
2126 2123 2208 2183 ibi
2244 2127 2344 2200 qui

228 2236 380 2279 mere
414 2224 736 2283 sensuales
772 2222 1014 2282 suerunt
1048 2226 1109 2281 in
1146 2223 1394 2298 mundo,
1452 2224 1562 2282 sed
1609 2240 1801 2299 usque
1837 2223 2012 2300 probi
2023 2243 2041 2301 3
2096 2231 2158 2282 et
2206 2226 2346 2300 quia

230 2321 529 2382 sensuales
568 2330 770 2399 erant,
826 2340 943 2383 non
996 2329 1323 2401 potnerunt
1364 2324 1696 2400 intelligere
1762 2325 1905 2401 quid
1957 2329 2120 2383 esset
2166 2325 2347 2400 spiri—

236 2421 414 2497 tuale,
481 2425 591 2484 sed
642 2424 833 2485 solum
882 2425 1029 2501 *quid
1075 2425 1383 2494 naturale,
1437 2442 1547 2484 nec
1593 2428 1912 2503 percipere
1962 2422 2229 2483 Verbum
2286 2432 2348 2484 et

242 2518 542 2583 doctrinam
580 2526 894 2586 Ecclesiae
933 2542 1006 2583 ex
1046 2525 1282 2598 Verbo,
1323 2527 1439 2583 nisi
1475 2542 1652 2602 quam
1688 2524 2078 2585 sensualiter:
2135 2541 2342 2583 omnes

238 2617 320 2675 illi
353 2632 636 2698 apparent
681 2629 839 2686 sicut
891 2627 950 2684 in
1001 2627 1177 2702 mari3
1234 2644 1445 2686 verum
1495 2625 1583 2684 illi
1645 2627 1743 2702 qui
1780 2625 1862 2684 ibi
1897 2632 2036 2685 sunt
2072 2642 2190 2683 non
2229 2626 2345 2684 sibi

236 2718 494 2782 videntur
524 2729 586 2785 in
624 2729 775 2785 mari
801 2743 973 2797 esse,
1016 2726 1124 2786 sed
1160 2730 1316 2786 sicut
1342 2729 1405 2785 in
1432 2726 1611 2785 simili
1640 2727 2061 2804 atmosphaera
2086 2728 2146 2784 in
2176 2726 2347 2801 quali

237 2819 360 2880 dum
397 2826 675 2885 vixerunt
709 2831 768 2886 in
804 2828 1057 2901 mund03
1119 2828 1277 2903 quod
1338 2829 1410 2886 in⁴
1453 2829 1601 2886 mari
1634 2828 1784 2900 sint,
1841 2833 2097 2905 apparet
2145 2827 2340 2885 solum

236 2937 417 2982 coram
450 2927 569 2987 illis
612 2930 713 3004 qui
749 2944 935 3004 supra
971 2934 1141 2987 sunt:
1194 2927 1370 2986 hodie
1411 2934 1504 2988 est
1537 2927 1621 2986 ibi
1657 2929 1868 3004 ingens
1906 2945 2210 3000 numerus,
2269 2946 2342 2987 cx

233 3020 405 3082 causa
439 3029 580 3102 quia
619 3034 739 3086 tam
776 3027 948 3086 multi
983 3026 1162 3087 hodie
1205 3033 1344 3088 sunt
1373 3028 1726 3087 sensuales:
1765 3029 1976 3088 ultima
2010 3027 2161 3088 haec
2196 3045 2340 3104 pars

233 3122 368 3181 coeli
403 3129 835 3204 correspondet
869 3129 1091 3204 plantis
1127 3129 1372 3204 pedum.
1428 3129 1520 3187 Ex
1555 3128 1668 3187 hoc
1711 3136 1832 3200 est,
1874 3129 2032 3205 quod
2070 3132 2247 3188 toties
2283 3131 2343 3186 in

237 3219 423 3283 Verbo
458 3231 837 3288 nominentur
870 3228 1094 3298 Maria,
1148 3236 1209 3288 et
1246 3246 1483 3306 quoque
1519 3228 1601 3286 ibi
1634 3230 1875 3300 Pisces,
1916 3236 1976 3289 et
2008 3246 2120 3305 per
2153 3229 2344 3287 Maria

233 3319 306 3380 ibi
336 3327 742 3402 significantur
792 3332 1127 3388 communia
1169 3331 1315 3402 veri,
1365 3346 1520 3405 quae
1558 3337 1696 3386 sunt
1735 3331 2024 3388 naturalis
2060 3328 2338 3399 homini5‚

235 3437 297 3478 ae
330 3430 433 3498 per
466 3429 680 3489 Pisces
716 3430 1043 3489 scientifica
1078 3430 1405 3502 sensualia,
1444 3447 1597 3505 quae
1638 3436 1779 3488 sunt
1813 3428 2016 3487 infima
2049 3406 2340 3486 naturalis

234 3517 487 3601 hominis,
526 3531 777 3606 proinde
815 3529 1222 3607 significantur
1255 3529 1341 3588 illi
1381 3532 1482 3605 qui
1510 3529 1662 3588 tales
1699 3534 1839 3588 sunt
1866 3544 1976 3586 seu
2005 3529 2103 3602 qui
2128 3528 2189 3584 in
2221 3525 2340 3584 illis

237 3629 392 3682 sunt:
445 3632 588 3703 quid
627 3630 931 3690 sensualia
968 3637 1026 3689 ct
1063 3629 1205 3706 quid
1237 3629 1580 3703 sensuales„
1623 3636 1681 3687 et
1712 3627 1870 3705 quod
1894 3629 2015 3704 sint
2049 3635 2172 3684 tam
2201 3625 2342 3684 boni

241 3736 401 3794 ‘luam
424 3731 582 3806 mali,
622 3730 899 3791 videatur
922 3733 982 3789 in
1008 3731 1332 3790 Doc'rnma
1360 3730 1415 3789 N
1422 3745 1578 3788 ovar.
1603 3729 2093 3789 Hmnosowman
2120 3746 2192 3785 n:
2230 3728 2337 3787 50.

236 3816 317 3877 Ex
348 3821 436 3885 his
470 3847 626 3890 nunc
663 3833 804 3890 sciri
837 3837 1070 3907 potest,
1124 3830 1267 3907 quid
1300 3829 1657 3906 intelligitur
1690 3846 1801 3906 per
1837 3846 2007 3888 omne
2036 3828 2339 3900 Creatum,

241 3921 384 3991 quod
416 3935 506 3988 est
537 3932 599 3990 in
635 3930 851 4005 Coelo,
921 3938 984 3991 et
1016 3932 1074 3988 in
1114 3938 1275 3990 terra
1329 3937 1390 3989 et
1426 3930 1539 3988 sub
1580 3937 1769 4005 terra,
1809 3936 1871 3988 et
1902 3931 1964 3988 in
1998 3932 2150 3990 mari
2186 3946 2341 4007 quae

238 4028 364 4081 sunt
397 4033 456 4085 et
486 4031 547 4090 in
579 4033 698 4092 illis
737 4034 951 4092 omnia.
1009 4030 1241 4092 Similia
1274 4049 1386 4109 per
1421 4029 1617 4089 Maria
1654 4035 1715 4090 et
1746 4047 1857 4106 per
1903 4031 2012 4091 illa
2047 4049 2200 4108 quae
2236 4030 2335 4103 ibi,

242 4133 378 4192 ‘luae
411 4142 694 4192 vocantur
726 4135 928 4210 pisces
968 4139 1027 4191 et
1053 4132 1378 4201 balaenae,
1413 4124 1838 4207 significantur
1859 4134 1918 4189 in
1946 4131 2339 4207 sequentibus

236 4213 318 4277 his
339 4221 511 4308 locis3
546 4233 705 4312 apud
731 4233 1027 4300 Davidem
1064 4229 1413 4307 „Laudent
1438 4228 1742 4293 Jehovam
1774 4226 2028 4291 Ocelum
2054 4237 2114 4290 et
2141 4236 2335 4302 terra,
