2791 4778
485 386 593 438 282
928 375 1423 430 APOCALYPSIS
1468 376 1896 433 EXPLICATA.
1952 376 1998 444 §.
2041 387 2166 437 376.

485 551 641 610 quae
676 535 737 591 in
773 532 1244 591 devastationem
1301 533 1710 609 significantur
1757 534 1861 591 illa
1908 551 2067 609 quae
2099 533 2385 592 Ecclesiae
2421 541 2530 591 sunt
2631 474 2652 599 l

481 637 543 693 in
584 633 851 706 homine3
909 649 1062 707 quae
1107 650 1240 690 cum
1280 640 1522 691 vastata
1556 641 1695 691 sunt
1731 633 1887 709 quod
1924 640 2066 691 tunc
2103 632 2245 691 nihil
2276 633 2531 709 proficiant

483 750 556 792 ac
592 734 884 808 recipiant
911 735 1150 791 tametsi
1185 733 1434 791 audiunt
1459 732 1565 791 illa
1602 741 1662 791 et
1690 736 1749 792 in
1777 733 1982 792 Verbo
2021 734 2221 791 vident
2246 733 2355 802 illa,
2385 734 2532 807 signi-

480 834 692 894 ficatur
728 848 835 908 per
872 832 1186 891 aedificare
1224 839 1284 891 et
1310 851 1430 892 non
1465 833 1831 907 inhabitare,
1889 841 1949 892 et
1983 833 2256 910 plantare
2293 835 2466 890 vineas
2494 839 2535 888 et

481 951 602 993 non
646 932 852 990 bibere
906 934 1106 990 vinum
1164 950 1400 1005 earum,
1456 933 1667 992 domus
1720 941 1862 992 sunt
1913 934 2075 991 bona
2126 933 2436 1002 Ecclesiae,
2486 946 2535 988 ac

481 1036 696 1093 vineae
742 1048 873 1089 cum
923 1034 1062 1089 vino
1112 1039 1251 1091 sunt
1298 1050 1446 1091 vera
1488 1034 1636 1108 ejus.
1723 1033 1954 1092 Similia
1988 1032 2390 1108 intelliguntur
2420 1029 2539 1105 apud

488 1133 746 1193 Michaiu
789 1129 943 1204 „Tu
991 1150 1157 1191 cerea
1198 1132 1311 1192 scd
1345 1150 1470 1193 non
1505 1139 1694 1192 metes
1709 1176 1725 1206 ‚
1782 1139 1853 1193 tu
1888 1129 2168 1192 calcabis
2208 1129 2422 1190 olivam
2460 1126 2540 1186 sed

481 1251 606 1294 non
643 1250 841 1309 unqe-s
877 1235 935 1289 te
982 1227 1140 1305 ole0,
1202 1239 1261 1293 et
1299 1238 1586 1293 mustum
1633 1232 1745 1291 ced
1781 1252 1904 1293 non
1949 1232 2118 1292 bibes
2171 1231 2416 1290 vinum“
2452 1227 2540 1285 VI:

492 1335 615 1392 15:
672 1332 832 1407 apud
870 1331 1052 1389 Amos
1116 1375 1152 1403 „
1178 1330 1414 1393 Vineae
1468 1331 1777 1392 desiderii
1815 1330 2244 1410 plantabitiS,
2311 1328 2410 1388 sed
2454 1344 2543 1385 ηοπ

482 1431 703 1492 bibetis
739 1432 955 1490 vinum
992 1435 1258 1489 earum“
1298 1433 1383 1491 V:
1432 1437 1459 1490 1
1488 1438 1511 1491 1
1544 1455 1557 1491 z
1620 1439 1680 1491 et
1716 1433 1877 1507 apud
1911 1432 2261 1490 Hoscheam
2299 1429 2486 1502 „Area
2504 1428 2544 1482 et

483 1528 768 1592 torcular
824 1548 947 1589 non
975 1536 1198 1607 pascet
1243 1550 1398 1606 eoa,
1432 1540 1492 1593 et
1537 1536 1823 1591 mustum
1871 1531 2217 1591 mentietur
2263 1525 2419 1596 illis,
2458 1541 2548 1584 non

484 1629 766 1692 libabunt
799 1629 1072 1689 Jelzovae
1112 1630 1359 1701 vz'num,
1412 1638 1471 1691 et
1516 1650 1641 1691 non
1672 1636 1868 1710 gyrata
1908 1638 2095 1692 mut
2133 1629 2321 1707 ΙΡεί(ί
2365 1627 2546 1685 1X22.

492 1736 564 1805 43
619 1747 730 1805 per
765 1748 964 1787 aream
1004 1738 1064 1787 et
1099 1731 1363 1790 torcular
1412 1732 1630 1789 similia
1674 1730 2087 1806 significantur
2143 1745 2297 1805 quae
2331 1744 2427 1803 per
2454 1725 2548 1782 sru-

486 1835 750 1888 mentum
790 1835 848 1885 et
895 1832 1126 1899 vinum,
1181 1833 1319 1904 quia
1357 1831 1629 1890 collectio
1678 1848 1880 1888 eorum
1916 1831 2034 1906 ibi;
2094 1829 2260 1906 quod
2302 1845 2410 1886 non
2442 1839 2549 1899 pro-

485 1929 688 1987 ficient
729 1943 801 1984 ex
840 1927 957 1985 illis
999 1930 1217 1986 auditis
1256 1931 1622 2005 significatur
1656 1948 1768 2005 per
1803 1931 1962 2006 quod
2004 1949 2127 1988 non
2166 1934 2407 2005 pascent
2433 1922 2550 1993 illos,

486 2034 548 2086 et
589 2026 747 2102 quod
784 2035 1042 2086 inustum
1086 2032 1411 2087 mentietur
1450 2030 1599 2104 illis;
1658 2036 1717 2087 et
1762 2030 1922 2106 quod
1956 2031 2098 2089 inde
2141 2028 2350 2089 Cultus
2392 2036 2552 2082 eorum

484 2146 603 2186 non
641 2136 927 2203 acceptus
965 2131 1073 2199 sit,
1131 2130 1501 2203 significatur
1535 2147 1645 2206 per
1676 2130 1832 2204 quod
1868 2147 1985 2187 non
2017 2130 2296 2188 libabunt
2332 2123 2553 2184 Jehovae

485 2230 717 2296 vinum,
785 2235 846 2285 et
898 2246 1013 2285 non
1071 2235 1244 2303 grata
1292 2237 1492 2302 erunt,
1571 2247 1785 2304 nempe
1823 2229 2141 2301 libamina,
2206 2227 2347 2302 Ipsi.
2419 2217 2556 2297 Apud

488 2328 727 2388 Joelem
764 2326 1374 2407 „Eoepcryiecimini
1412 2328 1569 2388 ebrii
1607 2335 1666 2388 et
1687 2327 1863 2405 flete,
1892 2333 1951 2387 et
1991 2326 2232 2411 ejulate
2257 2335 2552 2401 omioeepo-

487 2435 694 2490 tantes
745 2429 962 2488 vinum
979 2472 998 2501 ,
1060 2433 1317 2505 propter
1362 2435 1650 2489 mustum
1701 2428 1868 2506 quod
1907 2429 2202 2489 eoecisum
2242 2430 2334 2485 est
2377 2441 2444 2482 eoe
2479 2434 2556 2478 cre

487 2535 729 2589 vestro:
785 2527 1159 2588 devastatus·
1193 2535 1289 2587 est
1323 2548 1506 2605 ayer,
1564 2526 1742 2588 luxit
1776 2536 1974 2602 terra,
2012 2530 2171 2608 quia
2211 2526 2558 2586 devastatum

486 2634 580 2688 eet
607 2628 1037 2706 frumentum,
1103 2627 1364 2688 exaruit
1414 2634 1694 2688 minctum
1712 2671 1729 2702 ,
1790 2626 2050 2708 lanquet
2103 2627 2336 2697 oleum,
2390 2616 2554 2701 pude-

476 2726 650 2806 facti
702 2731 851 2787 eunt
910 2723 1262 2805 ayricolae,
1318 2725 1643 2808 effularunt
1692 2728 2042 2788 vinitoree“
2096 2729 2163 2786 I:
2225 2727 2281 2785 5.
2326 2725 2425 2781 10.
2465 2719 2555 2788 113

493 2826 631 2901 quid
672 2843 783 2901 per
818 2826 967 2885 haec
1011 2830 1066 2883 in
1104 2843 1283 2885 sensu
1324 2828 1623 2903 spirituali
1659 2828 2055 2903 significatur,
2111 2827 2383 2886 videatur
2415 2831 2560 2893 supra

485 2944 560 2983 n:
620 2926 793 2997 374,
853 2925 951 2981 ubi
995 2926 1097 2983 illa
1134 2926 1435 3000 explicata
1470 2935 1609 2984 sunt
1623 2947 1638 3001 3
1697 2935 1756 2983 et
1793 2928 1952 3002 quod
1987 2945 2098 3002 per
2135 2929 2340 2986 vinum
2374 2928 2426 2980 et
2454 2933 2556 2976 mu-

488 3031 647 3083 stum
680 3022 1048 3097 intelligatur
1087 3043 1294 3083 verum
1329 3026 1671 3099 Ecclesiae,
1714 3043 1783 3083 ac
1813 3045 1923 3101 per
1961 3029 2251 3085 vinitores
2287 3023 2370 3082 illi
2402 3016 2557 3095 quiin

489 3125 650 3181 veris
705 3130 844 3178 sunt
895 3130 952 3179 et
1007 3123 1221 3182 docent
1272 3125 1412 3200 illa3
1468 3127 1663 3201 agitur
1711 3126 1793 3183 ibi
1844 3126 1917 3182 de
1953 3126 2237 3184 Ecclesia
2275 3121 2556 3182 devastata,

488 3223 592 3279 ubi
629 3222 788 3280 bona
824 3228 883 3278 et
922 3239 1068 3280 vera
1112 3226 1439 3299 perierunt.
1523 3224 1707 3300 Apud
1745 3224 2121 3283 Ezechielem
2181 3223 2561 3300 „Damascue

289 3327 449 3388 [532]
491 3319 885 3400 neyotiatrioe
952 3327 1067 3381 tua
1123 3342 1240 3401 per
1291 3321 1772 3383 multitudinem
1834 3341 2088 3401 operum
2134 3329 2427 3391 tuorum,
2470 3326 2561 3392 per

486 3419 964 3483 multitudinem
1008 3422 1288 3481 omnium
1344 3441 1563 3500 opum,
1623 3424 1694 3482 in
1747 3422 1892 3483 vino
1955 3420 2288 3483 Chelbonis
2334 3423 2389 3478 et
2439 3412 2557 3474 lana

486 3521 857 3583 Zacharis“
895 3521 1175 3580 XXVII:
1222 3523 1342 3597 183
1398 3522 1551 3580 haec
1590 3522 1751 3580 dicta
1784 3528 1923 3580 sunt
1960 3522 2034 3581 de
2063 3523 2251 3599 Tyro,
2289 3536 2395 3597 per
2419 3524 2557 3590 quam

487 3625 855 3700 significatur
888 3620 1165 3679 Ecclesia
1201 3620 1399 3695 quoad
1453 3623 1822 3696 cognitiones
1866 3621 2009 3680 boni
2058 3628 2118 3680 et
2165 3624 2320 3694 veri,
2385 3621 2440 3675 et
2476 3622 2559 3687 per

485 3723 852 3781 Damascum
918 3737 1071 3796 quae
1127 3725 1255 3778 erat
1318 3719 1462 3777 urbs
1517 3718 1727 3796 Syriae
1787 3720 2154 3795 significatur
2217 3712 2558 3779 scientificum

488 3822 872 3891 concordans„
914 3825 976 3876 et
1010 3837 1120 3895 per
1153 3820 1588 3894 negotiationes
1631 3820 1704 3900 de
1743 3819 1958 3895 quibus
1996 3822 2055 3877 in
2089 3820 2192 3878 illo
2232 3819 2431 3892 Capite
2456 3807 2557 3882 agl·

484 3924 613 3986 tur,
676 3918 1081 3994 significantur
1139 3918 1378 3977 illarum
1429 3921 1798 3994 comparatio
1862 3925 1922 3977 et
1976 3916 2448 3984 communicatio,
2505 3917 2557 3962 ὅθ

484 4032 664 4090 usus;
722 4019 862 4097 quia
898 4017 1288 4077 scientificum
1328 4018 1696 4078 concordans
1739 4036 1852 4095 per
1896 4019 2259 4078 Damascum
2296 4008 2555 4090 significa-

486 4123 611 4185 tur,
681 4114 817 4173 ideo
880 4115 1096 4174 dicitur
1160 4118 1318 4194 quod
1382 4121 1462 4177 sit
1521 4121 1880 4195 negotiatrix
1940 4120 2000 4176 in
2044 4116 2407 4176 multitudine
2450 4121 2550 4165 0¹11·

484 4215 647 4272 nium
697 4230 945 4289 operum
1011 4221 1070 4273 et
1130 4234 1342 4293 opum,
1399 4235 1469 4277 ac
1533 4235 1644 4294 per
1711 4235 1930 4294 opera,
1986 4235 2060 4277 ex
2112 4217 2325 4297 quibus
2375 4203 2559 4269 fiebant
