2791 4778
400 353 636 411 CAPUT
677 353 1022 421 QUINTUM.
1786 353 1997 410 VERS:
2043 366 2096 416 9.
2213 391 2219 396 ·
2257 366 2366 418 125

241 535 355 596 p‘er
383 517 696 592 utriusque
752 516 1100 593 sanguinem
1149 513 1517 593 significatur
1553 517 1867 576 exstinctio
1904 517 2094 592 omnis
2128 516 2272 577 boni
2307 524 2370 579 et

240 619 373 676 veri
381 638 400 693 3
440 633 551 693 per
586 615 747 694 quod
774 615 1097 676 occiderint
1129 614 1297 674 illum
1321 616 1481 674 inter
1509 616 1826 693 Templum
1854 622 1915 675 et
1939 615 2149 677 Altate
2177 619 2366 695 signi-

236 719 457 777 ficatur
514 719 575 776 in
619 733 801 776 sensu
861 715 1159 795 spirituali
1220 715 1559 775 omnimoda
1608 717 1854 793 rejectio
1901 716 2169 791 Domini,
2224 735 2365 778 nam

239 817 566 897 Templum
600 817 898 893 significat
933 817 1253 876 Dominum
1290 815 1489 893 quoad
1521 816 1808 876 Divinum
1841 816 2101 885 Verum,
2154 824 2216 878 et
2250 810 2362 881 Al·
2405 826 2572 888 [426]

237 927 369 979 tam
404 918 618 995 Ipsum
656 918 852 993 quoad
887 917 1172 976 Divinum
1204 916 1472 988 Bonum,
1530 924 1591 976 et
1641 920 1795 977 inter
1846 918 1951 976 illa
2001 918 2372 995 significatur

239 1026 568 1095 utrumque
604 1017 812 1093 simuh
868 1017 1045 1094 Quod
1078 1016 1234 1077 Abel
1279 1018 1337 1075 in
1373 1032 1554 1076 sensu
1592 1020 2106 1096 repraesentativo
2143 1021 2222 1079 sit
2253 1020 2367 1079 bo-

236 1138 378 1203 num
409 1120 743 1192 charitatiS‚
782 1118 1057 1177 videatur
1090 1136 1159 1175 n:
1204 1118 1365 1175 342.
1413 1118 1573 1177 344.
1620 1120 1831 1177 1179.
1875 1119 2088 1178 3325:
2128 1127 2188 1178 et
2212 1121 2374 1198 quod

240 1219 389 1281 Cain
427 1221 512 1278 sit
545 1219 699 1278 fides
735 1218 869 1278 sola
902 1224 1183 1293 separata
1220 1235 1255 1275 a
1292 1217 1606 1287 charitate,
1642 1236 1714 1277 n:
1760 1220 1921 1278 340.
1967 1220 2127 1278 347.
2157 1223 2366 1282 1179.

243 1322 458 1381 3325.
540 1318 719 1395 Quod
754 1318 1060 1396 Propheta
1108 1316 1404 1394 significet
1453 1318 1780 1378 doctrinam
1818 1320 1977 1393 veri,
2032 1336 2106 1379 n:
2150 1322 2366 1382 2534.

249 1422 458 1479 7269.
495 1429 523 1450 ·
547 1419 730 1496 Quod
766 1418 1085 1495 Templum
1137 1416 1432 1495 significet
1467 1418 1789 1478 Dominum
1841 1418 2039 1496 quoad
2082 1419 2369 1481 Divinum

242 1519 487 1591 Verum,
544 1538 619 1580 ac
654 1519 865 1580 Altare
901 1519 1107 1595 Ipsum
1151 1517 1348 1594 quoad
1381 1517 1666 1577 Divinum
1699 1519 1951 1594 Bonum,
1992 1525 2053 1578 et
2084 1521 2148 1579 in
2182 1538 2368 1582 sensu

242 1624 588 1699 respectivo
613 1620 887 1697 Regnum
915 1619 1155 1678 Domini
1197 1626 1257 1677 et
1283 1617 1617 1680 Ecclesiam
1654 1619 1849 1697 quoad
1882 1620 2004 1695 illa,
2044 1639 2118 1680 n:
2153 1625 2189 1681 2
2208 1627 2238 1681 7
2257 1627 2289 1682 7
2309 1629 2367 1684 7.

250 1723 457 1783 3720.
506 1724 733 1782 9714.
779 1723 1038 1781 10642.
1107 1718 1282 1796 Quod
1338 1721 1494 1778 inter
1545 1728 1861 1798 utrumque
1920 1722 2217 1798 significet
2264 1722 2368 1783 ubi

246 1824 590 1900 conjugium
616 1822 822 1881 Divini
846 1822 993 1881 Veri
1019 1837 1090 1879 ac
1116 1820 1320 1879 Divini
1345 1819 1497 1879 Boni
1531 1828 1649 1895 est,
1688 1840 1763 1881 n:
1805 1824 1833 1880 l
1852 1824 2065 1881 0001.
2107 1825 2135 1881 1
2154 1825 2292 1882 002
2311 1824 2368 1883 5.

241 1921 310 1981 In
344 1923 556 2004 Verbo
605 1922 835 1998 pluries
881 1922 1102 1999 legitur
1153 1919 1228 1980 de
1277 1919 1687 1981 condemnatis
1744 1922 1819 1980 ad
1867 1931 2143 1990 mortem,
2195 1923 2367 2003 quod

246 2023 598 2102 sanquines
637 2019 901 2083 illomm
944 2039 1135 2100 super
1171 2017 1313 2082 illis
1351 2027 1585 2095 essent,
1634 2030 1692 2081 et
1727 2041 1840 2100 per
1876 2023 1936 2082 id
1972 2025 2031 2082 in
2066 2022 2365 2101 spirituali

245 2138 420 2184 sensu
454 2123 834 2224 intelligitvff
854 2122 1015 2198 quod
1041 2122 1342 2182 damnatio
1378 2129 1544 2181 esset
1570 2139 1758 2199 super
1782 2124 1899 2182 illis
1934 2129 2182 2199 propter
2207 2123 2366 2183 falsa

249 2230 307 2283 et
336 2225 492 2284 mala
529 2243 643 2302 per
679 2241 835 2301 quae
888 2223 1316 2283 destruxerunt
1349 2240 1499 2281 vera
1535 2233 1595 2282 et
1627 2222 1788 2281 bona
1822 2223 2133 2283 Ecclesiae
2154 2267 2171 2297 ,
2224 2241 2365 2283 nam

250 2341 357 2400 per
390 2327 717 2404 sanguines
768 2326 829 2383 in
883 2322 1556 2402 genere-„significantur
1590 2325 1787 2381 omnia
1834 2323 1990 2383 falsa
2042 2323 2368 2396 doctrinae,

255 2427 409 2485 vitae
446 2434 507 2485 et
533 2426 730 2486 cultus
765 2444 877 2503 per
904 2442 1058 2502 quae
1095 2424 1254 2483 mala
1289 2441 1444 2499 qnae
1473 2422 1788 2483 destruunt
1811 2423 2179 2500 Ecclesiam3
2215 2422 2367 2484 haec

262 2524 415 2582 mala
439 2526 635 2602 quoad
662 2534 897 2602 partem
926 2532 1316 2586 recensentur
1344 2523 1503 2599 apud
1531 2523 1915 2583 Ezechielem
1951 2520 2365 2600 capr-XVIII:

273 2625 303 2680 1
321 2626 379 2682 0.
422 2628 526 2685 11.
571 2630 598 2684 1
617 2631 673 2687 2.
707 2631 735 2686 1
755 2629 830 2688 3:
877 2627 1030 2686 haec
1066 2627 1244 2685 etiam
1273 2625 1683 2700 significantur
1715 2640 1827 2702 per
1854 2627 2175 2702 sanguines
2204 2623 2366 2701 apud

261 2722 591 2786 «Iohannem
625 2724 998 2806 „Quotquot
1021 2724 1251 2804 Ipsum
1273 2730 1649 2804 receperunt,
1680 2723 1858 2786 dedit
1885 2725 1973 2786 iis
1989 2727 2371 2804 potestatmn

261 2827 334 2883 ut
344 2822 480 2906 filii
499 2825 642 2888 Dei
671 2832 893 2902 esemt,
924 2824 1315 2889 credentibus
1341 2825 1413 2886 in
1437 2825 1684 2886 Nomen
1708 2823 1952 2905 Ipsius,
1993 2826 2105 2906 qui
2136 2819 2263 2887 non
2283 2843 2367 2886 ex

256 2927 694 3007 εαηρᾳὶηἰόῑιε,
723 2946 911 3008 neque
937 2946 970 2986 e
995 2923 1317 2988 voluntate
1340 2927 1574 3002 σανηίε,
1603 2945 1795 3004 neque
1818 2945 1851 2985 e
1875 2923 2197 2988 voluntate
2220 2924 2368 2998 viri,

254 3025 363 3085 sed
382 3047 461 3088 em
474 3028 631 3090 Deo
655 3028 800 3089 nati
822 3031 1018 3090 καθ’(
1037 3027 1086 3086 I:
1111 3031 1141 3085 1
1157 3031 1218 3086 2.
1244 3030 1272 3086 1
1291 3028 1351 3102 33
1382 3045 1495 3104 per
1508 3027 1741 3088 Nomen
1757 3026 1997 3087 Domini
2021 3027 2367 3105 intelligun-

254 3130 345 3184 tur
370 3130 568 3189 omnia
606 3145 754 3188 vera
780 3136 840 3189 et
866 3116 1054 3202 bona,
1083 3145 1195 3204 per
1231 3145 1385 3205 quae
1417 3126 1704 3187 colendus
1735 3134 1857 3202 est3
1893 3146 2005 3206 per
2042 3130 2367 3205 sanguines

254 3227 660 3306 intelliguntur
679 3231 877 3290 omnia
898 3228 1054 3288 falsa
1080 3234 1141 3286 et
1160 3228 1315 3287 mala
1337 3243 1493 3304 quae
1515 3227 1846 3306 destruunt3
1874 3246 1985 3306 per
1999 3228 2368 3291 voluntatem

256 3331 440 3388 carnis
482 3337 548 3391 et
584 3347 696 3406 per
722 3292 1090 3389 voluntatffm
1115 3330 1230 3388 viri
1256 3327 1663 3405 significantur
1701 3331 1898 3389 omnia
1938 3328 2100 3387 mala
2146 3329 2365 3386 amoris

258 3432 313 3484 et
335 3427 486 3488 falsa
524 3429 670 3488 fidei
681 3450 698 3505 3
741 3447 880 3490 caro
922 3432 1077 3489 enim
1116 3428 1414 3506 significat
1453 3430 1762 3507 proprium
1801 3428 2052 3487 hominis
2081 3427 2363 3485 volunta-

257 3527 398 3586 rium
426 3547 499 3589 ex
521 3547 642 3606 quo
664 3547 835 3590 omne
863 3529 1104 3605 malum,
1137 3536 1196 3588 et
1215 3532 1305 3588 vir
1331 3528 1627 3606 significat
1650 3527 1957 3606 proprium
1983 3526 2237 3586 hominis
2267 3527 2364 3583 in-

260 3625 592 3690 tellectuale
629 3648 705 3690 ex
740 3648 860 3708 quo
903 3647 1074 3691 omne
1108 3629 1361 3704 falsum,
1416 3629 1695 3689 voluntas
1737 3634 1831 3688 est
1856 3627 1960 3687 ubi
1993 3627 2126 3704 illa3
2165 3643 2203 3684 a
2226 3625 2363 3685 Deo

263 3731 417 3788 nasci
444 3738 537 3789 est
563 3733 907 3808 regenerari
931 3749 1043 3808 per
1067 3747 1214 3790 vera
1238 3729 1380 3790 fidei
1405 3736 1466 3789 et
1482 3748 1598 3807 per
1622 3733 1804 3788 vitam
1833 3728 2162 3788 secundum
2190 3726 2315 3787 illa.

404 3830 565 3890 330.
620 3833 713 3891 Ex
747 3834 907 3890 omni
941 3831 1098 3890 tribu
1140 3837 1200 3890 et
1233 3828 1469 3908 lingua,
1531 3830 1692 3907 quod
1728 3829 2022 3908 significet
2058 3829 2133 3888 ab
2172 3829 2365 3889 omni-

261 3922 367 3985 bus
402 3932 502 4006 qui
535 3933 598 3990 in
632 3934 792 3992 veris
831 3931 1028 4008 quoad
1064 3931 1390 3992 doctrinam
1442 3938 1503 3990 et
1537 3931 1734 4008 quoad
1769 3932 1955 3990 vitam
1991 3937 2159 4007 sunt,
2217 3946 2363 3990 con-

263 4029 374 4084 stat
404 4046 480 4088 ex
516 4030 946 4109 significatione
983 4031 1200 4104 tribus,
1257 4031 1415 4107 quod
1444 4032 1570 4090 ‘sint
1606 4034 1804 4092 omnia
1837 4050 1984 4091 vera
2019 4038 2079 4092 et
2113 4031 2274 4091 bona
2304 4031 2369 4090 in

266 4129 588 4206 complexu,
625 4131 699 4192 de
729 4150 848 4208 qua
874 4149 1062 4211 supra
1089 4152 1145 4191 n:
1178 4133 1289 4205 39,
1326 4131 1434 4191 illa
1470 4133 1629 4192 enim
1661 4150 1773 4210 per
1800 4132 2117 4192 duodecim
2145 4130 2369 4192 Tribus

265 4225 669 4309 significantur,
710 4240 771 4294 et
803 4234 941 4295 inde
974 4251 1085 4312 per
1113 4235 1571 4310 unamquamvis
1603 4232 1852 4293 Tribum
1888 4231 2118 4309 aliquid
2143 4231 2271 4289 veri
2309 4234 2372 4295 et
