2791 4778
366 409 377 414 -
395 356 629 414 CAPUT
685 355 1031 424 QUINTUM.
1773 269 2037 412 d'vssltsz
2082 367 2135 419 8.
2294 369 2366 424 89

222 536 414 579 suam
451 517 674 577 elevati
709 523 852 577 sunt
886 519 944 575 in
976 516 1260 593 Coelum5
1297 514 1405 577 sed
1440 533 1576 576 cum
1613 514 1688 575 ab
1717 515 1967 593 Angelis
2009 523 2363 594 perceptum

216 620 377 691 fuit,
438 617 598 695 quod
633 617 901 678 colerent
934 617 1130 676 Deum
1186 616 1379 677 solum
1431 633 1534 677 ore
1588 623 1650 676 et
1688 632 1807 676 non
1842 615 2055 687 corde,
2107 621 2169 676 et
2206 618 2365 693 qnod

217 722 435 798 pietas
475 735 681 779 eorum
720 724 974 778 externa
1009 734 1128 776 non
1161 716 1522 795 procederet
1556 733 1633 777 ex
1665 719 1893 795 pietate
1930 716 2169 793 actuali,
2209 735 2364 794 quae

217 827 323 879 est
362 822 562 893 vitae,
618 819 694 878 ab
730 819 849 878 illis
887 818 1110 895 dejecti
1144 823 1323 891 sunt,
1379 823 1442 876 et
1489 823 1708 896 postea
1756 819 2042 876 associati
2085 816 2205 897 illis
2263 820 2366 895 qui

215 924 282 980 in
323 920 525 979 ’simili
560 922 685 979 vita
742 936 876 980 cum
924 919 1044 977 illis
1095 918 1367 993 fuerunt,
1421 925 1487 977 et
1529 917 1615 976 ibi
1649 918 1947 996 deprivati
1993 934 2104 975 suo
2154 920 2255 996 pio
2304 925 2366 977 et

222 1028 482 1096 sancte,
541 1023 822 1095 quoniam
857 1019 973 1078 hoc
1010 1021 1259 1078 interius
1297 1025 1760 1095 conspurcatum
1809 1018 1921 1077 suit
1955 1018 2127 1077 malis
2163 1020 2361 1078 vitae:
2394 1062 2445 1102 ⁸

170 1147 173 1148 ⁷
219 1121 370 1192 inde
411 1138 658 1197 quoque
695 1122 921 1198 patuit,
991 1118 1150 1196 quod
1189 1117 1403 1177 Cultus
1441 1119 1698 1178 Divinus
1752 1121 2035 1195 primario
2074 1122 2366 1178 consistat

219 1226 283 1281 in
322 1223 460 1280 vita
495 1220 836 1293 charitatis,
895 1226 957 1279 et
992 1218 1349 1278 secundario
1389 1222 1452 1277 in
1485 1222 1713 1295 pietate
1751 1225 2017 1277 externa.
2069 1218 2364 1294 Quoniam

216 1325 366 1399 ‘ip'se
408 1320 630 1380 Cultus
666 1321 925 1380 Divinus
964 1322 1247 1397 primario
1286 1321 1563 1378 consistit
1596 1321 1656 1376 in
1683 1321 1839 1387 vita,
1877 1326 1937 1377 et
1972 1336 2090 1377 non
2125 1322 2185 1377 in
2222 1337 2365 1397 pre-

224 1421 427 1495 eibuS,
466 1422 604 1480 ideo
641 1422 787 1481 dixit
812 1422 1106 1479 Dominus
1145 1420 1303 1497 quod
1336 1421 1395 1477 in
1431 1418 1734 1497 precando
1769 1436 1883 1477 non
1922 1425 2123 1477 essent
2158 1420 2362 1479 multi-

228 1522 409 1597 loqui
459 1527 520 1579 et
563 1522 806 1597 prolixi,
868 1521 960 1579 his
1014 1519 1215 1579 verbis
1281 1563 1319 1594 „
1349 1517 1621 1580 Orantes
1666 1537 1742 1579 ne
1786 1517 1939 1578 sitis
1982 1515 2366 1600 multiloqui,

230 1620 412 1681 sieut
451 1618 746 1696 Etlmici,
797 1621 911 1701 qui
950 1626 1194 1701 putant
1240 1619 1411 1700 quod
1442 1625 1702 1700 propter
1736 1614 2212 1698 multiloquium
2252 1638 2365 1681 ex·-

227 1720 638 1793 audiantum
688 1740 764 1781 ne
798 1721 825 1780 i
822 1722 1006 1801 yitur
1047 1718 1402 1782 reddimim·
1434 1715 1577 1781 illis
1615 1716 1863 1781 similes
1887 1722 1922 1752 “
1981 1720 2201 1780 Matth:
2254 1720 2358 1780 VI:

236 1825 297 1882 7.
335 1823 398 1881 8.
457 1821 618 1899 Quia
651 1839 808 1881 nunc
843 1825 974 1899 ipse
1005 1822 1215 1882 Cultus
1243 1821 1498 1880 Divinus
1535 1822 1807 1880 consistit
1838 1822 2121 1896 primario
2148 1825 2208 1880 in
2234 1823 2361 1879 vita

227 1922 550 1982 charitatis
565 1968 583 1998 ,
625 1931 685 1983 et
712 1922 1066 1982 secundario
1105 1926 1165 1980 in
1192 1922 1503 1998 precibuS,
1541 1920 1677 1981 ideo
1704 1937 1815 1999 per
1836 1937 2049 1996 preces
2085 1923 2145 1981 in
2172 1938 2360 1982 sensu

225 2024 534 2099 spirituali
569 2024 757 2083 Verbi
793 2024 1147 2100 intelligitur
1182 2022 1379 2082 cultus
1417 2040 1495 2081 ex
1526 2022 1684 2082 bono
1720 2021 2054 2098 spirituali,
2092 2022 2208 2083 hoc
2245 2029 2357 2097 est,
2402 2039 2563 2099 [402]

229 2142 303 2182 ex
342 2126 470 2184 vita
507 2124 852 2194 charitatis,
907 2123 1066 2199 quod
1104 2124 1257 2182 enim
1291 2126 1640 2200 primarium
1676 2130 1801 2197 est,
1855 2121 1970 2182 hoc
2005 2123 2362 2199 intelligitur

226 2227 290 2283 ‘in
325 2241 513 2284 sensu
551 2225 879 2302 spirituali,
939 2240 1156 2283 sensus
1201 2224 1414 2283 literae
1461 2230 1665 2283 autem
1701 2225 1975 2282 consistit
2023 2240 2095 2282 ex
2133 2239 2357 2282 secun-

231 2324 455 2400 dariiS,
511 2343 663 2403 quae
700 2332 842 2384 sunt
879 2324 1125 2385 effectus
1165 2331 1229 2383 et
1263 2324 1753 2403 correspondent.
1814 2323 1885 2381 In
1920 2322 2126 2382 Verbo
2177 2324 2360 2380 etiam

234 2425 438 2484 multis
476 2428 536 2484 in
571 2428 719 2486 locis
756 2429 1137 2486 nominantur
1171 2442 1417 2502 preces,
1455 2425 1565 2484 sed
1602 2426 1740 2500 quia
1774 2439 1990 2500 preces
2026 2421 2360 2498 procedunt

241 2541 316 2580 ex
352 2525 562 2600 corde,
617 2534 680 2585 et
713 2543 816 2586 cor
847 2527 1100 2585 hominis
1151 2526 1477 2603 est-qualis
1516 2527 1645 2603 ejus
1682 2525 1807 2582 vita
1859 2525 2076 2581 amoris
2115 2529 2175 2581 et
2210 2522 2356 2582 cha-

240 2624 440 2681 ritatis
479 2631 600 2700 est,
654 2626 789 2685 ideo
824 2643 932 2703 per
964 2644 1179 2703 preces
1215 2612 1498 2685 insensu
1535 2625 1834 2702 spirituali
1868 2623 2222 2700 intelligitur
2259 2623 2362 2682 illa

242 2724 401 2797 vita,
459 2732 521 2783 et
554 2726 748 2786 cultus
801 2744 874 2785 ex
909 2727 1040 2804 illa3
1094 2735 1165 2787 ut
1205 2730 1266 2787 in
1300 2727 1408 2785 his¹
1450 2726 1876 2805 sequentibus;
1934 2724 2097 2800 apud
2132 2724 2359 2785 Lucam

239 2867 278 2897 „
305 2820 587 2903 Viyilate
619 2827 792 2889 omm·
827 2831 1112 2908 tempore,
1142 2834 1476 2908 'precantes
1518 2833 1592 2889 ut
1634 2825 1823 2908 diyni
1848 2820 2225 2901 habeamini,
2272 2825 2362 2887 ad

222 2922 619 3003 suyimdum
656 2947 816 3008 quae
837 2929 1081 3010 futura
1113 2934 1291 3004 sunt,
1346 2935 1408 2990 et
1456 2927 1545 2989 ad
1579 2925 1885 2988 stwndum
1928 2943 2141 2988 coram
2180 2924 2360 2988 Filio

233 3021 562 3088 hominist
604 3029 792 3088 XXI:
830 3032 941 3088 36.
997 3029 1195 3089 Marc:
1227 3029 1405 3089 XIII:
1449 3031 1562 3104 333
1601 3046 1711 3104 per
1736 3027 1985 3104 vigilare
2014 3030 2173 3086 omni
2200 3034 2355 3086 tem-

234 3140 379 3198 pore
413 3129 789 3204 significatur
824 3132 1007 3188 vitam
1058 3130 1435 3206 spiritualem
1485 3129 1600 3188 sibi
1647 3145 2031 3206 comparare,
2085 3128 2361 3187 videatur

190 3218 195 3222 ’
233 3239 415 3302 supra
448 3248 524 3288 n:
571 3232 733 3304 187,
791 3247 976 3307 quare
1028 3232 1208 3288 etiam
1251 3229 1470 3292 dicitur
1501 3229 1863 3303 PrecanteS,
1919 3231 2058 3305 quia
2090 3230 2356 3305 precatio

237 3333 329 3384 est
373 3328 626 3389 effectus
688 3330 848 3390 illius
904 3333 1099 3406 vitae,
1154 3347 1265 3388 seu
1327 3336 1640 3390 externum
1694 3331 1858 3408 cJuS,
1915 3327 2072 3405 quod
2129 3335 2359 3386 tantum

235 3424 373 3484 facit
406 3436 700 3505 quantum
737 3447 811 3489 ex
847 3433 974 3490 vita
1007 3431 1311 3507 procedit,
1367 3437 1512 3490 sunt
1548 3433 1705 3488 enim
1743 3447 1924 3489 unum
1961 3430 2117 3486 sicut
2154 3429 2356 3485 anima

240 3530 297 3580 et
349 3543 607 3606 corpus,
661 3547 732 3588 ac
778 3532 935 3590 sicut
994 3534 1289 3591 internum
1347 3537 1409 3590 et
1457 3537 1781 3590 externum.
1862 3525 2045 3605 Apud
2090 3518 2359 3584 Marcum

246 3620 480 3694 „Jesus
517 3629 730 3700 dixit,
783 3630 999 3692 omnia
1043 3650 1204 3712 quae
1243 3637 1576 3711 precantes
1602 3628 1834 3711 petitis
1847 3671 1866 3703 ,
1921 3623 2155 3687 credite
2195 3624 2362 3706 quod

248 3730 584 3805 accepturi,
639 3736 787 3792 tune
813 3732 932 3812 fiet
968 3731 1162 3806 vobis,
1216 3749 1360 3793 eum
1400 3749 1541 3792 vero
1585 3727 1893 3794 steteritis
1933 3731 2204 3802 orantes,
2256 3744 2357 3787 re-

141 3884 162 3906 ·
249 3819 476 3886 mittite
503 3829 570 3889 si
606 3830 765 3910 quid
798 3830 1040 3893 habetis
1082 3839 1300 3893 eontra
1333 3833 1731 3912 quenquam“
1778 3823 1891 3891 XI:
1936 3831 2051 3888 24¹.
2096 3831 2182 3888 25
2193 3848 2208 3905 3
2262 3828 2360 3888 hic

253 3935 484 4000 quoque
516 3947 627 4006 per
658 3935 920 4009 precari,
958 3940 1170 4010 petere
1209 3939 1268 3992 et
1304 3949 1476 3991 orare
1513 3934 1588 3990 in·
1611 3947 1795 3990 sensu
1840 3929 2139 4006 spirituali
2174 3929 2357 3988 intel-

250 4015 451 4093 ligitur
493 4031 615 4089 vita
666 4035 885 4094 amoris
933 4038 992 4091 et
1041 4033 1378 4106 charitatis,
1438 4050 1578 4092 nam
1630 4035 1731 4108 qui
1779 4034 1840 4090 in
1887 4033 2013 4090 vita
2048 4032 2264 4091 amoris
2303 4038 2360 4089 et

255 4116 550 4189 eharitatis
579 4138 747 4207 sunt,
784 4132 904 4192 illis
943 4133 1117 4192 datur
1154 4152 1190 4192 a
1215 4134 1475 4193 Domino
1513 4132 1654 4209 quid
1688 4133 1935 4208 petituri
1970 4138 2135 4202 sunt,
2176 4147 2359 4207 quare

256 4233 370 4281 non
408 4225 564 4290 aliud
594 4240 806 4312 petunt
838 4251 1017 4312 quam
1053 4234 1211 4312 quod
1246 4234 1466 4292 bonum
1507 4239 1615 4304 est,
1655 4238 1713 4292 et
1747 4231 1808 4290 id
1842 4231 1907 4291 fit
1932 4230 2082 4306 illis,
2126 4236 2182 4287 et
2220 4231 2360 4304 quia
