2791 4778
388 350 627 414 CAPUT
665 349 981 410 semum
1767 346 1978 404 vens:
2020 354 2076 408 2.
2225 321 2345 411 ‘iss

243 508 551 571 XXXIII:
600 510 707 567 16.
756 512 880 567 17:
937 503 1100 584 apud
1148 505 1419 565 Eundem
1473 499 1822 580 „mocula
1858 522 1984 565 non
2027 503 2098 565 in
2140 505 2357 568 robore

240 607 413 688 Equi
438 604 806 683 delectatur,
845 625 971 668 non
994 606 1066 666 in
1075 604 1432 687 semoribus
1456 603 1584 665 viri
1609 601 2056 684 beneplacitum
2078 603 2350 683 Ipsius“

234 708 465 769 Psalm:
505 707 830 767 CXLVII:
876 709 1003 782 10:
1056 724 1168 783 per
1202 706 1448 782 gloriari
1495 706 1556 762 in
1594 722 1773 764 curru
1825 711 1885 764 et
1928 706 1989 762 in
2036 707 2248 779 equis,
2290 710 2355 765 et

238 825 345 886 per
390 806 555 885 quod
592 806 874 866 Jehovah
920 822 1035 864 non
1084 805 1416 863 delectetur
1466 803 1680 863 robore
1728 806 1891 881 equi,
1947 804 2355 880 signiticantur

236 911 457 978 omnia,
497 923 658 982 quae
694 924 768 965 ex
805 906 1050 983 propria
1082 903 1507 980 intelligentia,
1561 921 1631 963 ex
1687 922 1805 979 qua
1855 921 2017 963 mere
2054 903 2208 962 falsa
2220 924 2236 978 3
2293 911 2356 964 et

233 1023 336 1083 per
360 1008 606 1066 femora
654 1007 763 1064 viri
811 1004 1217 1082 significantur
1277 1021 1432 1079 quae
1480 1020 1556 1062 ex
1600 1006 1846 1080 propria
1877 1003 2216 1074 voluntate,
2274 1021 2350 1064 ex

239 1123 351 1183 qua
383 1124 553 1165 mere
591 1106 767 1163 mala.
820 1104 1001 1180 Apud
1035 1104 1222 1163 Amos
1276 1148 1311 1178 „
1336 1101 1488 1162 Non
1527 1107 1736 1186 tenens
1774 1121 1993 1163 arcum
2036 1103 2352 1178 consistet,

234 1187 418 1285 neque
462 1202 630 1265 celer
652 1203 926 1283 pedibus
964 1202 1187 1282 eripiet
1224 1221 1292 1261 se
1309 1222 1336 1273 ;
1387 1213 1582 1282 neque
1621 1203 1909 1280 equitans
1943 1221 2094 1281 equo
2134 1200 2358 1281 eripiet

234 1304 512 1364 animam
557 1319 748 1364 suam
773 1347 789 1374 ,
840 1302 956 1363 sed
991 1302 1200 1382 sortis
1247 1300 1430 1361 corde
1468 1320 1583 1362 suo
1612 1302 1836 1382 fuyiet
1885 1297 2099 1362 nudus
2125 1302 2205 1363 ‘in
2250 1301 2357 1363 die

234 1400 389 1464 ἐᾶθ’(
425 1405 523 1463 II:
577 1408 607 1461 1
631 1406 693 1464 5.
741 1406 859 1479 163
916 1404 1092 1462 etiam
1126 1403 1221 1460 hic
1259 1399 1614 1460 describitur
1658 1403 1907 1478 propria
1938 1402 2349 1478 intelligentia,

233 1511 290 1563 et
322 1504 540 1563 fiducia
580 1522 657 1562 ex
693 1503 985 1561 facultate
1020 1502 1305 1579 loquendi
1355 1507 1416 1560 et
1449 1502 1839 1560 ratiocinandi
1875 1520 1948 1560 ex
1984 1501 2152 1561 falsis
2165 1523 2182 1578 3
2243 1519 2353 1578 per

233 1612 433 1662 tenens
472 1621 687 1662 arcum
721 1620 839 1660 non
875 1604 1194 1674 consistet,
1254 1606 1314 1659 et
1349 1618 1460 1676 per
1496 1601 1656 1660 celer
1689 1601 1947 1678 pedibus
1982 1619 2099 1659 non
2137 1604 2353 1678 eripiet

236 1719 330 1777 se,
381 1704 759 1779 significatur
796 1705 896 1777 qui
931 1704 1045 1760 scit
1082 1700 1359 1759 alacriter
1392 1702 1731 1761 ratiocinari
1770 1719 1840 1760 ex
1879 1701 2146 1761 doctrina
2194 1701 2348 1775 salsi,

236 1809 291 1861 et
325 1821 396 1861 ex
433 1805 693 1861 scientia
730 1819 800 1860 ac
837 1803 1122 1859 memoria
1155 1800 1445 1858 naturalis
1479 1800 1769 1875 hominis,
1809 1819 1926 1861 non
1960 1802 2096 1860 ideo
2133 1818 2349 1860 serva-

230 1900 381 1960 bitur
397 1924 415 1979 ;
454 1902 656 1961 simile
692 1901 1059 1978 significatur
1082 1918 1192 1978 per
1221 1902 1492 1975 equitans
1524 1918 1677 1975 equo
1703 1918 1820 1958 non
1848 1903 2063 1977 eripiet
2094 1904 2350 1960 animam

235 2018 427 2078 suam3
482 2020 599 2079 per
647 2002 858 2059 fortem
913 2001 1092 2058 corde
1146 2001 1248 2081 qui
1281 2000 1470 2075 fugiet
1513 2000 1707 2059 nudus
1743 2002 1803 2058 in
1839 2000 1933 2058 die
1969 1999 2071 2058 illo
2087 2045 2104 2075 ,
2159 2001 2349 2076 signi-

231 2100 432 2159 ficatur
480 2104 587 2178 qui
622 2100 764 2159 fidet
816 2103 943 2159 suis
979 2100 1145 2158 falsis
1198 2098 1355 2174 quod
1392 2098 1621 2174 absque
1674 2099 1831 2158 omni
1863 2116 2006 2158 vero
2044 2102 2184 2174 erit,
2240 2117 2350 2176 per

234 2201 431 2258 sortem
483 2199 667 2260 corde
719 2199 1069 2275 intelligitur
1117 2201 1219 2275 qui
1251 2198 1398 2257 fidet
1445 2200 1572 2257 suis
1610 2199 1815 2267 falsis,
1868 2204 1928 2256 et
1981 2215 2091 2274 per
2124 2197 2351 2257 nudum

234 2299 573 2376 intelligitur
651 2302 750 2375 qui
804 2299 1032 2375 absque
1087 2300 1245 2358 omni
1292 2296 1602 2355 intellectu
1637 2299 1797 2371 veri,
1853 2295 2126 2357 videatur
2162 2313 2348 2372 supra

237 2416 303 2456 n:
342 2404 496 2459 240.
566 2400 751 2476 Apud
799 2400 1041 2476 Esajam
1093 2397 1348 2474 „Dicit
1385 2396 1722 2457 Dominus
1760 2394 2027 2456 Jehovih
2069 2395 2346 2455 Sanctus

240 2494 528 2575 Israelis,
571 2500 643 2559 in
669 2498 1035 2577 quiescendo
1077 2504 1138 2558 et
1175 2498 1245 2558 in
1271 2496 1525 2577 fiducia
1561 2496 1682 2556 erit
1709 2495 1918 2556 virtus
1944 2501 2152 2556 vestra
2164 2514 2194 2566 ;
2235 2492 2351 2555 sed

239 2593 555 2675 noluistis,
598 2605 658 2659 et
685 2586 961 2660 dixistis
1000 2617 1139 2672 non,
1181 2595 1296 2657 sed
1336 2614 1528 2674 super
1552 2613 1702 2673 equo
1716 2595 2073 2675 fuyiemus,
2115 2600 2177 2654 et
2205 2593 2347 2655 ideo

221 2695 489 2775 suyietis
503 2744 520 2773 ,
578 2705 639 2759 et
678 2717 868 2777 super
903 2695 1102 2758 veloce
1140 2696 1565 2776 equitabimus
1575 2738 1595 2770 ,
1652 2702 1712 2755 et
1744 2695 1886 2756 ideo
1921 2691 2154 2756 veloces
2197 2693 2346 2756 red·

236 2795 450 2858 dentur
473 2805 915 2877 persequentes
956 2800 1112 2858 vos“
1152 2797 1362 2856 XXX:
1402 2799 1510 2856 15.
1551 2800 1577 2854 1
1601 2798 1674 2872 63
1724 2798 1922 2871 agitur
1948 2794 2043 2854 hic
2081 2797 2154 2854 de
2189 2795 2347 2855 fidu-

236 2896 321 2953 cia
352 2898 409 2954 in
443 2899 797 2972 Dominum,
840 2905 899 2957 et
934 2898 1006 2956 de
1042 2897 1262 2955 fiducia
1295 2898 1355 2954 in
1391 2912 1495 2969 se,
1550 2881 1625 2955 de
1661 2895 1882 2954 fiducia
1929 2898 1989 2953 in
2024 2896 2346 2955 Dominum

230 3010 331 3070 per
378 2996 530 3056 haec
569 2997 786 3069 verba,
844 2998 986 3055 dixit
1023 2997 1315 3055 Dominus
1351 2995 1617 3058 Jehovih
1668 3002 1912 3054 sanctus
1948 2995 2223 3070 Israelis,
2282 2997 2347 3054 in

238 3098 594 3170 quiescendo
632 3104 692 3155 et
726 3100 785 3155 in
822 3095 1037 3155 fiducia
1075 3098 1186 3154 erit
1216 3097 1406 3153 virtus
1442 3103 1647 3154 vestra
1659 3115 1675 3168 3
1728 3102 1787 3152 et
1823 3094 1894 3152 de
1930 3094 2149 3154 fiducia
2182 3098 2242 3152 in
2277 3111 2345 3153 se

236 3211 338 3269 per
379 3196 530 3255 haec
550 3240 568 3270 ,
620 3203 679 3255 et
715 3197 945 3254 dixistis
975 3212 1121 3269 non,
1160 3194 1270 3254 sed
1302 3211 1488 3270 super
1525 3205 1678 3270 equ'o
1714 3195 2028 3271 fugiemus,
2067 3200 2128 3253 et
2161 3210 2348 3270 super

231 3293 430 3355 veloce
483 3297 902 3371 equitabimus,
940 3313 1053 3371 per
1086 3295 1307 3370 sugere>
1330 3309 1515 3369 super
1552 3311 1723 3369 equo,
1764 3301 1822 3352 et
1860 3296 2125 3369 equitare
2162 3309 2347 3368 super

233 3393 463 3468 veloce,
522 3396 898 3471 significatur
934 3411 1154 3471 cupere
1194 3399 1254 3451 et
1290 3409 1490 3451 amare
1526 3394 1631 3452 illa
1680 3410 1832 3468 quae
1872 3393 1964 3449 sui
1999 3391 2343 3449 intellectus

232 3500 361 3551 sunt
395 3499 456 3552 et
488 3495 625 3553 inde
664 3498 1040 3570 cogitationis
1078 3501 1138 3552 et
1172 3494 1641 3553 ratiocinationis
1654 3511 1669 3565 3
1710 3490 1866 3567 quod
1895 3488 2047 3547 falsa
2082 3497 2220 3547 tunc
2257 3490 2343 3545 ir-

231 3599 473 3666 ruptura
523 3602 585 3651 et
619 3602 1015 3670 occupatura,
1070 3592 1440 3670 significatur
1488 3610 1599 3667 per
1643 3591 1779 3650 ideo
1819 3589 2059 3664 fugietis
2111 3595 2171 3645 et
2206 3587 2343 3645 ideo

230 3690 462 3750 veloces
496 3694 819 3753 reddentur
857 3701 1293 3770 persequentes
1330 3708 1472 3767 vos,
1526 3690 1701 3750 velox
1741 3695 1801 3748 et
1835 3689 2115 3747 festinum
2151 3688 2344 3764 signi-

231 3786 360 3847 ficat
393 3792 554 3868 quod
599 3793 665 3851 fit
719 3812 789 3852 ex
831 3794 1158 3868 cupiditate
1211 3809 1319 3850 seu
1361 3807 1435 3848 ex
1474 3807 1696 3848 amore.
1778 3787 1958 3864 Apud
1997 3787 2343 3848 Sachariam

234 3885 482 3958 „Ponet
525 3890 810 3953 Jehovah
855 3890 1177 3952 Jehudam
1234 3889 1404 3950 sicut
1452 3888 1714 3968 Equum
1770 3884 2020 3968 gloriae
2070 3906 2225 3948 suae
2275 3887 2346 3947 in

231 3983 404 4064 bello,
457 4010 538 4052 ecc
582 3989 699 4052 illo
752 3990 1125 4072 anyularis,
1183 4009 1265 4050 ecc
1316 3987 1432 4049 illo
1477 3987 1727 4059 clavus,
1780 3996 1841 4049 et
1877 4006 1957 4048 ecc
1999 3986 2114 4048 illo
2155 4004 2370 4062 arcus,

232 4082 366 4145 belli
379 4109 407 4159 ;
443 4096 502 4149 et
526 4097 708 4152 erunt
733 4092 903 4153 sicut
911 4095 1199 4170 potentes
1226 4086 1654 4151 conculcantes
1680 4107 1934 4149 coenum
1955 4087 2341 4168 platearum,

232 4189 287 4242 et
324 4187 806 4263 praeliabuntwr
865 4190 1018 4270 quia
1061 4188 1344 4252 Jehovah
1395 4206 1538 4250 cum
1589 4184 1765 4264 illis,
1833 4194 1893 4247 et
1936 4185 2346 4267 pudefacient
