2791 4778
379 383 612 441 CAPUT
650 384 962 440 SEXTUM.
1723 387 1904 442 VERS
1922 410 1936 444 ε
1979 400 2068 452 12.
2224 403 2332 460 387

229 549 284 604 in
314 561 423 604 suo
452 545 673 621 jubare
712 549 833 618 est,
891 552 951 603 et
987 544 1158 603 Luna
1192 546 1253 603 in
1288 560 1399 605 suo
1436 544 1782 623 splendore,
1833 548 1941 608 sed
1979 566 2179 623 coram
2214 552 2333 614 illis

231 648 319 723 qui
351 647 409 703 in
445 646 621 703 malis
661 652 720 703 et
757 645 894 703 inde
931 644 1101 708 falsis
1140 650 1313 719 sunt,
1351 645 1512 704 bona
1551 653 1611 705 et
1649 665 1793 708 vera
1819 650 1905 708 ita
1939 657 2105 725 sunt,
2146 670 2335 728 quare

228 746 545 804 secundum
587 743 1004 821 apparentiam
1046 747 1131 804 ita
1167 746 1389 806 dictum
1429 752 1551 821 est,
1605 747 1690 806 illi
1736 751 1893 809 enim
1929 753 2030 826 qui
2063 752 2124 809 in
2159 754 2334 815 malis

231 852 283 906 et
318 846 452 905 inde
491 847 663 905 salsis
701 853 868 920 sunt,
925 852 1205 907 avertunt
1249 863 1317 905 se
1366 864 1404 904 a
1447 847 1603 907 bono
1646 853 1864 909 amoris
1907 856 1968 909 et
2003 851 2329 929 charitatis,

229 947 460 1024 proinde
501 966 543 1005 a
577 947 868 1024 Domino,
932 953 993 1005 et
1032 952 1173 1006 tunc
1220 964 1337 1006 non
1384 947 1590 1007 volunt
1634 951 1749 1010 nisi
1799 967 1979 1027 quam
2015 951 2231 1011 malum
2271 963 2333 1013 et

227 1065 328 1106 non
364 1049 636 1123 cogitant
683 1049 795 1105 nisi
849 1066 1028 1124 quam
1066 1047 1313 1119 salsum,
1374 1055 1435 1107 et
1484 1053 1584 1124 qui
1632 1051 1962 1109 nonaliud
2013 1052 2221 1111 volunt
2271 1061 2333 1114 et

223 1150 492 1224 cogitant,
535 1165 654 1206 non
684 1147 886 1206 vident
922 1150 1033 1207 nisi
1063 1149 1377 1225 caliginem
1408 1156 1466 1207 et
1502 1150 1782 1210 tenebras
1818 1154 1877 1209 in
1915 1151 2137 1211 talibus
2176 1172 2332 1231 quae

229 1248 380 1308 Coeli
417 1256 479 1307 et
531 1248 842 1307 Ecclesiae
889 1255 1060 1308 sunt:
1117 1253 1258 1325 quia
1312 1247 1466 1308 tales
1514 1250 1924 1328 intelliguntur
1971 1253 2134 1328 apud
2182 1271 2332 1331 qnos

227 1346 320 1407 Sol
364 1348 798 1412 obtenebratur
843 1356 903 1408 et
956 1350 1130 1408 Luna
1177 1367 1294 1408 non
1341 1349 1659 1425 splendere
1713 1353 1856 1413 facit
1900 1352 2098 1414 lucem
2134 1369 2326 1429 suam,

225 1449 344 1507 ideo
380 1450 634 1523 dicitur,
690 1448 765 1506 ad
805 1449 1144 1525 ponendum
1173 1456 1393 1509 terram
1428 1452 1488 1509 in
1524 1454 1888 1527 vastitatem,
1947 1461 2007 1513 et
2043 1463 2334 1529 peccato-
2446 1475 2449 1478 ’

227 1564 312 1608 res
344 1550 477 1626 ejus
517 1550 734 1625 perdat
780 1567 855 1608 ex
904 1567 1011 1625 ea,
1069 1558 1129 1609 et
1169 1550 1335 1621 dein,
1390 1551 1645 1610 visitabo
1682 1570 1868 1631 super
1907 1555 2111 1614 orbem
2146 1556 2329 1614 mali-

225 1652 353 1708 tiam
388 1656 448 1709 et
487 1667 676 1724 super
712 1652 926 1726 impios
962 1653 1335 1728 iniquitatem
1375 1669 1597 1726 eorum,
1634 1671 1746 1731 per
1772 1663 1990 1715 terram
2029 1660 2089 1716 et
2125 1655 2333 1716 orbem

228 1750 579 1826 significatur
615 1750 919 1820 Ecclesia,
979 1759 1039 1811 et
1076 1770 1187 1827 per
1225 1754 1368 1827 poni
1402 1751 1507 1812 illa
1539 1755 1601 1811 in
1648 1758 1989 1816 vastitatem
2027 1755 2333 1832 significa-

227 1857 311 1910 tu‘r
345 1851 505 1927 quod
544 1869 661 1909 non
703 1851 957 1927 amplius
999 1851 1243 1929 aliquod
1277 1852 1534 1928 bonum,
1601 1862 1661 1915 et
1705 1874 1817 1932 per
1855 1858 2098 1916 visitare
2148 1873 2334 1933 super

224 1951 413 2009 orbem
453 1952 741 2009 malitiam
781 1959 841 2010 et
885 1968 1070 2027 super
1104 1955 1318 2029 impios
1355 1956 1732 2030 iniquitatem
1762 1973 1985 2031 eorum,
2025 1956 2330 2033 significa·-

221 2051 631 2112 tur‘Ultimum
667 2051 994 2111 Judicium
1078 2054 1260 2128 Apud
1305 2054 1690 2113 Ezechielem
1740 2054 2127 2134 „Obte9am,
2190 2074 2337 2116 oum

225 2151 584 2212 exstinoeero
646 2158 704 2210 te
717 2195 732 2226 ,
811 2149 1009 2212 coelos
1019 2197 1037 2226 ,
1124 2157 1185 2213 et
1234 2153 1455 2213 atr-abo
1510 2151 1734 2214 stellas
1793 2174 2008 2215 eorum
2022 2199 2041 2231 ,
2122 2150 2339 2215 Solem

222 2251 369 2312 nube
412 2253 697 2330 obtegam
715 2296 732 2325 ,
805 2257 865 2311 et
910 2251 1106 2313 Luna
1156 2272 1281 2313 non
1329 2250 1531 2313 lucere
1571 2253 1781 2331 faciet
1845 2252 2044 2315 lucem
2102 2272 2289 2314 auam
2302 2271 2338 2325 ,-

227 2352 433 2413 omnia
472 2349 824 2414 luminaria
860 2349 1025 2417 lucis,
1072 2354 1143 2414 in
1189 2351 1397 2415 Caelis
1437 2354 1656 2415 atrabo
1693 2373 1886 2435 super
1919 2360 2008 2428 te,
2074 2360 2134 2415 et
2168 2350 2334 2415 dabo

236 2453 503 2513 tenebras
541 2473 737 2532 super
790 2463 963 2515 terra
1011 2457 1174 2515 ruff
1229 2455 1508 2516 XXXII:
1565 2462 1624 2514 7.
1676 2459 1747 2531 83
1803 2456 1953 2515 haec
1991 2456 2150 2514 dicta
2190 2461 2338 2513 sunt

235 2551 309 2610 de
340 2552 640 2613 Pharaone
679 2573 819 2631 rege
860 2556 1150 2632 Aegypti,
1191 2574 1300 2631 per
1337 2574 1513 2632 quern
1551 2557 1633 2615 ibi
1679 2557 2047 2632 significatur
2083 2560 2330 2613 natura-

227 2653 297 2711 lis
333 2652 501 2713 homo
539 2665 856 2731 separatus
893 2673 929 2712 a
966 2657 1290 2731 spirituali,
1338 2659 1389 2714 is
1429 2673 1562 2714 cum
1599 2658 1918 2732 separatus
1956 2661 2049 2715 est
2083 2670 2332 2732 prorsus

228 2756 284 2811 in
317 2755 569 2831 caligine
609 2763 668 2813 et
711 2755 973 2815 tenebris
1012 2768 1105 2815 est
1140 2758 1339 2832 quoad
1377 2758 1576 2815 omnia
1613 2774 1768 2833 qnae
1807 2756 1974 2815 Coeli
2022 2762 2082 2815 et
2115 2755 2333 2814 Eccle-

229 2856 347 2913 siae
391 2861 561 2927 sunt,
630 2863 687 2913 et
724 2863 1005 2931 quantum
1043 2863 1360 2933 separatus
1400 2862 1493 2914 est
1528 2862 1758 2928 tantum
1792 2863 1973 2933 negat
2006 2855 2142 2927 illa,
2196 2874 2337 2917 nam

224 2955 506 3015 naturalis
543 2955 720 3013 homo
750 2956 893 3014 nihil
929 2957 1093 3016 videt
1126 2959 1187 3015 in
1226 2956 1455 3015 talibus
1485 2974 1521 3014 a
1556 2973 1641 3031 se,
1682 2957 1792 3016 sed
1826 2974 1936 3035 per
1963 2957 2340 3034 spiritualem

227 3073 262 3112 a
295 3054 577 3127 Domin0,
629 3056 917 3115 naturalis
957 3059 1111 3115 enim
1157 3056 1333 3116 homo
1377 3064 1471 3116 est
1505 3060 1565 3116 in
1602 3057 1803 3116 mundi
1840 3057 2040 3117 calore
2077 3063 2139 3118 et
2171 3058 2331 3132 luce,

225 3162 283 3214 at
314 3156 644 3232 spiritualis
686 3163 777 3214 est
823 3160 881 3215 in
933 3157 1086 3216 coeli
1135 3158 1334 3217 calore
1389 3164 1449 3216 et
1487 3158 1653 3234 luce;
1711 3177 1783 3217 ex
1837 3159 1929 3217 his
1979 3164 2149 3235 patet
2198 3157 2341 3234 quid

224 3272 327 3330 per
361 3256 598 3332 singula
648 3257 730 3314 ibi
776 3257 1154 3333 intelligitur,
1209 3258 1367 3334 quod
1416 3276 1632 3336 nempe
1671 3277 1782 3336 per
1835 3257 2146 3335 obtegam,
2200 3275 2341 3318 cum

226 3359 558 3416 exstinxero
595 3364 674 3426 te,
712 3358 938 3431 coelos,
978 3358 1385 3434 significentur
1418 3361 1705 3418 interiora
1742 3376 1894 3434 quae
1933 3365 2073 3417 sunt
2105 3360 2168 3415 in
2199 3358 2338 3418 luce

228 3456 399 3533 coeli3
436 3475 548 3534 per
586 3458 792 3515 atrabo
820 3458 1028 3516 stellas
1067 3475 1304 3531 eorum,
1350 3459 1758 3534 significentur
1795 3459 2165 3533 cognitiones
2193 3455 2338 3515 boni

225 3562 285 3614 et
313 3560 466 3632 veri;
523 3576 634 3634 per
672 3557 874 3617 Solem
916 3558 1082 3617 nube
1114 3559 1422 3636 obtegam,
1463 3558 1827 3634 significetur
1861 3555 2081 3614 bonum
2116 3556 2339 3614 amoris

226 3657 283 3712 in
328 3657 673 3734 Dominum,
730 3677 841 3735 per
874 3658 1047 3718 Luna
1089 3677 1208 3718 non
1242 3660 1445 3718 lucere
1483 3658 1664 3716 faciet
1699 3657 1896 3715 lucem
1932 3671 2122 3724 suam,
2152 3655 2341 3731 signi-

226 3754 427 3815 ficetur
462 3758 684 3819 bonum
722 3759 1027 3818 charitatis
1084 3777 1228 3836 erga
1270 3761 1608 3836 proximum
1646 3764 1706 3816 et
1742 3756 1879 3815 inde
1925 3773 2134 3813 verum
2171 3753 2336 3832 fidei3

227 3870 342 3930 per
370 3861 563 3916 omnia
601 3859 915 3918 luminaria
948 3860 1099 3919 lucis
1140 3859 1349 3919 atrabo
1393 3876 1581 3934 super
1616 3865 1708 3930 te,
1749 3855 2157 3933 significantur
2195 3873 2336 3915 om-

226 3957 324 4013 nia
352 3962 517 4033 vera3
577 3966 650 4017 et
676 3978 786 4036 per
823 3959 977 4018 dabo
1015 3960 1295 4021 tenebras
1337 3976 1523 4037 super
1557 3965 1721 4018 terra
1763 3965 1884 4031 tua,
1925 3955 2336 4033 significantur

226 4054 386 4118 falsa.
464 4060 646 4135 Apud
692 4058 929 4119 Joe‘le'm
970 4105 1006 4135 „
1032 4058 1216 4121 Venit
1245 4058 1385 4120 dies
1414 4056 1710 4135 Jehovae,
1766 4056 1906 4118 dies
1941 4056 2336 4118 tenebrarum

228 4159 289 4213 et
334 4156 661 4238 caliyinis,
708 4158 848 4220 dies
884 4159 1074 4221 nubis
1121 4167 1180 4221 et
1215 4158 1653 4233 obscuritati&
1715 4176 1928 4221 coram
1965 4156 2121 4238 Ipso
2169 4175 2338 4219 oom-

232 4261 390 4317 mota
432 4267 526 4319 eat
570 4264 770 4335 terra,
833 4257 947 4319 Sol
988 4265 1048 4319 et
1088 4257 1283 4320 Luna
1333 4260 1541 4320 atrati
1579 4267 1757 4333 eunt,
1822 4263 1882 4317 et
1925 4256 2150 4321 stellae
2193 4275 2340 4316 con-

1757 4360 1842 4415 25
1882 4352 1919 4390 ³*
