2791 4778
391 323 624 378 CAPUT
665 323 976 399 SEXTUM.
1741 326 1946 380 VERS:
1995 340 2082 389 15.
2241 341 2348 395 471

249 483 729 561 vespertiliones,
800 484 940 559 quia
988 484 1155 541 visus
1213 500 1418 541 earum
1473 489 1566 541 est
1612 486 1671 542 in
1708 485 1967 544 tenebris
2010 493 2070 545 et
2118 487 2350 565 fugiunt

239 585 458 658 lucem3
490 583 782 661 judicium
821 597 1006 659 super
1042 582 1177 641 illos
1211 582 1569 642 describitur
1605 602 1715 660 per
1748 586 1906 661 quod
1951 588 2253 647 intrabunt
2289 592 2348 649 in

238 685 556 762 speluncas
590 692 892 760 petrarum
934 696 994 741 et
1029 685 1085 740 in
1127 683 1373 742 fissuras
1419 684 1715 760 pulveris,
1780 693 1902 744 tum
1949 688 2007 744 in
2054 691 2348 749 scissuras

235 799 541 863 petrarum
580 791 639 842 et
673 787 734 842 in
780 783 1030 842 fissuras
1086 786 1347 859 rupium,
1407 802 1476 842 ac
1524 802 1634 861 per
1670 788 1891 845 intrare
1927 789 1989 845 in
2023 790 2346 865 speluncas

232 894 543 964 petrarum
581 891 639 944 et
674 884 922 943 fissuras
951 885 1218 960 pulveris
1255 886 1621 961 significatur
1656 873 1952 945 damnatio
1979 888 2214 948 illorum
2245 894 2347 967 qui

231 991 287 1047 in
320 987 503 1046 malis
542 991 603 1043 et.
639 985 807 1043 falsis
845 1003 918 1044 ex
968 983 1270 1045 amoribus
1309 988 1403 1043 sui
1441 993 1500 1046 et
1535 988 1756 1057 mundi,
1793 994 1852 1045 et
1890 1006 1962 1047 ex
1998 989 2159 1048 fastu
2194 1005 2341 1067 pro-

229 1091 395 1165 priae
456 1086 884 1162 intelligentiae
930 1093 1096 1160 sunt,
1168 1086 1401 1144 inferna
1456 1090 1611 1146 enim
1665 1105 1867 1147 eorum
1933 1097 2226 1166 apparent
2280 1097 2345 1149 ut

146 1241 153 1244 l
228 1190 559 1265 speluncae
598 1190 657 1245 in
692 1190 910 1262 petris,
970 1205 1040 1246 ac
1092 1187 1286 1245 aditus
1332 1189 1393 1245 in
1442 1187 1547 1245 illa
1585 1195 1652 1247 ut
1695 1191 1995 1249 scissurae
2035 1197 2343 1266 petrarum

229 1298 286 1349 et
318 1291 581 1348 fissurae
631 1290 898 1363 rupium,
960 1297 1168 1363 petrae
1226 1294 1285 1345 et
1337 1305 1522 1364 rupes
1573 1292 1749 1347 etiam
1802 1289 2137 1366 significant
2187 1291 2344 1350 falsa

227 1391 362 1450 fidei
408 1397 467 1450 et
503 1386 833 1457 doctrinae,
891 1406 961 1448 ac
1003 1389 1200 1465 pulvis
1242 1389 1538 1464 significat
1572 1389 1929 1449 damnatum.
2010 1392 2192 1468 Apud
2227 1393 2340 1452 Je-

146 1513 147 1518 ’
224 1496 474 1556 remiam
515 1533 552 1564 „
569 1488 801 1549 Terror
835 1472 987 1550 tuas
1030 1489 1269 1569 decepit
1314 1496 1394 1563 te,
1451 1490 1747 1569 superbia
1783 1490 1996 1551 cordis
2041 1492 2168 1562 tui,
2221 1491 2339 1552 Iza-

227 1569 537 1654 bitans⁰in
557 1588 993 1670 foraminibus
1022 1598 1386 1668 petrarum,
1434 1596 1644 1651 tenens
1679 1588 2088 1653 altitudinem
2123 1590 2305 1654 collis
2315 1613 2341 1663 ,-

227 1693 287 1753 ei
332 1690 663 1753 exaltares
699 1690 867 1751 sieut
901 1688 1123 1770 aquila
1161 1691 1389 1754 nidum
1430 1699 1642 1768 tuum,
1695 1692 1844 1752 inde
1884 1692 2208 1774 dejicerem
2236 1698 2339 1754 te“

229 1795 467 1854 XLIX:
536 1797 655 1867 163
727 1793 878 1852 hacc
932 1794 1090 1852 dicta
1134 1801 1273 1852 sunt
1326 1792 1399 1853 de
1446 1794 1646 1851 Esavo
1697 1801 1763 1853 et·
1799 1795 2053 1867 Edom0,
2125 1803 2185 1854 et
2231 1814 2340 1873 per

229 1894 491 1955 Esavum
541 1893 636 1952 hic
699 1892 1066 1970 significatur
1116 1913 1281 1954 amor
1343 1896 1438 1953 sui
1492 1900 1553 1952 et
1608 1894 1745 1953 inde
1807 1896 2029 1954 malum
2079 1896 2339 1971 perdens

232 1995 593 2069 Ecclesiam,
652 2002 711 2054 et
748 2012 858 2070 per
891 1995 1182 2053 Edomum
1220 1995 1412 2053 fastus
1449 1996 1729 2069 propriae
1764 1995 2230 2072 intelligentiae,
2280 2004 2342 2059 et

232 2096 367 2156 inde
402 2095 617 2155 falsum
653 2095 912 2171 perdens
954 2095 1318 2170 Ecclesiam3
1374 2093 1536 2169 quod
1586 2110 1752 2152 amor
1786 2096 1880 2151 sui
1918 2100 1976 2153 et
2010 2096 2202 2154 fastus
2236 2096 2337 2155 ille

232 2197 620 2271 intelligatur,
676 2201 845 2271 patet
880 2215 955 2253 ex
1004 2214 1104 2270 eo,
1163 2195 1321 2273 quod
1374 2194 1631 2267 dicatur,
1687 2194 1972 2271 superbia
2007 2194 2202 2253 cordis
2252 2198 2338 2253 tui

238 2295 477 2373 decepit
508 2304 591 2364 te,
639 2300 688 2355 si
719 2297 1018 2356 exaltares
1045 2299 1204 2355 sicut
1238 2296 1439 2373 aquila
1465 2294 1662 2354 nidum
1700 2300 1897 2365 tuum,
1933 2295 2068 2354 inde
2107 2295 2333 2374 dejice-

244 2412 367 2457 rem
402 2402 458 2456 te
471 2417 487 2472 3
537 2397 621 2458 illi
657 2402 757 2477 qui
791 2401 852 2455 in
888 2397 1056 2456 falsis
1103 2417 1172 2457 ex
1211 2401 1455 2475 propria
1492 2396 1883 2474 intelligentia
1918 2404 2056 2456 sunt
2089 2397 2241 2455 infra
2275 2400 2335 2455 in

237 2500 414 2572 petris
448 2499 734 2570 habitant,
779 2506 836 2556 et
875 2499 1070 2558 aditus
1110 2499 1185 2556 ad
1220 2499 1357 2557 illos
1387 2505 1683 2574 apparent
1718 2501 1872 2557 sicut
1908 2498 2198 2556 foramina
2235 2499 2335 2568 ibi,

237 2616 383 2674 quae
433 2603 607 2659 etiam
653 2601 792 2665 mihi
846 2617 1082 2675 quoque
1130 2601 1260 2658 visa
1296 2605 1461 2674 sunt-3
1518 2600 1677 2656 intus
1718 2605 1917 2656 tamen
1965 2604 2108 2656 sunt
2143 2599 2333 2658 cellae

230 2698 541 2761 lacunatae
592 2709 652 2761 et
702 2717 1008 2772 camerae,
1077 2680 1445 2758 ubi'sedent
1504 2702 1561 2757 in
1615 2698 1947 2773 phantasiis
2001 2701 2157 2772 suis;
2226 2699 2334 2758 sed

228 2810 548 2883 antequam
584 2803 724 2860 illuc
763 2801 1126 2877 injiciuntur,
1169 2806 1466 2876 apparent
1503 2798 1588 2856 illi
1623 2815 1809 2874 supra
1850 2806 2077 2858 montes
2117 2806 2174 2857 et
2204 2801 2332 2858 col-

224 2900 347 2978 leS,
407 2903 670 2962 evehunt
703 2904 860 2959 enim
909 2919 975 2959 se
1021 2904 1078 2971 in
1127 2900 1467 2959 altitudines
1520 2917 1630 2975 per
1663 2899 2013 2977 phantasias
2026 2946 2043 2976 ,
2102 2908 2160 2959 et
2196 2904 2336 2978 quia

222 3021 340 3063 nen
375 3007 434 3061 in
480 3006 637 3062 veris
675 3010 843 3077 sunt,
898 3010 1113 3078 putant
1157 3001 1316 3077 quod
1356 3017 1606 3079 corpore
1642 3003 1725 3061 ibi
1760 3005 1907 3077 sint,
1966 3021 2102 3063 cum
2138 3009 2334 3061 tamen
2375 3011 2534 3073 [655]

222 3121 476 3181 corpore
515 3112 652 3162 sunt
694 3106 755 3161 in
792 3106 1065 3163 cavernis
1102 3113 1446 3181 petrarum3
1500 3103 1614 3162 hoc
1656 3106 1856 3180 itaque
1904 3112 1996 3164 cst
2044 3104 2204 3180 quod
2237 3106 2331 3163 in-

219 3206 511 3280 telligitur
546 3223 655 3280 per
689 3204 966 3262 habitans
1014 3206 1075 3262 in
1112 3204 1511 3276 ‚foraminibus
1560 3212 1895 3279 petrarum,
1951 3212 2160 3265 tenens
2198 3205 2336 3263 alti-

181 3307 492 3365 *tudinem
533 3289 732 3363 collis:
788 3305 928 3362 inde
968 3311 1202 3364 constat
1238 3304 1417 3380 quale
1459 3309 1552 3363 est
1592 3304 1889 3378 Verbum,
1930 3307 2088 3380 quod
2121 3323 2337 3382 nempe

217 3406 426 3467 multis
461 3408 521 3463 in
556 3403 703 3464 locis
742 3398 1068 3464 secundum
1107 3407 1293 3464 facies
1332 3411 1391 3462 et
1428 3405 1814 3478 apparentias
1853 3405 1910 3461 in
1945 3404 2170 3462 Mundo
2206 3407 2335 3479 spi-

216 3507 423 3567 rituali
471 3494 704 3582 ignotas
761 3506 1011 3579 homini,
1070 3506 1178 3564 sed
1235 3510 1407 3562 notas
1455 3502 1761 3578 spiritibus
1824 3510 1884 3560 et
1930 3504 2190 3580 angelis3
2262 3522 2335 3562 ex

218 3625 341 3685 quo
380 3614 580 3683 patet,
635 3606 794 3682 quod
835 3605 1101 3666 Verbum
1142 3607 1317 3663 etiam
1354 3604 1434 3662 sit
1471 3620 1580 3680 pro
1621 3601 1739 3660 illis
1780 3605 2087 3678 scriptum.
2155 3602 2339 3680 Apud

219 3707 521 3770 Obadiam
559 3705 919 3785 „Superbia
958 3704 1172 3766 cordis
1207 3705 1306 3765 tui
1353 3702 1592 3783 decepit
1633 3707 1716 3777 te,
1780 3702 1891 3781 qui
1923 3702 2220 3765 habitans
2268 3703 2339 3762 in

207 3806 486 3889 fissuris
515 3815 765 3886 petrae,
817 3804 1163 3867 altitudine
1216 3803 1391 3864 sedis
1430 3810 1598 3877 tuae,
1654 3804 1763 3882 qui
1798 3802 1958 3866 dicit
1993 3803 2176 3865 eorde
2201 3822 2335 3879 sm,

217 3908 370 3988 quis
408 3907 695 3968 detrahet
728 3927 826 3968 me
862 3909 929 3968 in
972 3915 1208 3969 terram
1217 3925 1244 3977 ;
1301 3905 1361 3965 si
1391 3902 1782 3966 exaltaveris
1821 3911 1879 3966 te
1905 3904 2070 3967 sicut
2095 3901 2336 3987 aquila,

218 4016 279 4071 et
317 4008 382 4069 ei
426 4009 592 4069 inter
638 4005 863 4069 stellas
898 4008 1095 4088 poni-s·
1133 4005 1360 4069 nidum
1404 4013 1617 4083 tuum,
1670 4005 1820 4067 inde
1855 4005 2187 4069 detraham
2231 4007 2334 4067 te“

218 4109 402 4171 Vers:
439 4112 475 4169 3
512 4100 554 4198 [.
589 4099 688 4197 4];
716 4096 878 4177 ,haec
908 4128 1147 4187 quoque
1185 4109 1258 4169 de
1284 4107 1533 4181 Edonio,
1572 4126 1680 4184 per
1707 4125 1883 4184 quem
1910 4108 2008 4168 hic
2033 4106 2337 4186 significa-

176 4209 180 4213 ’
222 4216 319 4270 tur
346 4211 538 4270 fastus
574 4210 922 4271 eruditionis
961 4227 1118 4288 quae
1141 4216 1232 4271 est
1261 4227 1334 4270 ex
1367 4211 1614 4285 propria
1648 4208 2058 4288 intelligentia,
2111 4216 2169 4271 et
2203 4208 2340 4268 inde
