<?xml version="1.0" encoding="UTF-8"?>
<!DOCTYPE html PUBLIC "-//W3C//DTD XHTML 1.0 Transitional//EN"
    "http://www.w3.org/TR/xhtml1/DTD/xhtml1-transitional.dtd">
<html xmlns="http://www.w3.org/1999/xhtml" xml:lang="en" lang="en">
 <head>
  <title>
</title>
<meta http-equiv="Content-Type" content="text/html;charset=utf-8" />
  <meta name='ocr-system' content='tesseract 3.04.00' />
  <meta name='ocr-capabilities' content='ocr_page ocr_carea ocr_par ocr_line ocrx_word'/>
</head>
<body>
  <div class='ocr_page' id='page_1' title='image "apocalypsisexpl03swedgoog_0418.png"; bbox 0 0 2791 4778; ppageno 0'>
   <div class='ocr_carea' id='block_1_1' title="bbox 476 325 2145 436">
    <p class='ocr_par' dir='ltr' id='par_1_1' title="bbox 476 325 2145 436">
     <span class='ocr_line' id='line_1_1' title="bbox 476 325 2145 436; baseline -0.011 0"><span class='ocrx_word' id='word_1_1' title='bbox 476 384 584 436; x_wconf 76' lang='lat'>396</span> <span class='ocrx_word' id='word_1_2' title='bbox 882 368 1372 424; x_wconf 78' lang='lat' dir='ltr'>APOCALYPSIS</span> <span class='ocrx_word' id='word_1_3' title='bbox 1425 365 1864 424; x_wconf 83' lang='lat' dir='ltr'>EXPLICATA.</span> <span class='ocrx_word' id='word_1_4' title='bbox 1911 325 1974 433; x_wconf 41' lang='grc' dir='ltr'>ζ.</span> <span class='ocrx_word' id='word_1_5' title='bbox 2019 374 2145 427; x_wconf 72' lang='grc'><strong>401.</strong></span> 
     </span>
    </p>
   </div>
   <div class='ocr_carea' id='block_1_2' title="bbox 275 525 2562 4317">
    <p class='ocr_par' dir='ltr' id='par_1_2' title="bbox 275 525 2562 4317">
     <span class='ocr_line' id='line_1_2' title="bbox 476 525 2552 610; baseline -0.005 -19"><span class='ocrx_word' id='word_1_6' title='bbox 476 532 628 610; x_wconf 84' lang='lat' dir='ltr'>ejus,</span> <span class='ocrx_word' id='word_1_7' title='bbox 665 528 1071 605; x_wconf 84' lang='lat' dir='ltr'>significantur</span> <span class='ocrx_word' id='word_1_8' title='bbox 1095 544 1300 586; x_wconf 84' lang='lat' dir='ltr'>omnes</span> <span class='ocrx_word' id='word_1_9' title='bbox 1329 530 1430 603; x_wconf 89' lang='lat' dir='ltr'>qui</span> <span class='ocrx_word' id='word_1_10' title='bbox 1452 529 1512 584; x_wconf 77' lang='lat' dir='ltr'>ln</span> <span class='ocrx_word' id='word_1_11' title='bbox 1551 526 1708 585; x_wconf 88' lang='lat' dir='ltr'>bono</span> <span class='ocrx_word' id='word_1_12' title='bbox 1737 527 1957 584; x_wconf 86' lang='lat' dir='ltr'>amoris</span> <span class='ocrx_word' id='word_1_13' title='bbox 1990 526 2050 583; x_wconf 89' lang='lat' dir='ltr'>in</span> <span class='ocrx_word' id='word_1_14' title='bbox 2085 525 2397 584; x_wconf 85' lang='lat' dir='ltr'>Dominum</span> <span class='ocrx_word' id='word_1_15' title='bbox 2435 531 2552 582; x_wconf 75' lang='lat' dir='ltr'>sunt</span> 
     </span>
     <span class='ocr_line' id='line_1_3' title="bbox 474 626 2550 709; baseline -0.003 -18"><span class='ocrx_word' id='word_1_16' title='bbox 474 650 512 691; x_wconf 86' lang='lat' dir='ltr'>a</span> <span class='ocrx_word' id='word_1_17' title='bbox 537 633 743 709; x_wconf 85' lang='lat' dir='ltr'>primis</span> <span class='ocrx_word' id='word_1_18' title='bbox 781 629 856 686; x_wconf 85' lang='lat' dir='ltr'>ad</span> <span class='ocrx_word' id='word_1_19' title='bbox 889 629 1150 701; x_wconf 77' lang='lat' dir='ltr'>ultimos,</span> <span class='ocrx_word' id='word_1_20' title='bbox 1189 628 1263 686; x_wconf 90' lang='lat' dir='ltr'>ab</span> <span class='ocrx_word' id='word_1_21' title='bbox 1292 635 1425 685; x_wconf 91' lang='lat' dir='ltr'>ortu</span> <span class='ocrx_word' id='word_1_22' title='bbox 1465 627 1608 685; x_wconf 81' lang='lat' dir='ltr'>solis</span> <span class='ocrx_word' id='word_1_23' title='bbox 1638 645 1675 683; x_wconf 88' lang='lat' dir='ltr'>a</span> <span class='ocrx_word' id='word_1_24' title='bbox 1703 628 1930 701; x_wconf 87' lang='lat' dir='ltr'>primis,</span> <span class='ocrx_word' id='word_1_25' title='bbox 1969 631 2029 684; x_wconf 88' lang='lat' dir='ltr'>et</span> <span class='ocrx_word' id='word_1_26' title='bbox 2055 626 2128 683; x_wconf 88' lang='lat' dir='ltr'>ad</span> <span class='ocrx_word' id='word_1_27' title='bbox 2161 642 2434 684; x_wconf 89' lang='lat' dir='ltr'>occasum</span> <span class='ocrx_word' id='word_1_28' title='bbox 2466 643 2550 686; x_wconf 84' lang='lat' dir='ltr'>so-</span> 
     </span>
     <span class='ocr_line' id='line_1_4' title="bbox 472 726 2550 804; baseline -0.004 -13"><span class='ocrx_word' id='word_1_29' title='bbox 472 733 547 791; x_wconf 89' lang='lat' dir='ltr'>lis</span> <span class='ocrx_word' id='word_1_30' title='bbox 585 731 662 790; x_wconf 86' lang='lat' dir='ltr'>ad</span> <span class='ocrx_word' id='word_1_31' title='bbox 697 730 935 788; x_wconf 84' lang='lat' dir='ltr'>ultimos</span> <span class='ocrx_word' id='word_1_32' title='bbox 949 773 966 803; x_wconf 88' lang='lat'><em>‚</em></span> <span class='ocrx_word' id='word_1_33' title='bbox 1022 736 1088 787; x_wconf 84' lang='lat' dir='ltr'>ut</span> <span class='ocrx_word' id='word_1_34' title='bbox 1121 731 1181 787; x_wconf 86' lang='lat' dir='ltr'>in</span> <span class='ocrx_word' id='word_1_35' title='bbox 1222 727 1613 804; x_wconf 86' lang='lat' dir='ltr'>sequentibus</span> <span class='ocrx_word' id='word_1_36' title='bbox 1654 726 1743 785; x_wconf 88' lang='lat' dir='ltr'>his</span> <span class='ocrx_word' id='word_1_37' title='bbox 1792 726 1972 801; x_wconf 87' lang='lat' dir='ltr'>locis3</span> <span class='ocrx_word' id='word_1_38' title='bbox 2030 726 2192 803; x_wconf 86' lang='lat' dir='ltr'>apud</span> <span class='ocrx_word' id='word_1_39' title='bbox 2226 726 2550 784; x_wconf 83' lang='lat' dir='ltr'>Malachiam</span> 
     </span>
     <span class='ocr_line' id='line_1_5' title="bbox 480 825 2552 908; baseline -0.004 -16"><span class='ocrx_word' id='word_1_40' title='bbox 480 831 625 908; x_wconf 76' lang='lat' dir='ltr'>„Ab</span> <span class='ocrx_word' id='word_1_41' title='bbox 672 835 816 891; x_wconf 81' lang='lat' dir='ltr'>ortu</span> <span class='ocrx_word' id='word_1_42' title='bbox 863 826 1038 890; x_wconf 71' lang='lat' dir='ltr'><em>Solis</em></span> <span class='ocrx_word' id='word_1_43' title='bbox 1081 847 1274 907; x_wconf 71' lang='lat' dir='ltr'>usque</span> <span class='ocrx_word' id='word_1_44' title='bbox 1306 828 1398 887; x_wconf 83' lang='lat' dir='ltr'>ad</span> <span class='ocrx_word' id='word_1_45' title='bbox 1432 845 1721 887; x_wconf 72' lang='lat' dir='ltr'>occasum</span> <span class='ocrx_word' id='word_1_46' title='bbox 1762 844 2068 907; x_wconf 72' lang='lat' dir='ltr'>maynum</span> <span class='ocrx_word' id='word_1_47' title='bbox 2102 825 2349 885; x_wconf 80' lang='lat' dir='ltr'><em>Nomen</em></span> <span class='ocrx_word' id='word_1_48' title='bbox 2378 846 2552 885; x_wconf 82' lang='lat' dir='ltr'>meum</span> 
     </span>
     <span class='ocr_line' id='line_1_6' title="bbox 474 924 2551 1010; baseline -0.005 -15"><span class='ocrx_word' id='word_1_49' title='bbox 474 933 642 995; x_wconf 78' lang='lat' dir='ltr'>inter</span> <span class='ocrx_word' id='word_1_50' title='bbox 674 935 933 1010; x_wconf 71' lang='lat' dir='ltr'>yentes‘·‘</span> <span class='ocrx_word' id='word_1_51' title='bbox 988 930 1049 988; x_wconf 85' lang='lat' dir='ltr'>I:</span> <span class='ocrx_word' id='word_1_52' title='bbox 1104 933 1133 987; x_wconf 89' lang='lat'>1</span> <span class='ocrx_word' id='word_1_53' title='bbox 1156 932 1225 987; x_wconf 88' lang='lat' dir='ltr'>l:</span> <span class='ocrx_word' id='word_1_54' title='bbox 1279 929 1442 1005; x_wconf 85' lang='lat' dir='ltr'>apud</span> <span class='ocrx_word' id='word_1_55' title='bbox 1477 927 1783 986; x_wconf 84' lang='lat' dir='ltr'><strong>Davidem</strong></span> <span class='ocrx_word' id='word_1_56' title='bbox 1819 925 1966 1000; x_wconf 78' lang='lat' dir='ltr'>„Ab</span> <span class='ocrx_word' id='word_1_57' title='bbox 1996 931 2140 985; x_wconf 74' lang='lat' dir='ltr'>ortu,</span> <span class='ocrx_word' id='word_1_58' title='bbox 2179 924 2351 986; x_wconf 77' lang='lat' dir='ltr'>Solis</span> <span class='ocrx_word' id='word_1_59' title='bbox 2388 945 2551 1005; x_wconf 73' lang='lat' dir='ltr'>usque</span> 
     </span>
     <span class='ocr_line' id='line_1_7' title="bbox 474 1026 2544 1093; baseline -0.004 0"><span class='ocrx_word' id='word_1_60' title='bbox 474 1032 564 1093; x_wconf 83' lang='lat' dir='ltr'>ad</span> <span class='ocrx_word' id='word_1_61' title='bbox 614 1049 906 1091; x_wconf 72' lang='lat' dir='ltr'>occasum</span> <span class='ocrx_word' id='word_1_62' title='bbox 939 1027 1280 1090; x_wconf 73' lang='lat' dir='ltr'>laudatum</span> <span class='ocrx_word' id='word_1_63' title='bbox 1314 1028 1562 1088; x_wconf 77' lang='lat' dir='ltr'>Nomen</span> <span class='ocrx_word' id='word_1_64' title='bbox 1600 1026 1921 1087; x_wconf 77' lang='lat' dir='ltr'>Jehovae“</span> <span class='ocrx_word' id='word_1_65' title='bbox 1965 1026 2194 1085; x_wconf 71' lang='lat' dir='ltr'>Psalm:</span> <span class='ocrx_word' id='word_1_66' title='bbox 2232 1026 2447 1085; x_wconf 85' lang='lat' dir='ltr'>CXIII:</span> <span class='ocrx_word' id='word_1_67' title='bbox 2484 1028 2544 1084; x_wconf 90' lang='lat'>3:</span> 
     </span>
     <span class='ocr_line' id='line_1_8' title="bbox 475 1111 2543 1208; baseline -0.002 -17"><span class='ocrx_word' id='word_1_68' title='bbox 475 1132 636 1208; x_wconf 84' lang='lat' dir='ltr'>apud</span> <span class='ocrx_word' id='word_1_69' title='bbox 673 1131 940 1200; x_wconf 80' lang='lat' dir='ltr'>Eundem</span> <span class='ocrx_word' id='word_1_70' title='bbox 985 1130 1222 1205; x_wconf 73' lang='lat' dir='ltr'>„Deus</span> <span class='ocrx_word' id='word_1_71' title='bbox 1258 1128 1449 1190; x_wconf 70' lang='lat' dir='ltr'>Deus</span> <span class='ocrx_word' id='word_1_72' title='bbox 1486 1126 1769 1188; x_wconf 75' lang='lat' dir='ltr'>Jehovah</span> <span class='ocrx_word' id='word_1_73' title='bbox 1810 1111 2118 1204; x_wconf 71' lang='lat' dir='ltr'>loquitur,</span> <span class='ocrx_word' id='word_1_74' title='bbox 2186 1132 2244 1185; x_wconf 84' lang='lat' dir='ltr'>et</span> <span class='ocrx_word' id='word_1_75' title='bbox 2288 1144 2543 1186; x_wconf 71' lang='lat' dir='ltr'>convoca-</span> 
     </span>
     <span class='ocr_line' id='line_1_9' title="bbox 475 1227 2539 1310; baseline -0.004 -18"><span class='ocrx_word' id='word_1_76' title='bbox 475 1233 565 1292; x_wconf 75' lang='lat' dir='ltr'>hit</span> <span class='ocrx_word' id='word_1_77' title='bbox 601 1237 836 1291; x_wconf 79' lang='lat' dir='ltr'>terram</span> <span class='ocrx_word' id='word_1_78' title='bbox 878 1231 955 1290; x_wconf 83' lang='lat' dir='ltr'>ab</span> <span class='ocrx_word' id='word_1_79' title='bbox 996 1236 1139 1291; x_wconf 77' lang='lat' dir='ltr'>ortu</span> <span class='ocrx_word' id='word_1_80' title='bbox 1180 1228 1482 1310; x_wconf 21' lang='lat' dir='ltr'>Solis-‘ad</span> <span class='ocrx_word' id='word_1_81' title='bbox 1512 1247 1803 1289; x_wconf 76' lang='lat' dir='ltr'>occasum</span> <span class='ocrx_word' id='word_1_82' title='bbox 1835 1227 2017 1309; x_wconf 49' lang='lat' dir='ltr'>(jaff</span> <span class='ocrx_word' id='word_1_83' title='bbox 2082 1228 2315 1286; x_wconf 88' lang='lat' dir='ltr'>Psalm:</span> <span class='ocrx_word' id='word_1_84' title='bbox 2363 1228 2431 1284; x_wconf 85' lang='lat' dir='ltr'>L:</span> <span class='ocrx_word' id='word_1_85' title='bbox 2478 1232 2539 1283; x_wconf 84' lang='lat'>1:</span> 
     </span>
     <span class='ocr_line' id='line_1_10' title="bbox 476 1325 2546 1414; baseline -0.003 -24"><span class='ocrx_word' id='word_1_86' title='bbox 476 1333 638 1410; x_wconf 88' lang='lat' dir='ltr'>apud</span> <span class='ocrx_word' id='word_1_87' title='bbox 690 1332 932 1408; x_wconf 86' lang='lat' dir='ltr'>Esajam</span> <span class='ocrx_word' id='word_1_88' title='bbox 984 1330 1118 1405; x_wconf 78' lang='lat' dir='ltr'>„Ut</span> <span class='ocrx_word' id='word_1_89' title='bbox 1161 1337 1540 1414; x_wconf 70' lang='lat' dir='ltr'>coynoeeant</span> <span class='ocrx_word' id='word_1_90' title='bbox 1588 1330 1664 1389; x_wconf 83' lang='lat' dir='ltr'>ab</span> <span class='ocrx_word' id='word_1_91' title='bbox 1717 1334 1861 1388; x_wconf 76' lang='lat' dir='ltr'>ortu</span> <span class='ocrx_word' id='word_1_92' title='bbox 1914 1325 2088 1388; x_wconf 79' lang='lat' dir='ltr'>Solis</span> <span class='ocrx_word' id='word_1_93' title='bbox 2126 1335 2188 1388; x_wconf 76' lang='lat' dir='ltr'>et</span> <span class='ocrx_word' id='word_1_94' title='bbox 2237 1328 2312 1387; x_wconf 84' lang='lat' dir='ltr'>ab</span> <span class='ocrx_word' id='word_1_95' title='bbox 2356 1345 2546 1386; x_wconf 74' lang='lat' dir='ltr'>occasu</span> 
     </span>
     <span class='ocr_line' id='line_1_11' title="bbox 472 1427 2550 1512; baseline -0.002 -22"><span class='ocrx_word' id='word_1_96' title='bbox 472 1431 640 1512; x_wconf 81' lang='lat' dir='ltr'>quod</span> <span class='ocrx_word' id='word_1_97' title='bbox 672 1450 797 1490; x_wconf 78' lang='lat' dir='ltr'>non</span> <span class='ocrx_word' id='word_1_98' title='bbox 822 1437 1078 1509; x_wconf 76' lang='lat' dir='ltr'>praeter</span> <span class='ocrx_word' id='word_1_99' title='bbox 1117 1430 1271 1490; x_wconf 68' lang='lat' dir='ltr'>Me“‘</span> <span class='ocrx_word' id='word_1_100' title='bbox 1310 1431 1512 1491; x_wconf 84' lang='lat' dir='ltr'>XLV:</span> <span class='ocrx_word' id='word_1_101' title='bbox 1559 1432 1628 1488; x_wconf 81' lang='lat'>6:</span> <span class='ocrx_word' id='word_1_102' title='bbox 1685 1427 1844 1505; x_wconf 80' lang='lat' dir='ltr'>apud</span> <span class='ocrx_word' id='word_1_103' title='bbox 1881 1429 2151 1487; x_wconf 88' lang='lat' dir='ltr'>Eundem</span> <span class='ocrx_word' id='word_1_104' title='bbox 2202 1427 2550 1502; x_wconf 77' lang='lat' dir='ltr'>„Time-bant</span> 
     </span>
     <span class='ocr_line' id='line_1_12' title="bbox 473 1526 2550 1608; baseline -0.004 -14"><span class='ocrx_word' id='word_1_105' title='bbox 473 1534 552 1594; x_wconf 76' lang='lat' dir='ltr'>ab</span> <span class='ocrx_word' id='word_1_106' title='bbox 598 1550 824 1591; x_wconf 71' lang='lat' dir='ltr'>occasu</span> <span class='ocrx_word' id='word_1_107' title='bbox 862 1529 1037 1591; x_wconf 76' lang='lat' dir='ltr'>Solis</span> <span class='ocrx_word' id='word_1_108' title='bbox 1083 1529 1330 1591; x_wconf 80' lang='lat' dir='ltr'><em>Nomen</em></span> <span class='ocrx_word' id='word_1_109' title='bbox 1365 1529 1670 1603; x_wconf 76' lang='lat' dir='ltr'>Jehovae,</span> <span class='ocrx_word' id='word_1_110' title='bbox 1725 1535 1782 1588; x_wconf 77' lang='lat' dir='ltr'>et</span> <span class='ocrx_word' id='word_1_111' title='bbox 1820 1530 1898 1588; x_wconf 83' lang='lat' dir='ltr'>ab</span> <span class='ocrx_word' id='word_1_112' title='bbox 1929 1535 2072 1589; x_wconf 77' lang='lat' dir='ltr'>ortu</span> <span class='ocrx_word' id='word_1_113' title='bbox 2105 1526 2282 1588; x_wconf 74' lang='lat' dir='ltr'>Solis</span> <span class='ocrx_word' id='word_1_114' title='bbox 2304 1526 2550 1608; x_wconf 75' lang='lat' dir='ltr'>ylorz&#39;am</span> 
     </span>
     <span class='ocr_line' id='line_1_13' title="bbox 476 1627 2553 1712; baseline -0.004 -18"><span class='ocrx_word' id='word_1_115' title='bbox 476 1632 749 1712; x_wconf 73' lang='lat' dir='ltr'>Ipsiuc“</span> <span class='ocrx_word' id='word_1_116' title='bbox 789 1627 959 1690; x_wconf 91' lang='lat' dir='ltr'>LIX:</span> <span class='ocrx_word' id='word_1_117' title='bbox 1009 1636 1035 1688; x_wconf 85' lang='lat'>1</span> <span class='ocrx_word' id='word_1_118' title='bbox 1059 1634 1127 1689; x_wconf 88' lang='lat'>9:</span> <span class='ocrx_word' id='word_1_119' title='bbox 1186 1631 1345 1707; x_wconf 81' lang='lat' dir='ltr'>apud</span> <span class='ocrx_word' id='word_1_120' title='bbox 1379 1631 1653 1690; x_wconf 87' lang='lat' dir='ltr'>Eundem</span> <span class='ocrx_word' id='word_1_121' title='bbox 1693 1628 2058 1704; x_wconf 75' lang='lat' dir='ltr'>„Eoecitabo</span> <span class='ocrx_word' id='word_1_122' title='bbox 2097 1648 2139 1688; x_wconf 84' lang='grc' dir='ltr'>α</span> <span class='ocrx_word' id='word_1_123' title='bbox 2175 1629 2553 1707; x_wconf 73' lang='lat' dir='ltr'>septentrione</span> 
     </span>
     <span class='ocr_line' id='line_1_14' title="bbox 275 1728 2552 1813; baseline -0.002 -21"><span class='ocrx_word' id='word_1_124' title='bbox 275 1733 434 1795; x_wconf 84' lang='grc'><strong>[606]</strong></span> <span class='ocrx_word' id='word_1_125' title='bbox 476 1734 587 1813; x_wconf 75' lang='lat' dir='ltr'>qui</span> <span class='ocrx_word' id='word_1_126' title='bbox 631 1730 860 1804; x_wconf 77' lang='lat' dir='ltr'>veniet,</span> <span class='ocrx_word' id='word_1_127' title='bbox 925 1737 985 1789; x_wconf 78' lang='lat' dir='ltr'>et</span> <span class='ocrx_word' id='word_1_128' title='bbox 1018 1731 1096 1790; x_wconf 80' lang='lat' dir='ltr'>ab</span> <span class='ocrx_word' id='word_1_129' title='bbox 1139 1739 1282 1791; x_wconf 78' lang='lat' dir='ltr'>ortu</span> <span class='ocrx_word' id='word_1_130' title='bbox 1332 1728 1509 1790; x_wconf 67' lang='lat' dir='ltr'>Soli-s·</span> <span class='ocrx_word' id='word_1_131' title='bbox 1547 1731 1657 1808; x_wconf 82' lang='lat' dir='ltr'>qui</span> <span class='ocrx_word' id='word_1_132' title='bbox 1699 1729 2011 1810; x_wconf 47' lang='lat' dir='ltr'>invocabit</span> <span class='ocrx_word' id='word_1_133' title='bbox 2046 1728 2292 1790; x_wconf 75' lang='lat' dir='ltr'>Nomen</span> <span class='ocrx_word' id='word_1_134' title='bbox 2334 1731 2552 1789; x_wconf 81' lang='lat' dir='ltr'>meum“</span> 
     </span>
     <span class='ocr_line' id='line_1_15' title="bbox 472 1831 2553 1907; baseline -0.003 -15"><span class='ocrx_word' id='word_1_135' title='bbox 472 1833 645 1893; x_wconf 87' lang='lat' dir='ltr'>XLI:</span> <span class='ocrx_word' id='word_1_136' title='bbox 714 1834 800 1891; x_wconf 81' lang='lat'>25</span> <span class='ocrx_word' id='word_1_137' title='bbox 821 1854 835 1907; x_wconf 82' lang='lat'><em>3</em></span> <span class='ocrx_word' id='word_1_138' title='bbox 932 1832 1090 1907; x_wconf 85' lang='lat' dir='ltr'>quod</span> <span class='ocrx_word' id='word_1_139' title='bbox 1152 1831 1228 1888; x_wconf 85' lang='lat' dir='ltr'>ab</span> <span class='ocrx_word' id='word_1_140' title='bbox 1294 1839 1425 1887; x_wconf 80' lang='lat' dir='ltr'>ortu</span> <span class='ocrx_word' id='word_1_141' title='bbox 1489 1831 1633 1888; x_wconf 87' lang='lat' dir='ltr'>solis</span> <span class='ocrx_word' id='word_1_142' title='bbox 1699 1831 1776 1889; x_wconf 89' lang='lat' dir='ltr'>ad</span> <span class='ocrx_word' id='word_1_143' title='bbox 1842 1848 2122 1890; x_wconf 88' lang='lat' dir='ltr'>occasum</span> <span class='ocrx_word' id='word_1_144' title='bbox 2193 1832 2324 1907; x_wconf 87' lang='lat' dir='ltr'>ejus</span> <span class='ocrx_word' id='word_1_145' title='bbox 2393 1832 2553 1905; x_wconf 87' lang='lat' dir='ltr'>signi-</span> 
     </span>
     <span class='ocr_line' id='line_1_16' title="bbox 472 1931 2555 2007; baseline -0.002 -16"><span class='ocrx_word' id='word_1_146' title='bbox 472 1934 611 1992; x_wconf 86' lang='lat' dir='ltr'>ficet</span> <span class='ocrx_word' id='word_1_147' title='bbox 646 1949 851 1990; x_wconf 88' lang='lat' dir='ltr'>omncs</span> <span class='ocrx_word' id='word_1_148' title='bbox 888 1949 927 1990; x_wconf 88' lang='lat' dir='ltr'>a</span> <span class='ocrx_word' id='word_1_149' title='bbox 962 1934 1162 2006; x_wconf 88' lang='lat' dir='ltr'>primis</span> <span class='ocrx_word' id='word_1_150' title='bbox 1202 1931 1277 1989; x_wconf 86' lang='lat' dir='ltr'>ad</span> <span class='ocrx_word' id='word_1_151' title='bbox 1314 1931 1550 1990; x_wconf 86' lang='lat' dir='ltr'>ultimos</span> <span class='ocrx_word' id='word_1_152' title='bbox 1588 1934 1689 2007; x_wconf 89' lang='lat' dir='ltr'>qui</span> <span class='ocrx_word' id='word_1_153' title='bbox 1721 1934 1782 1992; x_wconf 89' lang='lat' dir='ltr'>in</span> <span class='ocrx_word' id='word_1_154' title='bbox 1818 1932 1973 1991; x_wconf 90' lang='lat' dir='ltr'>bono</span> <span class='ocrx_word' id='word_1_155' title='bbox 2022 1934 2240 1990; x_wconf 85' lang='lat' dir='ltr'>amoris</span> <span class='ocrx_word' id='word_1_156' title='bbox 2278 1934 2336 1989; x_wconf 88' lang='lat' dir='ltr'>in</span> <span class='ocrx_word' id='word_1_157' title='bbox 2371 1931 2555 1989; x_wconf 90' lang='lat' dir='ltr'>Domi-</span> 
     </span>
     <span class='ocr_line' id='line_1_17' title="bbox 474 2029 2555 2106; baseline -0.002 -15"><span class='ocrx_word' id='word_1_158' title='bbox 474 2051 614 2091; x_wconf 88' lang='lat' dir='ltr'>num</span> <span class='ocrx_word' id='word_1_159' title='bbox 651 2040 818 2106; x_wconf 86' lang='lat' dir='ltr'>sunt,</span> <span class='ocrx_word' id='word_1_160' title='bbox 874 2040 968 2091; x_wconf 86' lang='lat' dir='ltr'>est</span> <span class='ocrx_word' id='word_1_161' title='bbox 1014 2034 1152 2106; x_wconf 87' lang='lat' dir='ltr'>quia</span> <span class='ocrx_word' id='word_1_162' title='bbox 1189 2048 1394 2090; x_wconf 82' lang='lat' dir='ltr'>omnes</span> <span class='ocrx_word' id='word_1_163' title='bbox 1430 2033 1492 2090; x_wconf 89' lang='lat' dir='ltr'>in</span> <span class='ocrx_word' id='word_1_164' title='bbox 1530 2029 1713 2091; x_wconf 90' lang='lat' dir='ltr'>Coelo</span> <span class='ocrx_word' id='word_1_165' title='bbox 1762 2032 2032 2091; x_wconf 87' lang='lat' dir='ltr'>habitant</span> <span class='ocrx_word' id='word_1_166' title='bbox 2066 2031 2397 2091; x_wconf 82' lang='lat' dir='ltr'>secundum</span> <span class='ocrx_word' id='word_1_167' title='bbox 2440 2029 2555 2106; x_wconf 87' lang='lat' dir='ltr'>pla-</span> 
     </span>
     <span class='ocr_line' id='line_1_18' title="bbox 477 2129 2560 2210; baseline -0.003 -17"><span class='ocrx_word' id='word_1_168' title='bbox 477 2150 612 2210; x_wconf 87' lang='lat' dir='ltr'>gas,</span> <span class='ocrx_word' id='word_1_169' title='bbox 652 2133 738 2191; x_wconf 87' lang='lat' dir='ltr'>illi</span> <span class='ocrx_word' id='word_1_170' title='bbox 774 2135 876 2208; x_wconf 89' lang='lat' dir='ltr'>qui</span> <span class='ocrx_word' id='word_1_171' title='bbox 911 2137 971 2191; x_wconf 90' lang='lat' dir='ltr'>in</span> <span class='ocrx_word' id='word_1_172' title='bbox 1005 2132 1160 2190; x_wconf 89' lang='lat' dir='ltr'>bono</span> <span class='ocrx_word' id='word_1_173' title='bbox 1199 2135 1419 2191; x_wconf 87' lang='lat' dir='ltr'>amoris</span> <span class='ocrx_word' id='word_1_174' title='bbox 1454 2135 1513 2190; x_wconf 89' lang='lat' dir='ltr'>in</span> <span class='ocrx_word' id='word_1_175' title='bbox 1550 2132 1864 2191; x_wconf 87' lang='lat' dir='ltr'>Dominum</span> <span class='ocrx_word' id='word_1_176' title='bbox 1902 2140 2042 2191; x_wconf 89' lang='lat' dir='ltr'>sunt</span> <span class='ocrx_word' id='word_1_177' title='bbox 2072 2133 2146 2190; x_wconf 83' lang='lat' dir='ltr'>ab</span> <span class='ocrx_word' id='word_1_178' title='bbox 2178 2136 2404 2191; x_wconf 89' lang='lat' dir='ltr'>oriente</span> <span class='ocrx_word' id='word_1_179' title='bbox 2435 2129 2560 2188; x_wconf 87' lang='lat' dir='ltr'>solis</span> 
     </span>
     <span class='ocr_line' id='line_1_19' title="bbox 476 2229 2559 2309; baseline -0.004 -16"><span class='ocrx_word' id='word_1_180' title='bbox 476 2234 554 2293; x_wconf 84' lang='lat' dir='ltr'>ad</span> <span class='ocrx_word' id='word_1_181' title='bbox 593 2234 991 2306; x_wconf 84' lang='lat' dir='ltr'>occidentem,</span> <span class='ocrx_word' id='word_1_182' title='bbox 1048 2229 1132 2290; x_wconf 78' lang='lat' dir='ltr'>illi</span> <span class='ocrx_word' id='word_1_183' title='bbox 1170 2236 1268 2309; x_wconf 88' lang='lat' dir='ltr'>qui</span> <span class='ocrx_word' id='word_1_184' title='bbox 1302 2235 1322 2291; x_wconf 94' lang='lat' dir='ltr'>i</span> <span class='ocrx_word' id='word_1_185' title='bbox 1403 2235 1628 2292; x_wconf 85' lang='lat' dir='ltr'>oriente</span> <span class='ocrx_word' id='word_1_186' title='bbox 1663 2233 1967 2306; x_wconf 86' lang='lat' dir='ltr'>habitant,</span> <span class='ocrx_word' id='word_1_187' title='bbox 2024 2241 2164 2292; x_wconf 87' lang='lat' dir='ltr'>sunt</span> <span class='ocrx_word' id='word_1_188' title='bbox 2200 2236 2303 2309; x_wconf 92' lang='lat' dir='ltr'>qui</span> <span class='ocrx_word' id='word_1_189' title='bbox 2336 2236 2395 2292; x_wconf 89' lang='lat' dir='ltr'>in</span> <span class='ocrx_word' id='word_1_190' title='bbox 2426 2232 2559 2288; x_wconf 89' lang='lat' dir='ltr'>bono</span> 
     </span>
     <span class='ocr_line' id='line_1_20' title="bbox 477 2332 2560 2411; baseline -0.004 -17"><span class='ocrx_word' id='word_1_191' title='bbox 477 2337 692 2395; x_wconf 86' lang='lat' dir='ltr'>amoris</span> <span class='ocrx_word' id='word_1_192' title='bbox 728 2334 889 2394; x_wconf 90' lang='lat' dir='ltr'>claro</span> <span class='ocrx_word' id='word_1_193' title='bbox 926 2340 1091 2404; x_wconf 87' lang='lat' dir='ltr'>sunt,</span> <span class='ocrx_word' id='word_1_194' title='bbox 1148 2341 1206 2392; x_wconf 87' lang='lat' dir='ltr'>et</span> <span class='ocrx_word' id='word_1_195' title='bbox 1241 2333 1325 2391; x_wconf 89' lang='lat' dir='ltr'>ill1</span> <span class='ocrx_word' id='word_1_196' title='bbox 1364 2334 1466 2409; x_wconf 90' lang='lat' dir='ltr'>qui</span> <span class='ocrx_word' id='word_1_197' title='bbox 1500 2336 1561 2392; x_wconf 87' lang='lat' dir='ltr'>in</span> <span class='ocrx_word' id='word_1_198' title='bbox 1598 2333 1903 2393; x_wconf 85' lang='lat' dir='ltr'>occidente</span> <span class='ocrx_word' id='word_1_199' title='bbox 1943 2337 2043 2411; x_wconf 89' lang='lat' dir='ltr'>qui</span> <span class='ocrx_word' id='word_1_200' title='bbox 2078 2336 2137 2392; x_wconf 89' lang='lat' dir='ltr'>in</span> <span class='ocrx_word' id='word_1_201' title='bbox 2172 2334 2329 2394; x_wconf 91' lang='lat' dir='ltr'>bono</span> <span class='ocrx_word' id='word_1_202' title='bbox 2368 2332 2560 2391; x_wconf 82' lang='lat' dir='ltr'>amoris</span> 
     </span>
     <span class='ocr_line' id='line_1_21' title="bbox 476 2422 2559 2510; baseline -0.003 -15"><span class='ocrx_word' id='word_1_203' title='bbox 476 2437 760 2505; x_wconf 79' lang='lat' dir='ltr'><strong>obscure,</strong></span> <span class='ocrx_word' id='word_1_204' title='bbox 815 2436 951 2494; x_wconf 88' lang='lat' dir='ltr'>inde</span> <span class='ocrx_word' id='word_1_205' title='bbox 1001 2441 1091 2493; x_wconf 87' lang='lat' dir='ltr'>est</span> <span class='ocrx_word' id='word_1_206' title='bbox 1135 2435 1293 2510; x_wconf 89' lang='lat' dir='ltr'>quod</span> <span class='ocrx_word' id='word_1_207' title='bbox 1345 2452 1456 2510; x_wconf 89' lang='lat' dir='ltr'>per</span> <span class='ocrx_word' id='word_1_208' title='bbox 1503 2435 1577 2492; x_wconf 86' lang='lat' dir='ltr'>ab</span> <span class='ocrx_word' id='word_1_209' title='bbox 1616 2442 1749 2492; x_wconf 83' lang='lat' dir='ltr'>ortu</span> <span class='ocrx_word' id='word_1_210' title='bbox 1799 2435 1943 2494; x_wconf 87' lang='lat' dir='ltr'>solis</span> <span class='ocrx_word' id='word_1_211' title='bbox 1990 2422 2075 2493; x_wconf 59' lang='lat' dir='ltr'>&#39;ad</span> <span class='ocrx_word' id='word_1_212' title='bbox 2121 2452 2399 2494; x_wconf 87' lang='lat' dir='ltr'>occasum</span> <span class='ocrx_word' id='word_1_213' title='bbox 2450 2433 2559 2507; x_wconf 86' lang='lat' dir='ltr'>ejus</span> 
     </span>
     <span class='ocr_line' id='line_1_22' title="bbox 476 2533 2561 2614; baseline -0.004 -18"><span class='ocrx_word' id='word_1_214' title='bbox 476 2536 882 2614; x_wconf 85' lang='lat' dir='ltr'>significentur</span> <span class='ocrx_word' id='word_1_215' title='bbox 919 2551 1123 2595; x_wconf 88' lang='lat' dir='ltr'>omnes</span> <span class='ocrx_word' id='word_1_216' title='bbox 1161 2554 1198 2592; x_wconf 87' lang='lat' dir='ltr'>a</span> <span class='ocrx_word' id='word_1_217' title='bbox 1232 2537 1439 2611; x_wconf 87' lang='lat' dir='ltr'>primis</span> <span class='ocrx_word' id='word_1_218' title='bbox 1477 2535 1550 2592; x_wconf 86' lang='lat' dir='ltr'>ad</span> <span class='ocrx_word' id='word_1_219' title='bbox 1588 2533 1825 2594; x_wconf 89' lang='lat' dir='ltr'>ultimos</span> <span class='ocrx_word' id='word_1_220' title='bbox 1882 2539 1980 2611; x_wconf 88' lang='lat' dir='ltr'>qui</span> <span class='ocrx_word' id='word_1_221' title='bbox 2031 2539 2090 2593; x_wconf 90' lang='lat' dir='ltr'>in</span> <span class='ocrx_word' id='word_1_222' title='bbox 2139 2536 2297 2594; x_wconf 90' lang='lat' dir='ltr'>bono</span> <span class='ocrx_word' id='word_1_223' title='bbox 2335 2534 2561 2593; x_wconf 84' lang='lat' dir='ltr'>amoris:</span> 
     </span>
     <span class='ocr_line' id='line_1_23' title="bbox 478 2635 2562 2714; baseline -0.003 -19"><span class='ocrx_word' id='word_1_224' title='bbox 478 2638 638 2714; x_wconf 86' lang='lat' dir='ltr'>quod</span> <span class='ocrx_word' id='word_1_225' title='bbox 674 2637 837 2712; x_wconf 87' lang='lat' dir='ltr'>apud</span> <span class='ocrx_word' id='word_1_226' title='bbox 871 2638 1113 2713; x_wconf 88' lang='lat' dir='ltr'>Esajam</span> <span class='ocrx_word' id='word_1_227' title='bbox 1151 2637 1399 2704; x_wconf 86' lang='lat' dir='ltr'>dicatur,</span> <span class='ocrx_word' id='word_1_228' title='bbox 1439 2635 1709 2693; x_wconf 77' lang='lat' dir='ltr'>excitabo</span> <span class='ocrx_word' id='word_1_229' title='bbox 1747 2654 1781 2692; x_wconf 86' lang='lat' dir='ltr'>a</span> <span class='ocrx_word' id='word_1_230' title='bbox 1817 2639 2225 2713; x_wconf 79' lang='lat' dir='ltr'>septentrione</span> <span class='ocrx_word' id='word_1_231' title='bbox 2264 2638 2365 2711; x_wconf 82' lang='lat' dir='ltr'>qui</span> <span class='ocrx_word' id='word_1_232' title='bbox 2390 2635 2562 2692; x_wconf 89' lang='lat' dir='ltr'>veniet</span> 
     </span>
     <span class='ocr_line' id='line_1_24' title="bbox 478 2735 2561 2812; baseline -0.004 -16"><span class='ocrx_word' id='word_1_233' title='bbox 478 2746 538 2796; x_wconf 88' lang='lat' dir='ltr'>et</span> <span class='ocrx_word' id='word_1_234' title='bbox 575 2737 650 2795; x_wconf 91' lang='lat' dir='ltr'>ab</span> <span class='ocrx_word' id='word_1_235' title='bbox 693 2743 826 2795; x_wconf 87' lang='lat' dir='ltr'>ortu</span> <span class='ocrx_word' id='word_1_236' title='bbox 864 2738 1036 2808; x_wconf 84' lang='lat' dir='ltr'>solis,</span> <span class='ocrx_word' id='word_1_237' title='bbox 1091 2735 1388 2812; x_wconf 81' lang='lat' dir='ltr'>significat</span> <span class='ocrx_word' id='word_1_238' title='bbox 1432 2736 1589 2811; x_wconf 81' lang='lat' dir='ltr'>qnod</span> <span class='ocrx_word' id='word_1_239' title='bbox 1638 2739 1737 2810; x_wconf 85' lang='lat' dir='ltr'>qui</span> <span class='ocrx_word' id='word_1_240' title='bbox 1777 2745 1945 2795; x_wconf 81' lang='lat' dir='ltr'>extra</span> <span class='ocrx_word' id='word_1_241' title='bbox 1980 2737 2311 2795; x_wconf 82' lang='lat' dir='ltr'>Ecclesiam</span> <span class='ocrx_word' id='word_1_242' title='bbox 2353 2738 2561 2794; x_wconf 82' lang='lat' dir='ltr'>suntet</span> 
     </span>
     <span class='ocr_line' id='line_1_25' title="bbox 476 2836 2561 2913; baseline -0.001 -20"><span class='ocrx_word' id='word_1_243' title='bbox 476 2840 580 2913; x_wconf 89' lang='lat' dir='ltr'>qui</span> <span class='ocrx_word' id='word_1_244' title='bbox 616 2839 771 2895; x_wconf 87' lang='lat' dir='ltr'>intra</span> <span class='ocrx_word' id='word_1_245' title='bbox 806 2837 1001 2910; x_wconf 86' lang='lat' dir='ltr'>illam,</span> <span class='ocrx_word' id='word_1_246' title='bbox 1061 2855 1196 2895; x_wconf 85' lang='lat' dir='ltr'>nam</span> <span class='ocrx_word' id='word_1_247' title='bbox 1239 2839 1565 2912; x_wconf 80' lang='lat' dir='ltr'>septentrio</span> <span class='ocrx_word' id='word_1_248' title='bbox 1603 2836 1895 2911; x_wconf 87' lang='lat' dir='ltr'>significat</span> <span class='ocrx_word' id='word_1_249' title='bbox 1929 2837 2249 2896; x_wconf 88' lang='lat' dir='ltr'>obscurum</span> <span class='ocrx_word' id='word_1_250' title='bbox 2299 2839 2445 2908; x_wconf 88' lang='lat' dir='ltr'>veri,</span> <span class='ocrx_word' id='word_1_251' title='bbox 2494 2836 2561 2890; x_wconf 83' lang='lat' dir='ltr'>ita</span> 
     </span>
     <span class='ocr_line' id='line_1_26' title="bbox 471 2910 2559 3012; baseline -0.002 -17"><span class='ocrx_word' id='word_1_252' title='bbox 471 2935 608 2995; x_wconf 86' lang='lat' dir='ltr'>illos</span> <span class='ocrx_word' id='word_1_253' title='bbox 647 2938 748 3009; x_wconf 90' lang='lat' dir='ltr'>qui</span> <span class='ocrx_word' id='word_1_254' title='bbox 798 2944 966 2994; x_wconf 84' lang='lat' dir='ltr'>extra</span> <span class='ocrx_word' id='word_1_255' title='bbox 1015 2937 1351 2996; x_wconf 81' lang='lat' dir='ltr'>Ecclesiam</span> <span class='ocrx_word' id='word_1_256' title='bbox 1410 2910 1578 3011; x_wconf 59' lang='lat' dir='ltr'>saint,</span> <span class='ocrx_word' id='word_1_257' title='bbox 1637 2939 1777 3011; x_wconf 86' lang='lat' dir='ltr'>quia</span> <span class='ocrx_word' id='word_1_258' title='bbox 1829 2938 1916 2996; x_wconf 88' lang='lat' dir='ltr'>illi</span> <span class='ocrx_word' id='word_1_259' title='bbox 1966 2940 2025 2995; x_wconf 89' lang='lat' dir='ltr'>in</span> <span class='ocrx_word' id='word_1_260' title='bbox 2079 2938 2334 2996; x_wconf 90' lang='lat' dir='ltr'>obscuro</span> <span class='ocrx_word' id='word_1_261' title='bbox 2391 2930 2559 3012; x_wconf 86' lang='lat' dir='ltr'>quoad</span> 
     </span>
     <span class='ocr_line' id='line_1_27' title="bbox 475 3037 2555 3110; baseline -0 -17"><span class='ocrx_word' id='word_1_262' title='bbox 475 3051 623 3093; x_wconf 85' lang='lat' dir='ltr'>vera</span> <span class='ocrx_word' id='word_1_263' title='bbox 656 3041 823 3107; x_wconf 84' lang='lat' dir='ltr'>sunt,</span> <span class='ocrx_word' id='word_1_264' title='bbox 881 3055 951 3094; x_wconf 85' lang='lat' dir='ltr'>ex</span> <span class='ocrx_word' id='word_1_265' title='bbox 992 3054 1179 3094; x_wconf 85' lang='lat' dir='ltr'>causa</span> <span class='ocrx_word' id='word_1_266' title='bbox 1234 3039 1371 3110; x_wconf 86' lang='lat' dir='ltr'>quia</span> <span class='ocrx_word' id='word_1_267' title='bbox 1417 3055 1533 3094; x_wconf 91' lang='lat' dir='ltr'>non</span> <span class='ocrx_word' id='word_1_268' title='bbox 1577 3038 1801 3096; x_wconf 83' lang='lat' dir='ltr'>habent</span> <span class='ocrx_word' id='word_1_269' title='bbox 1856 3038 2121 3096; x_wconf 82' lang='lat' dir='ltr'>Verbum</span> <span class='ocrx_word' id='word_1_270' title='bbox 2174 3043 2235 3095; x_wconf 92' lang='lat' dir='ltr'>et</span> <span class='ocrx_word' id='word_1_271' title='bbox 2281 3037 2417 3095; x_wconf 86' lang='lat' dir='ltr'>inde</span> <span class='ocrx_word' id='word_1_272' title='bbox 2462 3048 2555 3091; x_wconf 87' lang='lat' dir='ltr'>non</span> 
     </span>
     <span class='ocr_line' id='line_1_28' title="bbox 472 3131 2559 3214; baseline 0 -20"><span class='ocrx_word' id='word_1_273' title='bbox 472 3136 668 3194; x_wconf 85' lang='lat' dir='ltr'>sciunt</span> <span class='ocrx_word' id='word_1_274' title='bbox 703 3135 924 3210; x_wconf 85' lang='lat' dir='ltr'>aliquid</span> <span class='ocrx_word' id='word_1_275' title='bbox 970 3137 1043 3195; x_wconf 88' lang='lat' dir='ltr'>de</span> <span class='ocrx_word' id='word_1_276' title='bbox 1095 3137 1386 3209; x_wconf 84' lang='lat' dir='ltr'>Domin03</span> <span class='ocrx_word' id='word_1_277' title='bbox 1446 3145 1504 3195; x_wconf 89' lang='lat' dir='ltr'>et</span> <span class='ocrx_word' id='word_1_278' title='bbox 1553 3145 1717 3197; x_wconf 88' lang='lat' dir='ltr'>ortus</span> <span class='ocrx_word' id='word_1_279' title='bbox 1774 3138 1919 3196; x_wconf 87' lang='lat' dir='ltr'>solis</span> <span class='ocrx_word' id='word_1_280' title='bbox 1966 3138 2260 3214; x_wconf 85' lang='lat' dir='ltr'>significat</span> <span class='ocrx_word' id='word_1_281' title='bbox 2311 3137 2442 3196; x_wconf 85' lang='lat' dir='ltr'>illos</span> <span class='ocrx_word' id='word_1_282' title='bbox 2477 3131 2559 3208; x_wconf 81' lang='lat' dir='ltr'>qui</span> 
     </span>
     <span class='ocr_line' id='line_1_29' title="bbox 473 3235 2555 3314; baseline -0.003 -20"><span class='ocrx_word' id='word_1_283' title='bbox 473 3239 627 3294; x_wconf 87' lang='lat' dir='ltr'>intra</span> <span class='ocrx_word' id='word_1_284' title='bbox 663 3235 993 3295; x_wconf 80' lang='lat' dir='ltr'>Ecclesiam</span> <span class='ocrx_word' id='word_1_285' title='bbox 1034 3245 1199 3311; x_wconf 86' lang='lat' dir='ltr'>sunt,</span> <span class='ocrx_word' id='word_1_286' title='bbox 1258 3239 1401 3312; x_wconf 88' lang='lat' dir='ltr'>quia</span> <span class='ocrx_word' id='word_1_287' title='bbox 1433 3238 1657 3296; x_wconf 87' lang='lat' dir='ltr'>habent</span> <span class='ocrx_word' id='word_1_288' title='bbox 1692 3238 1989 3309; x_wconf 88' lang='lat' dir='ltr'>Verbum,</span> <span class='ocrx_word' id='word_1_289' title='bbox 2042 3240 2101 3299; x_wconf 90' lang='lat' dir='ltr'>in</span> <span class='ocrx_word' id='word_1_290' title='bbox 2137 3255 2255 3314; x_wconf 88' lang='lat' dir='ltr'>quo</span> <span class='ocrx_word' id='word_1_291' title='bbox 2292 3237 2555 3296; x_wconf 82' lang='lat' dir='ltr'>Dominus</span> 
     </span>
     <span class='ocr_line' id='line_1_30' title="bbox 476 3338 2555 3414; baseline -0.003 -19"><span class='ocrx_word' id='word_1_292' title='bbox 476 3354 716 3412; x_wconf 84' lang='lat' dir='ltr'>semper</span> <span class='ocrx_word' id='word_1_293' title='bbox 753 3344 843 3395; x_wconf 89' lang='lat' dir='ltr'>est</span> <span class='ocrx_word' id='word_1_294' title='bbox 883 3355 1205 3414; x_wconf 82' lang='lat' dir='ltr'>praesens,</span> <span class='ocrx_word' id='word_1_295' title='bbox 1265 3345 1325 3396; x_wconf 87' lang='lat' dir='ltr'>et</span> <span class='ocrx_word' id='word_1_296' title='bbox 1359 3340 1447 3396; x_wconf 86' lang='lat' dir='ltr'>sic</span> <span class='ocrx_word' id='word_1_297' title='bbox 1481 3341 1542 3396; x_wconf 90' lang='lat' dir='ltr'>in</span> <span class='ocrx_word' id='word_1_298' title='bbox 1572 3345 1734 3397; x_wconf 87' lang='lat' dir='ltr'>ortu:</span> <span class='ocrx_word' id='word_1_299' title='bbox 1793 3338 1951 3413; x_wconf 90' lang='lat' dir='ltr'>quod</span> <span class='ocrx_word' id='word_1_300' title='bbox 1984 3357 2093 3414; x_wconf 85' lang='lat' dir='ltr'>per</span> <span class='ocrx_word' id='word_1_301' title='bbox 2131 3338 2433 3397; x_wconf 88' lang='lat' dir='ltr'>Orientem</span> <span class='ocrx_word' id='word_1_302' title='bbox 2465 3348 2555 3392; x_wconf 88' lang='lat' dir='ltr'>seu</span> 
     </span>
     <span class='ocr_line' id='line_1_31' title="bbox 478 3436 2555 3515; baseline -0.004 -17"><span class='ocrx_word' id='word_1_303' title='bbox 478 3436 688 3498; x_wconf 87' lang='lat' dir='ltr'>Ortum</span> <span class='ocrx_word' id='word_1_304' title='bbox 729 3438 905 3509; x_wconf 85' lang='lat' dir='ltr'>solis,</span> <span class='ocrx_word' id='word_1_305' title='bbox 958 3445 1019 3497; x_wconf 90' lang='lat' dir='ltr'>et</span> <span class='ocrx_word' id='word_1_306' title='bbox 1056 3456 1166 3515; x_wconf 87' lang='lat' dir='ltr'>per</span> <span class='ocrx_word' id='word_1_307' title='bbox 1205 3437 1592 3497; x_wconf 86' lang='lat' dir='ltr'>Occidentem</span> <span class='ocrx_word' id='word_1_308' title='bbox 1629 3455 1737 3496; x_wconf 87' lang='lat' dir='ltr'>seu</span> <span class='ocrx_word' id='word_1_309' title='bbox 1774 3438 2069 3497; x_wconf 88' lang='lat' dir='ltr'>Occasum</span> <span class='ocrx_word' id='word_1_310' title='bbox 2106 3439 2251 3497; x_wconf 89' lang='lat' dir='ltr'>solis</span> <span class='ocrx_word' id='word_1_311' title='bbox 2288 3436 2555 3509; x_wconf 85' lang='lat' dir='ltr'>intelliga-</span> 
     </span>
     <span class='ocr_line' id='line_1_32' title="bbox 475 3534 2553 3609; baseline -0.001 -12"><span class='ocrx_word' id='word_1_312' title='bbox 475 3547 574 3597; x_wconf 86' lang='lat' dir='ltr'>tur</span> <span class='ocrx_word' id='word_1_313' title='bbox 606 3539 826 3599; x_wconf 89' lang='lat' dir='ltr'>bonum</span> <span class='ocrx_word' id='word_1_314' title='bbox 866 3542 1082 3598; x_wconf 88' lang='lat' dir='ltr'>amoris</span> <span class='ocrx_word' id='word_1_315' title='bbox 1120 3541 1178 3596; x_wconf 91' lang='lat' dir='ltr'>in</span> <span class='ocrx_word' id='word_1_316' title='bbox 1217 3538 1378 3597; x_wconf 90' lang='lat' dir='ltr'>claro</span> <span class='ocrx_word' id='word_1_317' title='bbox 1432 3545 1495 3597; x_wconf 87' lang='lat' dir='ltr'>et</span> <span class='ocrx_word' id='word_1_318' title='bbox 1545 3538 1764 3596; x_wconf 90' lang='lat' dir='ltr'>bonum</span> <span class='ocrx_word' id='word_1_319' title='bbox 1810 3541 2029 3597; x_wconf 88' lang='lat' dir='ltr'>amoris</span> <span class='ocrx_word' id='word_1_320' title='bbox 2078 3542 2138 3596; x_wconf 89' lang='lat' dir='ltr'>in</span> <span class='ocrx_word' id='word_1_321' title='bbox 2176 3539 2444 3609; x_wconf 88' lang='lat' dir='ltr'>obscuro,</span> <span class='ocrx_word' id='word_1_322' title='bbox 2480 3534 2553 3589; x_wconf 81' lang='lat' dir='ltr'>vi-</span> 
     </span>
     <span class='ocr_line' id='line_1_33' title="bbox 477 3635 2551 3716; baseline -0.004 -19"><span class='ocrx_word' id='word_1_323' title='bbox 477 3637 690 3697; x_wconf 81' lang='lat' dir='ltr'>deatur</span> <span class='ocrx_word' id='word_1_324' title='bbox 726 3642 785 3696; x_wconf 90' lang='lat' dir='ltr'>in</span> <span class='ocrx_word' id='word_1_325' title='bbox 823 3639 1021 3716; x_wconf 88' lang='lat' dir='ltr'>Opere</span> <span class='ocrx_word' id='word_1_326' title='bbox 1064 3638 1136 3699; x_wconf 87' lang='lat' dir='ltr'>de</span> <span class='ocrx_word' id='word_1_327' title='bbox 1190 3638 1391 3698; x_wconf 67' lang='lat' dir='ltr'>Coeno</span> <span class='ocrx_word' id='word_1_328' title='bbox 1441 3657 1520 3696; x_wconf 75' lang='lat' dir='ltr'>m·</span> <span class='ocrx_word' id='word_1_329' title='bbox 1554 3638 1832 3696; x_wconf 72' lang='lat' dir='ltr'>INanNo</span> <span class='ocrx_word' id='word_1_330' title='bbox 1882 3655 1949 3697; x_wconf 86' lang='lat' dir='ltr'>n:</span> <span class='ocrx_word' id='word_1_331' title='bbox 2016 3641 2171 3697; x_wconf 85' lang='lat'>141.</span> <span class='ocrx_word' id='word_1_332' title='bbox 2217 3641 2375 3697; x_wconf 88' lang='grc'>148.</span> <span class='ocrx_word' id='word_1_333' title='bbox 2420 3635 2551 3693; x_wconf 86' lang='grc'><strong>149.</strong></span> 
     </span>
     <span class='ocr_line' id='line_1_34' title="bbox 485 3738 2550 3816; baseline -0.005 -18"><span class='ocrx_word' id='word_1_334' title='bbox 485 3741 654 3813; x_wconf 81' lang='lat'>1503</span> <span class='ocrx_word' id='word_1_335' title='bbox 710 3745 770 3797; x_wconf 91' lang='lat' dir='ltr'>et</span> <span class='ocrx_word' id='word_1_336' title='bbox 807 3739 964 3815; x_wconf 90' lang='lat' dir='ltr'>quod</span> <span class='ocrx_word' id='word_1_337' title='bbox 1012 3758 1121 3815; x_wconf 87' lang='lat' dir='ltr'>per</span> <span class='ocrx_word' id='word_1_338' title='bbox 1160 3738 1641 3816; x_wconf 81' lang='lat' dir='ltr'>Septentrionem</span> <span class='ocrx_word' id='word_1_339' title='bbox 1675 3756 1881 3795; x_wconf 86' lang='lat' dir='ltr'>verum</span> <span class='ocrx_word' id='word_1_340' title='bbox 1926 3741 1986 3796; x_wconf 90' lang='lat' dir='ltr'>in</span> <span class='ocrx_word' id='word_1_341' title='bbox 2040 3739 2328 3811; x_wconf 87' lang='lat' dir='ltr'>obscuro,</span> <span class='ocrx_word' id='word_1_342' title='bbox 2381 3740 2436 3794; x_wconf 92' lang='lat' dir='ltr'>in</span> <span class='ocrx_word' id='word_1_343' title='bbox 2467 3747 2550 3791; x_wconf 88' lang='lat' dir='ltr'>eo-</span> 
     </span>
     <span class='ocr_line' id='line_1_35' title="bbox 479 3838 2550 3915; baseline -0.005 -19"><span class='ocrx_word' id='word_1_344' title='bbox 479 3839 611 3897; x_wconf 87' lang='lat' dir='ltr'>dem</span> <span class='ocrx_word' id='word_1_345' title='bbox 674 3838 885 3914; x_wconf 88' lang='lat' dir='ltr'>Capite</span> <span class='ocrx_word' id='word_1_346' title='bbox 941 3858 1007 3897; x_wconf 87' lang='lat' dir='ltr'>n:</span> <span class='ocrx_word' id='word_1_347' title='bbox 1057 3843 1209 3898; x_wconf 82' lang='lat'>148.</span> <span class='ocrx_word' id='word_1_348' title='bbox 1260 3842 1420 3898; x_wconf 87' lang='grc'><strong>149.</strong></span> <span class='ocrx_word' id='word_1_349' title='bbox 1462 3840 1625 3906; x_wconf 87' lang='grc'><strong>150,</strong></span> <span class='ocrx_word' id='word_1_350' title='bbox 1667 3838 1751 3896; x_wconf 90' lang='lat' dir='ltr'>ibi</span> <span class='ocrx_word' id='word_1_351' title='bbox 1790 3841 1944 3897; x_wconf 90' lang='lat' dir='ltr'>enim</span> <span class='ocrx_word' id='word_1_352' title='bbox 1986 3842 2182 3915; x_wconf 89' lang='lat' dir='ltr'>agitur</span> <span class='ocrx_word' id='word_1_353' title='bbox 2218 3839 2292 3897; x_wconf 89' lang='lat' dir='ltr'>de</span> <span class='ocrx_word' id='word_1_354' title='bbox 2331 3840 2550 3912; x_wconf 84' lang='lat' dir='ltr'>quatuor</span> 
     </span>
     <span class='ocr_line' id='line_1_36' title="bbox 474 3930 2550 4014; baseline -0.004 -16"><span class='ocrx_word' id='word_1_355' title='bbox 474 3938 678 4014; x_wconf 80' lang='lat' dir='ltr'>Plagis</span> <span class='ocrx_word' id='word_1_356' title='bbox 713 3941 775 3996; x_wconf 92' lang='lat' dir='ltr'>in</span> <span class='ocrx_word' id='word_1_357' title='bbox 813 3939 1035 3997; x_wconf 90' lang='lat' dir='ltr'>Mundo</span> <span class='ocrx_word' id='word_1_358' title='bbox 1070 3938 1383 4013; x_wconf 85' lang='lat' dir='ltr'>spirituali.</span> <span class='ocrx_word' id='word_1_359' title='bbox 1470 3940 1588 3998; x_wconf 89' lang='lat' dir='ltr'>Per</span> <span class='ocrx_word' id='word_1_360' title='bbox 1626 3936 1922 3997; x_wconf 89' lang='lat' dir='ltr'>Occasum</span> <span class='ocrx_word' id='word_1_361' title='bbox 1958 3940 2102 3998; x_wconf 85' lang='lat' dir='ltr'>solis</span> <span class='ocrx_word' id='word_1_362' title='bbox 2141 3942 2322 3998; x_wconf 87' lang='lat' dir='ltr'>etiam</span> <span class='ocrx_word' id='word_1_363' title='bbox 2356 3930 2550 4009; x_wconf 89' lang='lat' dir='ltr'>signifi-</span> 
     </span>
     <span class='ocr_line' id='line_1_37' title="bbox 477 4034 2553 4115; baseline -0.004 -19"><span class='ocrx_word' id='word_1_364' title='bbox 477 4044 645 4096; x_wconf 86' lang='lat' dir='ltr'>catur</span> <span class='ocrx_word' id='word_1_365' title='bbox 679 4043 874 4095; x_wconf 85' lang='lat' dir='ltr'>status</span> <span class='ocrx_word' id='word_1_366' title='bbox 911 4038 1219 4096; x_wconf 87' lang='lat' dir='ltr'>Ecclesiae</span> <span class='ocrx_word' id='word_1_367' title='bbox 1270 4054 1402 4095; x_wconf 88' lang='lat' dir='ltr'>cum</span> <span class='ocrx_word' id='word_1_368' title='bbox 1451 4042 1509 4096; x_wconf 91' lang='lat' dir='ltr'>in</span> <span class='ocrx_word' id='word_1_369' title='bbox 1559 4040 1897 4114; x_wconf 87' lang='lat' dir='ltr'>ignorantia</span> <span class='ocrx_word' id='word_1_370' title='bbox 1943 4046 2071 4107; x_wconf 85' lang='lat' dir='ltr'>est,</span> <span class='ocrx_word' id='word_1_371' title='bbox 2124 4042 2229 4115; x_wconf 89' lang='lat' dir='ltr'>qui</span> <span class='ocrx_word' id='word_1_372' title='bbox 2262 4044 2446 4097; x_wconf 86' lang='lat' dir='ltr'>status</span> <span class='ocrx_word' id='word_1_373' title='bbox 2479 4034 2553 4089; x_wconf 77' lang='lat' dir='ltr'>est</span> 
     </span>
     <span class='ocr_line' id='line_1_38' title="bbox 477 4133 2554 4215; baseline 0.001 -27"><span class='ocrx_word' id='word_1_374' title='bbox 477 4133 610 4205; x_wconf 81' lang='lat' dir='ltr'>ejus</span> <span class='ocrx_word' id='word_1_375' title='bbox 643 4137 900 4208; x_wconf 75' lang='lat' dir='ltr'>primae,</span> <span class='ocrx_word' id='word_1_376' title='bbox 957 4143 1017 4192; x_wconf 86' lang='lat' dir='ltr'>et</span> <span class='ocrx_word' id='word_1_377' title='bbox 1050 4152 1161 4209; x_wconf 90' lang='lat' dir='ltr'>per</span> <span class='ocrx_word' id='word_1_378' title='bbox 1210 4142 1403 4194; x_wconf 88' lang='lat' dir='ltr'>ortum</span> <span class='ocrx_word' id='word_1_379' title='bbox 1452 4138 1596 4195; x_wconf 81' lang='lat' dir='ltr'>solis</span> <span class='ocrx_word' id='word_1_380' title='bbox 1634 4139 2002 4213; x_wconf 87' lang='lat' dir='ltr'>significatur</span> <span class='ocrx_word' id='word_1_381' title='bbox 2038 4145 2232 4203; x_wconf 86' lang='lat' dir='ltr'>status</span> <span class='ocrx_word' id='word_1_382' title='bbox 2271 4140 2400 4215; x_wconf 89' lang='lat' dir='ltr'>ejus</span> <span class='ocrx_word' id='word_1_383' title='bbox 2442 4145 2554 4191; x_wconf 89' lang='lat' dir='ltr'>cum</span> 
     </span>
     <span class='ocr_line' id='line_1_39' title="bbox 475 4228 2551 4317; baseline 0.003 -30"><span class='ocrx_word' id='word_1_384' title='bbox 475 4229 536 4287; x_wconf 88' lang='lat' dir='ltr'>in</span> <span class='ocrx_word' id='word_1_385' title='bbox 575 4228 707 4286; x_wconf 84' lang='lat' dir='ltr'>luce</span> <span class='ocrx_word' id='word_1_386' title='bbox 765 4238 872 4287; x_wconf 81' lang='lat' dir='ltr'>est.</span> <span class='ocrx_word' id='word_1_387' title='bbox 964 4232 1082 4289; x_wconf 90' lang='lat' dir='ltr'>Per</span> <span class='ocrx_word' id='word_1_388' title='bbox 1117 4248 1391 4292; x_wconf 83' lang='lat' dir='ltr'>occasum</span> <span class='ocrx_word' id='word_1_389' title='bbox 1429 4237 1575 4294; x_wconf 84' lang='lat' dir='ltr'>solis</span> <span class='ocrx_word' id='word_1_390' title='bbox 1614 4239 1789 4296; x_wconf 84' lang='lat' dir='ltr'>etiam</span> <span class='ocrx_word' id='word_1_391' title='bbox 1834 4240 2199 4317; x_wconf 83' lang='lat' dir='ltr'>significatur</span> <span class='ocrx_word' id='word_1_392' title='bbox 2234 4244 2417 4297; x_wconf 86' lang='lat' dir='ltr'>status</span> <span class='ocrx_word' id='word_1_393' title='bbox 2453 4231 2551 4289; x_wconf 85' lang='lat' dir='ltr'>Ec·</span> 
     </span>
    </p>
   </div>
  </div>
 </body>
</html>
