2791 4778
376 379 602 434 CAPUT
642 379 953 437 SEXTUM.
1739 380 1919 434 VERS
1939 402 1952 433 :
1997 391 2051 440 6.
2210 392 2321 445 271

236 541 369 597 haec
403 542 458 596 in
493 554 675 598 sensu
728 541 961 597 interno
1009 537 1383 614 intelligitur,
1440 538 1598 614 quod
1637 540 1738 616 qui
1776 539 2015 600 confidit
2065 539 2323 601 Domino

236 640 465 699 ducatur
514 640 575 695 in
634 640 832 696 omnia
877 639 1037 697 bona
1089 644 1150 696 et
1199 655 1346 697 vera
1410 637 1579 697 Coeli
1625 645 1686 697 et
1738 639 2003 700 abundet
2040 641 2322 718 jucundis

231 756 446 813 eorum:
500 755 610 815 per
643 738 953 797 Pastorem
982 757 1180 797 meum
1208 738 1561 814 intelligitur
1588 739 1912 816 Dominus:
1948 760 2059 817 per
2093 758 2325 817 pascua

228 838 429 898 herbae
457 839 864 914 significantur
900 842 1267 915 cognitiones
1307 841 1434 899 veri
1471 845 1531 897 et
1564 838 1700 897 boni
1713 859 1729 914 3
1785 858 1893 916 per
1931 858 2119 917 aquas
2149 845 2322 917 quie-

231 944 338 996 tum
373 939 775 1014 significantur
823 956 967 997 vera
1022 937 1188 997 Coeli
1236 938 1371 996 inde
1386 956 1404 1013 3
1483 956 1594 1013 per
1637 956 1904 999 mensam
1950 942 2322 1017 significatur

227 1040 445 1097 nutritio
494 1039 854 1115 spiritualis:
912 1056 1020 1114 per
1068 1039 1491 1114 pinguefacere
1538 1038 1671 1096 oleo
1721 1047 1901 1115 caput
1950 1042 2318 1117 significatur

226 1140 501 1214 sapientia
529 1156 685 1214 quae
725 1155 797 1196 ex
833 1138 986 1197 bono
999 1157 1015 1213 3
1070 1155 1180 1214 per
1213 1137 1496 1214 poculum
1534 1156 1733 1196 meum
1773 1139 2098 1199 abundabit
2131 1142 2320 1218 signi-

225 1237 414 1296 ficatur
444 1239 841 1314 intelligentia
889 1256 1044 1313 quae
1095 1256 1164 1297 ex
1220 1240 1411 1311 veris,
1467 1255 1576 1313 per
1610 1239 1895 1314 poculum
1931 1241 2086 1298 enim
2121 1241 2316 1300 simile

223 1339 573 1414 significatur
612 1339 767 1412 quod
796 1356 904 1414 per
930 1342 1162 1413 vinnm3
1220 1338 1495 1396 dicuntur
1520 1354 1748 1412 pascua
1777 1339 2000 1398 herbae
2039 1346 2098 1399 et
2122 1357 2319 1417 aquae

225 1440 501 1514 quietum,
541 1438 927 1497 sicut-forent
963 1439 1473 1513 comparationes,
1515 1455 1590 1496 ex
1626 1454 1813 1496 causa
1851 1442 1994 1514 quia
2026 1440 2321 1499 Dominus

222 1545 447 1597 vocatur
494 1539 748 1611 Pastor,
828 1547 887 1596 et
946 1541 1206 1614 pastoris
1263 1554 1409 1614 grex
1472 1540 1531 1595 in
1585 1555 1815 1613 pascua
1860 1534 2085 1599 herbae
2138 1546 2196 1599 et
2241 1541 2321 1599 ad

228 1654 394 1714 aquas
452 1637 737 1714 limpidas
788 1638 1051 1710 ducitur,
1123 1636 1234 1697 sed
1290 1653 1484 1711 usque
1543 1644 1682 1697 sunt
1733 1640 2317 1716 correspondentiae.

202 1738 381 1813 Apud
413 1737 795 1798 Ezechielem
835 1736 1180 1811 „Jehudah
1205 1743 1266 1798 et
1304 1742 1478 1796 terra
1513 1734 1791 1798 Israelis
1817 1738 2090 1817 suerunt
2125 1757 2318 1819 neqo-

225 1836 465 1898 tiatores
515 1835 646 1908 tui,
703 1837 773 1898 in
820 1837 1059 1898 criticis
1111 1836 1386 1897 minnith
1441 1841 1501 1896 et
1550 1855 1844 1918 pannay,
1913 1844 1973 1899 et
2020 1841 2092 1901 in
2140 1837 2323 1901 melle

222 1941 276 1995 et
308 1935 431 1997 oleo
466 1944 525 1998 et
571 1935 905 1997 balsam0“
944 1937 1218 1997 XXVII:
1277 1941 1405 2013 1³73-
1450 1936 1600 1996 haec
1646 1938 1803 1997 dicta
1841 1946 1983 1998 sunt
2022 1941 2094 2000 de
2135 1941 2316 2017 Tyn),

220 2053 319 2111 per
357 2056 524 2112 quam
573 2038 941 2113 significatur
975 2038 1251 2097 Ecclesia
1295 2038 1496 2112 quoad
1540 2040 1907 2112 cognitiones
1944 2043 2076 2098 veri
2113 2047 2174 2099 et
2200 2040 2315 2100 bo-

221 2138 308 2209 ni,
356 2146 410 2194 et
459 2141 545 2196 ita
590 2155 701 2212 per
751 2138 976 2213 Tyrum
1029 2137 1437 2212 significantur
1489 2139 1852 2212 cognitiones
1903 2141 2032 2197 veri
2081 2146 2140 2198 et
2178 2140 2319 2199 boni

220 2235 536 2311 Ecclesiae;
594 2254 664 2294 ac
701 2255 809 2312 per
861 2236 1160 2296 Jehudam
1212 2245 1272 2295 et
1310 2244 1531 2294 terram
1571 2231 1848 2310 lsrae‘IiS,
1906 2240 2006 2312 qui
2040 2240 2316 2315 negotia-

221 2341 395 2412 tores,
433 2338 797 2414 significatur
832 2337 1133 2407 Ecclesia,
1170 2354 1279 2414 per
1314 2335 1619 2396 Jehudam
1652 2336 1927 2395 Ecclesia
1965 2337 2166 2413 quoad
2198 2337 2313 2398 bo-

224 2452 382 2510 num,
426 2445 482 2495 et
516 2456 627 2515 per
663 2444 881 2496 terram
916 2438 1162 2496 Israelis
1197 2436 1473 2496 Ecclesia
1510 2436 1708 2511 quoad
1745 2454 1890 2495 vera
1925 2455 1997 2495 ex
2023 2438 2211 2513 bon03
2255 2446 2317 2497 et

225 2550 329 2609 per
360 2540 635 2611 negotiari
670 2538 1034 2613 significatur
1062 2554 1414 2614 comparare
1451 2535 1564 2594 sibi
1601 2542 1661 2594 et
1688 2539 2129 2596 communicare
2156 2537 2311 2611 aliis3

222 2650 329 2709 per
369 2637 555 2697 tritica
601 2638 849 2697 minnith
902 2643 963 2695 et
1006 2655 1250 2714 pannag
1288 2635 1696 2712 significantur
1743 2636 1901 2695 bona
1948 2643 2008 2696 et
2057 2654 2204 2696 vera
2257 2639 2319 2696 in

215 2751 451 2810 genere,
522 2744 583 2797 et
636 2756 747 2814 per
789 2737 937 2811 mel,
1011 2738 1245 2811 oleum,
1318 2736 1681 2809 balsamum,
1736 2737 1896 2795 bona
1946 2744 2004 2796 et
2059 2755 2203 2796 vera
2253 2739 2317 2796 in

220 2839 437 2911 specie,
492 2855 608 2913 per
641 2838 760 2896 mel
796 2844 857 2897 et
883 2837 1082 2897 oleum
1115 2838 1307 2911 bona,
1360 2843 1421 2895 et
1463 2853 1573 2911 per
1610 2836 1945 2896 balsamum
1982 2855 2130 2897 vera
2156 2854 2315 2915 quae

220 2950 285 2992 ex
315 2935 460 2995 bono
503 2944 677 3012 grata
711 2944 874 3010 sunt,
931 2956 1069 2996 nam
1105 2939 1301 2996 omnia
1335 2953 1482 2994 vera
1518 2953 1672 3011 quae
1712 2955 1784 2996 ex
1812 2937 1997 3009 bone,
2032 2940 2093 2997 in
2130 2938 2314 2998 Coelo

218 3038 617 3112 percipiuntur
652 3038 978 3114 fragrantia
1016 3043 1074 3096 et
1122 3037 1259 3095 inde
1296 3044 1496 3113 grata3
1553 3053 1706 3111 quae
1745 3040 1921 3095 etiam
1960 3055 2146 3097 causa
2180 3039 2309 3112 fuit,

218 3136 361 3209 quod
396 3137 597 3196 oleum
646 3138 940 3196 unctionis
991 3155 1064 3195 ex
1111 3139 1292 3195 variis
1343 3137 1683 3211 fragrantiis
1740 3138 2077 3198 confectum
2112 3139 2310 3213 suerit,

216 3233 279 3291 de
312 3254 423 3311 quo
459 3237 662 3295 Exod:
715 3236 933 3294 XXX:
981 3240 1067 3293 22
1111 3236 1187 3293 ad
1230 3238 1351 3304 33;
1409 3243 1468 3294 et
1522 3253 1759 3311 quoque
1799 3238 1998 3296 oleum
2033 3238 2313 3295 lucerna-

215 3349 356 3407 rum,
417 3338 494 3396 de
545 3355 662 3411 quo
704 3336 901 3394 Exod:
953 3336 1231 3395 XXVII:
1276 3338 1386 3393 20.
1432 3338 1543 3392 21.
1599 3336 1780 3411 Apud
1814 3337 2026 3396 Mosen
2070 3334 2312 3410 „Jeho-

215 3433 324 3493 vah
372 3435 608 3497 cibavit
654 3442 968 3513 proventu
1025 3453 1358 3514 αμψοτ-ατη,
1425 3453 1651 3514 suffere
1692 3435 1857 3514 fecit
1916 3454 2055 3496 eum
2106 3432 2230 3495 mel
2282 3454 2317 3493 e

212 3550 366 3611 mpe,
412 3543 476 3597 et
510 3533 712 3595 oleum
749 3554 783 3593 e
822 3553 985 3595 samo
1011 3538 1279 3613 petrae“
1317 3535 1509 3593 Deut:
1547 3533 1828 3594 XXXII:
1875 3536 1999 3609 13;
2050 3533 2201 3592 haec
2238 3533 2313 3594 de

211 3630 458 3710 Antiqua
508 3635 781 3694 Ecclesia
795 3654 812 3711 3
885 3636 1093 3711 fugere
1148 3635 1345 3694 oleum
1382 3652 1441 3693 .e
1497 3651 1646 3693 saxo
1700 3641 1910 3709 petrae
1962 3650 2074 3707 pro
2124 3631 2311 3691 imbui

209 3727 353 3793 bono
401 3752 515 3811 per
556 3752 701 3793 vera
738 3735 906 3806 fidei,
963 3735 1080 3794 mel
1128 3742 1221 3794 est
1263 3734 1486 3794 bonnm
1535 3740 1595 3792 et
1638 3734 1967 3810 jucundum
2019 3731 2314 3801 naturale,

211 3829 396 3892 oleum
434 3842 527 3894 est
561 3834 780 3892 bonum
820 3841 881 3893 et
906 3835 1234 3912 jucundum
1274 3834 1618 3911 spirituale,
1669 3850 1740 3892 ac
1775 3850 1958 3910 rupes
1997 3840 2059 3893 et
2100 3849 2313 3891 saxum

208 3938 407 4003 petrae
448 3942 538 3993 est
576 3952 786 3992 verum
822 3935 962 3992 fidei
998 3953 1034 3992 a
1069 3935 1351 4009 Domino:
1410 3936 1470 3991 si
1496 3950 1615 3991 non
1648 3933 1985 4009 spiritualia
2016 3951 2124 4010 per
2162 3934 2316 3994 haec

207 4028 698 4109 intelligerentur,
757 4033 900 4110 quid
933 4035 1087 4093 foret
1115 4034 1275 4109 quod
1311 4039 1558 4110 sugeret
1592 4033 1712 4091 mel
1741 4051 1771 4090 e
1810 4050 1979 4109 rupe,
2017 4038 2078 4091 et
2114 4034 2314 4094 oleum

209 4144 239 4184 e
280 4146 423 4191 saxo
474 4141 702 4209 petrae.
793 4134 973 4210 Apud
1029 4134 1328 4192 Habakuk
1387 4131 1639 4209 „Ficus
1680 4152 1805 4193 non
1842 4131 2134 4209 florebit,
2208 4151 2319 4193 neo

195 4239 527 4301 proventus
574 4252 606 4291 e
643 4232 907 4305 vitibus,
980 4233 1309 4294 mentietur
1359 4251 1518 4311 opus
1579 4230 1786 4305 oliva,
1868 4240 1928 4292 et
1984 4232 2135 4311 αρτ-ἰ
2186 4251 2311 4291 non
