2791 4778
492 361 598 415 302
902 352 1397 409 APOCALYPSIS
1442 352 1876 410 E'XPLICATA.
1960 353 2003 422 ς.
2046 361 2173 415 386.

489 519 585 573 est
627 515 743 572 nisi
779 530 854 573 ex
889 529 1074 573 sensu
1108 517 1377 588 interno,
1433 516 1551 573 imo
1587 531 1700 573 nec
1735 513 1812 572 de
1863 531 1981 590 qua
2013 530 2079 572 re
2113 513 2327 589 agian-3
2382 514 2539 588 agitur
2636 442 2660 589 ε

488 615 572 673 ibi
607 614 681 672 de
709 615 1101 673 exstinctione
1136 615 1278 673 boni
1312 632 1424 692 per
1460 613 1706 690 falsum,
1761 631 1832 673 ac
1869 616 1997 673 veri
2030 631 2140 690 per
2173 612 2400 688 malum3
2429 631 2541 689 per-

488 716 690 774 versio
725 713 1038 774 Ecclesiae
1073 733 1185 792 per
1226 715 1443 774 falsum
1481 715 1832 791 intelligitur
1867 731 1978 791 per
2010 717 2073 772 in
2110 713 2543 773 excandescentia

490 815 766 877 Jehovae
801 815 1077 874 Zebaoth
1113 815 1434 875 obscurata
1481 822 1576 875 est
1610 822 1802 890 terra;
1855 822 1915 875 et
1967 816 2275 891 perversio
2321 813 2433 891 ejus
2461 830 2545 889 per

491 915 712 976 malum
747 915 1098 991 intelligitur
1130 933 1241 992 per
1277 916 1474 975 factus
1515 923 1608 974 est
1643 915 1906 993 populus
1945 916 2116 974 cibus
2152 916 2333 991 ignis,
2372 914 2545 972 obscu-

489 1024 624 1077 rata
658 1021 822 1073 terra
855 1015 1146 1091 significat
1186 1016 1523 1076 Ecclesiam
1558 1016 1661 1074 ubi
1692 1034 1814 1074 non
1850 1034 2061 1076 verum
2109 1015 2219 1075 sed
2250 1014 2468 1082 falsum,
2503 1017 2547 1071 et

491 1117 659 1178 cibus
698 1116 857 1192 ignis,
884 1115 1181 1191 significat
1218 1119 1692 1175 consumtionem
1743 1117 1875 1194 ejus
1912 1116 1987 1174 ab
2025 1133 2229 1174 amore
2263 1114 2408 1182 mali,
2434 1113 2548 1189 ignis

491 1225 586 1278 est
623 1233 788 1274 arnor
824 1217 996 1292 mali3
1063 1216 1223 1292 quod
1258 1217 1475 1276 falsum
1510 1217 1782 1276 destruet
1815 1217 2033 1275 bonum
2054 1261 2069 1290 ‚
2119 1215 2442 1292 intelligitur
2466 1229 2550 1288 per

491 1320 582 1376 vir
633 1318 803 1375 fratri
851 1333 960 1374 suo
1014 1333 1130 1374 non
1182 1323 1424 1392 parcet,
1487 1320 1578 1375 vir
1625 1326 1684 1376 et
1739 1317 1923 1375 frater
1970 1316 2269 1393 significat
2307 1331 2482 1372 verum
2507 1316 2551 1369 et

490 1418 743 1491 bonum,
798 1417 895 1475 hic
931 1418 1023 1475 vir
1066 1416 1284 1475 falsum
1321 1425 1382 1475 et
1417 1417 1601 1476 frater
1635 1418 1888 1490 bonum,
1931 1420 2074 1494 quia
2110 1418 2323 1476 dicitur
2356 1413 2486 1491 quod
2511 1412 2552 1470 ei

488 1536 609 1577 non
648 1523 885 1593 parcet3
944 1516 1102 1592 quod
1149 1517 1283 1575 inde
1336 1517 1669 1594 deprivatio
1721 1520 1910 1577 omnis
1959 1519 2106 1577 boni
2152 1524 2212 1576 et
2259 1517 2428 1574 omnis
2455 1511 2550 1570 veri

487 1626 791 1694 utcunque
853 1619 1127 1694 inquirit,
1198 1618 1551 1694 intelligitur
1614 1637 1725 1695 per
1772 1621 1824 1677 si
1873 1618 2167 1678 deciderit
2217 1617 2293 1675 ad
2338 1615 2552 1673 dextram

491 1721 714 1777 esuriet
760 1724 989 1786 tamen,
1045 1723 1104 1775 et
1140 1720 1193 1777 si
1230 1718 1489 1777 comedit
1523 1719 1602 1777 ad
1637 1720 1939 1778 sinistram
1987 1736 2107 1777 non
2154 1715 2549 1785 saturabuntur3

317 1894 323 1898 1
489 1819 704 1876 dextra
741 1818 1037 1891 significat
1071 1818 1290 1876 bonum
1328 1836 1404 1877 ex
1441 1835 1557 1894 quo
1595 1837 1835 1894 verum,
1903 1826 1963 1877 ct
2008 1820 2256 1878 sinistra
2287 1831 2470 1875 verum
2497 1827 2553 1869 ex

384 1965 388 1969 .
492 1917 680 1991 bono,
749 1917 963 1976 cadere
1015 1924 1075 1976 et
1123 1918 1438 1977 comedere
1490 1919 1565 1977 ad
1612 1910 1747 1978 illas
1804 1919 2101 1996 significat
2151 1920 2461 1994 inquirere,
2503 1924 2554 1969 ac

491 2019 718 2076 esurire
757 2023 818 2074 et
852 2035 968 2075 non
1006 2022 1265 2077 saturari
1303 2025 1395 2078 est
1431 2020 1760 2096 deprivari3
1813 2019 1973 2096 quod
2007 2019 2237 2079 malum
2271 2015 2556 2090 exstinguet

490 2136 662 2178 omne
699 2135 939 2187 verum,
977 2126 1037 2177 et
1071 2119 1291 2178 falsum
1320 2137 1493 2179 omne
1529 2119 1782 2195 bonum,
1820 2120 2180 2197 intelligitur
2214 2137 2323 2197 per
2354 2118 2434 2175 vir
2456 2129 2557 2173 car·

487 2238 626 2279 nem
664 2219 894 2278 brachii
930 2220 1026 2278 sui
1063 2219 1404 2292 comedent,
1447 2237 1585 2279 caro
1614 2219 1852 2283 :brachii
1890 2228 1982 2280 est
2015 2223 2290 2298 potentia
2322 2217 2445 2277 boni
2470 2228 2554 2289 per

491 2339 732 2392 verum,
784 2322 876 2377 vir
921 2325 1012 2379 est
1058 2319 1308 2396 falsum,
1370 2328 1431 2379 et
1486 2320 1800 2402 comedere
1848 2328 1942 2380 est
1986 2324 2392 2399 exstinguer03
2438 2308 2558 2391 quod

289 2431 448 2493 [545]
489 2423 628 2482 inde
671 2423 859 2480 omnis
894 2421 1172 2480 voluntas
1211 2421 1353 2480 boni
1393 2439 1463 2480 ac
1502 2422 1845 2482 intellectus
1881 2425 2010 2481 veri
2052 2429 2282 2498 pereat,
2327 2414 2556 2489 intelligi·
2658 2415 2659 2422 ’

485 2532 582 2582 tur
618 2541 727 2599 per
759 2521 1127 2581 Menascheh
1165 2522 1440 2581 comedet
1475 2522 1864 2597 Ephraimum
1907 2530 1967 2581 et
2001 2524 2359 2599 Ephraimus
2391 2517 2557 2578 Mena-

487 2625 702 2695 schen,
762 2623 921 2697 quod
957 2621 1327 2681 Menascheh
1356 2626 1436 2681 sit
1466 2622 1745 2682 voluntas
1782 2623 1954 2697 boni,
1994 2641 2064 2682 ac
2101 2624 2382 2699 Ephraim
2420 2612 2557 2675 intel-

483 2725 680 2783 lectus
719 2725 875 2792 veri,
936 2722 1212 2781 videatur
1247 2741 1322 2780 n:
1368 2724 1579 2783 3969.
1628 2725 1839 2783 5354.
1887 2726 2096 2782 6222.
2143 2725 2352 2782 6234.
2395 2714 2560 2779 6238.

494 2825 705 2882 6267.
749 2825 968 2898 62963
1026 2823 1188 2899 quod
1222 2823 1374 2884 haec
1410 2824 1530 2882 illis
1572 2824 1690 2881 sint
1726 2827 1829 2899 qui
1862 2826 1923 2882 in
1959 2824 2133 2882 malis
2173 2830 2235 2883 et
2269 2822 2451 2893 salsis,
2489 2816 2560 2872 in·

485 2921 772 2997 telligitur
805 2939 917 2998 per
949 2940 1072 2979 una
1109 2922 1199 2981 illi
1238 2930 1450 2983 contra
1487 2923 1816 2999 Jehovam,
1880 2942 2016 2983 nam
2064 2942 2201 2984 cum
2241 2923 2493 2983 voluntas
2519 2915 2563 2973 in

483 3024 641 3081 bono
669 3029 773 3079 est
812 3039 882 3079 ac
917 3022 1258 3082 intellectus
1295 3026 1354 3082 in
1393 3041 1572 3098 vero,
1612 3029 1752 3084 tunc
1789 3040 1925 3084 cum
1959 3024 2242 3086 Jehovah
2277 3028 2425 3090 sunt,
2456 3017 2563 3093 quia

486 3129 805 3197 utrumque
847 3122 922 3180 ab
967 3111 1141 3200 Ipso,
1181 3130 1243 3181 at
1280 3142 1412 3183 cum
1443 3124 1721 3183 voluntas
1758 3127 1818 3184 in
1855 3125 2012 3184 malo
2052 3131 2148 3183 est
2174 3131 2237 3183 et
2268 3121 2560 3184 intellectus

485 3226 547 3281 in
595 3222 779 3296 falso,
836 3229 974 3281 tunc
1030 3230 1235 3282 contra
1285 3223 1585 3283 Jehovam
1631 3230 1788 3283 sunt.
1881 3226 2065 3301 Apud
2128 3225 2395 3282 Eundem
2451 3211 2563 3293 „Ne

484 3320 743 3383 laeteris
778 3320 1191 3383 Philisthaea
1231 3328 1366 3384 tota
1381 3368 1397 3397 ,
1449 3324 1619 3402 quod
1639 3324 1869 3404 fracta
1893 3325 1983 3385 sit
2018 3323 2210 3404 virya
2251 3318 2563 3404 percutiam

484 3429 570 3499 te,
610 3442 762 3483 nam
802 3443 844 3484 a
881 3423 1101 3485 radice
1135 3423 1444 3502 serpentis
1485 3423 1691 3485 eoez'bit
1726 3423 2067 3485 basiliscus
2083 3469 2100 3500 ,
2149 3424 2331 3507 cnjus
2345 3422 2562 3503 fructu&

472 3530 725 3606 prester
764 3522 987 3586 volans
1002 3543 1029 3597 ;
1093 3523 1380 3586 occidam
1405 3525 1591 3603 fame
1627 3523 1912 3585 radicem
1958 3531 2168 3600 tuam,
2223 3529 2283 3584 et
2314 3517 2562 3585 residuos

484 3634 628 3688 tuos
694 3625 977 3687 occidet“
1044 3625 1225 3684 XIV:
1287 3628 1399 3702 29.
1450 3628 1573 3701 303
1655 3626 1874 3684 similia
1926 3642 2122 3703 paene
2177 3643 2288 3702 per
2344 3624 2480 3682 haec
2517 3616 2561 3671 in

483 3745 666 3787 sensu
701 3723 933 3785 interno
971 3726 1407 3802 intelliguntur,
1448 3726 1555 3785 sed
1592 3729 1789 3802 agitur
1822 3726 1919 3785 hic
1956 3726 2031 3785 de
2067 3726 2187 3783 illis
2227 3728 2329 3802 qui
2351 3716 2559 3783 eredunt

483 3826 676 3885 solum
716 3830 911 3886 visum
944 3827 1288 3885 interiorem
1322 3826 1612 3885 naturalis
1659 3826 1913 3886 hominis
1964 3842 2100 3884 esse
2137 3826 2342 3899 fidem,
2395 3828 2449 3880 et
2476 3828 2562 3893 pel·

481 3924 635 3984 hanc
684 3941 791 3984 seu
836 3944 944 4002 per
997 3927 1163 3985 illum
1207 3926 1527 4004 justificari
1573 3932 1632 3985 et
1681 3925 1941 4001 salvari,
1998 3932 2290 4002 negantes
2324 3926 2404 3983 sic
2436 3909 2561 3995 quod

482 4025 705 4083 bonum
735 4025 1041 4084 charitatis
1079 4026 1305 4101 aliquid
1342 4026 1588 4098 efficiat,
1627 4024 1716 4084 illi
1753 4028 1855 4101 qui
1888 4025 2042 4086 tales
2081 4033 2222 4084 sunt
2256 4021 2559 4095 intelligun-

485 4127 582 4175 tur
616 4137 727 4193 per
758 4113 1165 4181 Philisthaeos
1204 4130 1263 4181 et
1293 4133 1500 4183 coetus
1535 4143 1739 4183 eorum
1766 4142 1878 4200 per
1902 4126 2345 4197 Philisthaeam,
2383 4118 2557 4179 videa-

488 4219 585 4269 tur
608 4232 666 4271 n:
703 4218 912 4272 3412.
950 4219 1158 4275 3413.
1195 4223 1407 4279 8093.
1445 4225 1671 4296 8313;
1713 4224 1870 4297 quod
1899 4227 2254 4302 principium
2282 4223 2336 4283 id
2360 4220 2561 4280 salsum,
