2791 4778
493 360 563 412 82
911 347 1400 404 APOCALYPSIS
1461 346 1890 405 EXPLICATA.
1946 347 1991 417 §-
2040 355 2170 411 324.

488 504 738 580 bulum,
799 511 859 566 et
892 501 1178 584 implevit
1226 500 1400 565 illud
1452 521 1533 566 ea*
1587 502 1735 584 ique
1788 499 2056 578 altaris,
2112 511 2173 566 et
2223 504 2497 588 projecit
2552 506 2630 567 «ἐκ

287 615 447 675 [397]
489 609 772 671 Μίνωι(
827 605 1009 665 VIII:
1053 606 1112 664 3.
1147 609 1205 665 4.
1255 606 1322 681 53
1363 604 1506 681 quId
1537 603 1690 664 haec
1725 603 2093 681 significant,
2134 605 2365 664 dicetur
2397 608 2461 665 in
2500 625 2625 668 ex-

487 707 810 786 plicatione
858 704 1093 764 illorum
1130 704 1448 764 verborum
1497 705 1556 763 in
1594 704 2021 780 sequentibus,
2073 703 2171 764 hic
2224 704 2415 765 solum
2458 708 2629 784 quod

488 807 719 869 suffitus
754 805 1089 884 significent
1124 805 1346 864 cultum
1383 823 1462 864 ex
1495 805 1651 864 bono
1689 803 2019 881 spirituali,
2061 806 2221 881 quod
2258 814 2351 865 est
2387 806 2624 868 bonum

486 909 789 968 charitatis
814 924 964 983 erga
984 907 1318 983 proximum
1333 925 1350 980 ;
1380 905 1480 964 ille
1499 904 1697 965 cultus
1723 907 1905 963 etiam
1926 905 2295 980 significatur
2322 924 2437 984 per
2462 925 2622 983 pre-

480 1025 584 1069 ces
613 1015 975 1075 sauctorum,
1014 1024 1198 1083 quare
1231 1007 1449 1065 dicitur
1490 1005 1647 1082 quod
1679 1005 1801 1063 dati
1829 1006 1945 1062 sint
1985 1007 2039 1063 ei
2067 1005 2301 1064 suffitus
2341 1007 2515 1067 multi
2553 1015 2625 1068 ult

486 1108 722 1170 offerret
740 1126 875 1168 cum
903 1107 1183 1183 precibus
1215 1113 1555 1165 sanctorum
1573 1125 1590 1181 3
1631 1113 1689 1163 et
1717 1105 1873 1174 dein,
1916 1106 2186 1163 ascendit
2212 1108 2411 1166 sumus
2439 1107 2620 1168 sufli-

484 1217 650 1268 tuum
681 1226 815 1269 curn
844 1207 1128 1285 precibus
1156 1213 1494 1266 sanctorum
1524 1208 1581 1264 in
1611 1213 1996 1287 conspectum
2026 1205 2170 1278 Dei;
2210 1207 2369 1282 quod
2394 1224 2621 1284 preces

485 1316 823 1370 sanctorum
854 1306 1187 1384 significent
1212 1307 1439 1367 cultum
1467 1325 1541 1364 ex
1564 1305 1719 1365 bono
1739 1304 2058 1381 spirituali,
2088 1306 2386 1365 videbitur
2416 1310 2483 1367 in
2507 1325 2616 1366 air-

485 1410 668 1469 ticulo
695 1427 832 1468 mox
863 1413 1175 1483 sequente,
1212 1415 1338 1465 tum
1367 1408 1548 1466 etiam
1574 1406 1655 1464 ibi
1685 1404 1828 1481 quid
1863 1405 2218 1482 intelligitur
2242 1424 2355 1484 per
2381 1408 2618 1469 cultum

486 1528 558 1568 ex
589 1509 748 1568 bono
774 1506 1072 1584 spirituali
1096 1522 1208 1567 seu
1234 1524 1308 1567 ex
1328 1506 1486 1567 bono
1509 1506 1835 1566 eharitatis.
1868 1505 2048 1583 Apud
2065 1506 2309 1584 Esajam
2331 1506 2614 1588 „Popu-

487 1606 590 1670 lus
628 1607 742 1688 qui
765 1605 856 1667 ad
880 1604 1049 1667 iram
1065 1613 1414 1685 provocant
1439 1605 1549 1666 Me
1582 1624 1795 1667 coram
1821 1605 2119 1686 faciebus
2142 1608 2303 1668 meis
2329 1608 2614 1692 juyiter,

483 1708 596 1788 qui
623 1707 990 1787 sacrificant
1015 1707 1085 1766 in
1111 1706 1332 1781 hortis,
1361 1713 1421 1768 et
1445 1706 1717 1785 suffiunt
1742 1724 1934 1785 super
1959 1703 2309 1769 lateribus“
2330 1710 2528 1771 LXV:
2551 1712 2614 1787 33

484 1809 582 1869 hic
609 1825 721 1885 per
739 1805 1080 1866 sacrificare
1109 1813 1170 1866 et
1194 1807 1397 1867 suffire
1417 1808 1827 1885 significantur
1841 1809 2137 1884 opposita,
2170 1826 2386 1888 nempe
2407 1810 2615 1872 cultus

488 1927 562 1967 ex
591 1908 757 1967 salsis
772 1907 1074 1966 doctrinae
1101 1924 1254 1984 quae
1278 1926 1351 1966 ex
1379 1909 1625 1986 propria
1646 1908 2056 1985 intelligentia3
2089 1908 2245 1968 horti
2270 1911 2613 1986 significant

483 2006 965 2085 intelligentiam,
1018 2007 1113 2067 hie
1150 2011 1483 2084 propriam,
1526 2014 1586 2067 et
1620 2007 1842 2067 lateres
1879 2008 2212 2085 significant
2247 2010 2401 2069 falsa
2434 2011 2610 2086 Inde;

486 2126 556 2168 ac
585 2108 921 2167 sacrificare
959 2113 1019 2165 et
1054 2108 1254 2167 suffire
1291 2108 1628 2185 significant
1665 2108 1926 2168 cultum:
1966 2108 2123 2185 quod
2171 2111 2419 2188 Antiqui
2457 2110 2608 2172 Cul-

484 2217 610 2268 tum
644 2208 924 2267 Divinum
962 2207 1279 2268 habuerint
1315 2211 1374 2266 in
1411 2209 1599 2267 hortis
1656 2214 1715 2267 et
1767 2208 1920 2267 lucis
1956 2210 2285 2269 seeundum
2323 2212 2610 2272 arborum

484 2310 949 2387 significationes
987 2308 1097 2384 ibi,
1138 2307 1247 2368 sed
1275 2308 1435 2385 quod
1471 2308 1529 2367 id
1558 2308 1719 2384 apud
1751 2308 2007 2370 Gentem
2035 2307 2425 2371 Israelitieam
2451 2330 2608 2388 pro-

481 2413 731 2473 hibitum
771 2412 978 2483 suerit,
1034 2428 1108 2469 ne
1144 2411 1437 2488 fingerent
1471 2409 1586 2469 sibi
1624 2409 1846 2469 cultum
1899 2428 1972 2469 ex
2009 2414 2286 2488 propri0,
2326 2413 2606 2470 videatur

481 2531 549 2571 ne
586 2516 799 2572 2722.
834 2514 1048 2572 4552.
1087 2510 1269 2589 Apud
1293 2510 1638 2571 Hosoheam
1669 2507 2271 2591 „Super-verticibus
2294 2509 2610 2573 maemtium

483 2613 881 2693 sacrificant,
935 2615 993 2669 et
1028 2630 1217 2689 super
1235 2606 1500 2673 collibus
1523 2608 1815 2689 suffiunt,
1860 2610 1975 2673 sub
2017 2630 2248 2691 quercu
2289 2619 2347 2673 et
2363 2609 2608 2692 populo

483 2716 544 2771 et
580 2710 810 2785 robore,
851 2711 1004 2788 quia
1032 2711 1189 2771 bona
1212 2712 1437 2773 umbra
1471 2711 1608 2794 ejus
1616 2729 1647 2783 ,·
1677 2717 2012 2790 propterea
2037 2719 2403 2775 acm-tantur
2416 2710 2612 2793 filiae

485 2816 756 2885 vestrae,
791 2829 998 2870 nurus
1033 2816 1277 2870 vestrae
1312 2808 1807 2873 adulterantur“
1844 2811 1954 2871 IV:
1994 2813 2078 2871 13
2095 2833 2113 2888 3
2153 2831 2265 2890 per
2298 2814 2450 2874 haee
2489 2814 2605 2875 de-

486 2910 763 2971 scribitur
810 2908 1004 2969 cultus
1043 2926 1116 2969 ex
1154 2927 1356 2970 amore
1392 2913 1489 2970 sui
1525 2918 1585 2970 et
1620 2929 1691 2971 ex
1728 2929 1928 2972 amore
1964 2913 2194 2987 mundi,
2246 2930 2317 2974 ac
2349 2914 2490 2974 inde
2526 2931 2611 2974 ex

485 3010 655 3071 falsis
692 3010 1023 3087 doctrinae,
1063 3011 1257 3070 cultus
1288 3029 1361 3070 ex
1392 3028 1593 3093 amore
1620 3014 1715 3071 sui
1739 3031 1850 3090 per
1876 3012 2216 3073 sacrificare
2244 3031 2431 3093 super
2458 3032 2605 3075 ver-

485 3110 702 3171 ticibus
731 3112 1037 3185 montium,
1069 3111 1265 3171 cultus
1294 3129 1367 3172 ex
1395 3129 1596 3173 amore
1625 3113 1827 3172 mundi
1851 3131 1962 3189 per
1981 3113 2183 3174 suffire
2209 3131 2397 3192 super
2423 3113 2605 3175 colli-

484 3212 637 3286 bus,
679 3218 739 3272 et
776 3211 972 3270 cultus
1011 3231 1084 3272 ex
1111 3212 1278 3271 falsis
1309 3213 1613 3274 doetrinae
1646 3231 1759 3290 per
1786 3213 2121 3274 sacrificare
2159 3222 2219 3275 et
2245 3214 2450 3276 suffire
2486 3216 2609 3276 sub

489 3329 740 3389 quercu,
795 3314 1019 3390 populo
1059 3322 1116 3374 et
1151 3315 1397 3388 robore,
1440 3320 1648 3379 vertex
1683 3316 1968 3373 montium
2003 3313 2299 3393 signifieat
2333 3332 2608 3376 amorem

485 3415 835 3491 coelestem,
891 3415 988 3475 hic
1023 3433 1287 3476 amorem
1322 3418 1449 3490 sui,
1510 3414 1695 3475 colles
1745 3414 2080 3492 significant
2114 3433 2379 3476 amorem
2413 3399 2603 3495 spiri-

481 3516 722 3592 tualem,
760 3516 859 3577 hio
896 3535 1157 3576 amorem
1186 3516 1420 3590 mundi,
1461 3533 1598 3574 nam
1629 3532 1796 3574 amor
1822 3518 1921 3574 sui
1950 3523 2042 3576 est
2067 3520 2381 3594 oppositus
2410 3520 2610 3577 amori

479 3617 745 3691 coelesti,
776 3624 837 3676 et
862 3634 1029 3675 amor
1047 3616 1248 3676 mnndi
1276 3623 1370 3675 est
1394 3617 1710 3694 oppositus
1736 3619 1923 3675 amori
1948 3618 2274 3693 spirituali3
2316 3634 2607 3694 quereus,

477 3715 741 3793 populus
772 3723 833 3776 et
858 3715 1038 3775 robur
1065 3716 1399 3793 significant
1423 3717 1581 3776 bona
1598 3719 1726 3776 veri
1753 3720 1813 3776 et
1827 3734 1970 3776 vera
1996 3717 2137 3776 boni
2163 3717 2453 3777 naturalis
2482 3717 2602 3778 ho-

480 3816 657 3876 minis
678 3815 898 3884 infima,
923 3815 1019 3875 hic
1042 3816 1202 3875 mala
1224 3815 1360 3876 salsi
1385 3823 1447 3877 et
1472 3816 1628 3876 falsa
1653 3817 1796 3876 mali
1824 3818 1989 3895 ejus3
2032 3819 2176 3893 quia
2198 3818 2359 3877 bona
2384 3816 2607 3878 umbra

484 3915 617 3992 ejus
655 3913 952 3991 significat
1006 3916 1495 3993 complacentiam
1507 3937 1524 3993 3
1571 3917 2020 3977 falsificationes
2072 3917 2215 3977 boni
2261 3917 2599 3995 spiritualis

484 4013 641 4083 inde,
668 4013 1073 4092 significantur
1097 4034 1207 4094 per
1241 4017 1400 4094 quod
1424 4024 1749 4094 propterea
1779 4024 2119 4078 scortentur
2141 4017 2301 4078 filiae
2330 4025 2600 4094 vestrae,

484 4123 547 4174 et
590 4114 1058 4177 adulterationes
1109 4118 1251 4178 boni
1304 4117 1588 4178 coelestis
1642 4136 1751 4195 per
1804 4118 1965 4195 quod
2014 4125 2343 4196 propterea
2402 4135 2599 4179 nurus

481 4224 720 4276 vestrae
749 4215 1176 4278 adulteremur.
1215 4212 1395 4293 Apud
1412 4217 1449 4276 J
1457 4219 1738 4277 eremiain
1762 4216 2136 4291 „Numerus
2162 4218 2415 4281 urbium
2441 4224 2597 4280 tua-
