2791 4778
452 332 690 391 cAPu'r
731 331 1079 406 Qum'rmu,
1878 331 2090 388 vane:
2134 342 2188 395 s.
2349 345 2419 397 69

293 494 458 574 quod
502 494 872 573 intelligatur
903 495 1148 572 Agnitio
1182 492 1381 552 Divini
1419 490 1680 550 Humani
1709 491 1978 567 Domini,
2030 498 2226 570 patet,
2281 513 2420 554 nam

291 597 369 657 Id
402 613 515 674 per
549 595 796 673 Agnum
846 594 1250 673 significatur,
1290 591 1570 652 videatur
1620 605 1808 669 supra
1841 610 1906 650 n:
1949 593 2111 653 314.
2198 594 2420 658 Paucis

294 700 476 758 etiam
513 696 613 755 hic
652 697 916 772 dicetur,
973 697 1219 772 quinam
1261 699 1402 752 sunt
1445 689 1613 752 Coeli
1665 694 2009 768 superiores
2062 700 2124 752 et
2176 698 2418 771 quinam

294 796 466 859 Coeli
503 797 846 874 inferiore53
884 801 1023 855 sunt
1060 793 1227 855 Coeli
1265 798 1421 869 tres,
1478 793 1747 852 Tertium
1794 809 1904 852 seu
1938 792 2218 854 Intimum
2255 794 2414 857 Coe-

291 898 419 957 lum
472 903 565 957 est
617 897 722 955 ubi
759 895 982 973 Angeli
1020 897 1123 973 qui
1174 897 1235 953 in
1288 894 1539 953 coelesti
1594 873 1796 953 amore
1849 898 2024 969 sunt,
2077 893 2420 956 Secundum

293 1014 408 1057 seu
447 997 714 1056 Medium
752 996 1003 1056 Coelum
1050 1001 1145 1055 est
1190 995 1293 1053 ubi
1327 993 1545 1070 Angeli
1592 996 1694 1071 qui
1747 996 1807 1052 in
1854 995 2151 1071 spirituali
2190 1013 2411 1074 amore,

290 1097 557 1157 Primum
590 1114 705 1157 seu
736 1096 1025 1159 Ultimum
1057 1094 1305 1155 Coelum
1353 1102 1447 1152 est
1481 1095 1584 1153 ubi
1621 1093 1839 1171 Angeli
1885 1096 1989 1177 qui
2020 1097 2082 1153 in
2118 1097 2416 1172 spirituali

291 1197 555 1256 naturali
615 1214 855 1257 amore:
922 1197 1191 1256 Tertium
1247 1212 1358 1255 seu
1419 1197 1684 1253 intimum
1731 1194 1979 1254 Coelum
2039 1196 2416 1276 conjungitur

291 1316 428 1357 cum
465 1298 744 1357 Secundo
798 1314 911 1358 seu
957 1295 1157 1356 Medio
1204 1313 1316 1372 per
1365 1294 1635 1373 Angelos
1680 1294 2090 1371 intermedios,
2145 1299 2246 1373 qui
2298 1315 2408 1356 vo-

294 1405 506 1456 cantur
558 1397 776 1475 Angeli
834 1396 1132 1457 coelestes
1195 1396 1540 1473 spirituales
1598 1402 1658 1455 et
1711 1395 2056 1472 spirituales
2094 1397 2412 1469 eoelesteS,

296 1497 363 1556 hi
412 1515 535 1556 una
582 1514 718 1556 eum
752 1498 999 1575 Angelis
1038 1497 1228 1556 Tertii
1277 1514 1386 1555 seu
1424 1496 1622 1555 Intimi
1661 1494 1829 1556 Coeli
1874 1498 2246 1556 constituunt
2285 1497 2407 1558 Su·

291 1599 566 1673 periores
607 1595 850 1673 Coelos,
907 1604 968 1657 at
1000 1596 1219 1674 reliqui
1268 1599 1330 1656 in
1366 1596 1643 1657 Secundo
1688 1613 1800 1656 seu
1832 1596 2032 1656 Medio
2070 1596 2255 1657 Coelo
2291 1616 2411 1658 una

293 1714 431 1756 cum
473 1697 592 1756 illis
642 1700 743 1774 qui
788 1701 851 1757 in
901 1698 1101 1759 Primo
1156 1714 1269 1758 seu
1319 1697 1543 1759 Ultimo
1599 1696 1786 1759 Coelo
1842 1699 2209 1758 constituunt
2240 1699 2407 1758 Inse-

285 1800 483 1858 riores
520 1796 773 1858 Coelos:
811 1805 1066 1877 quatuor
1091 1799 1392 1858 Animalia
1425 1798 1762 1876 significant
1794 1799 1855 1856 in
1893 1800 2099 1875 specie
2138 1799 2410 1861 Tertium

286 1915 401 1959 seu
455 1898 735 1967 Intimum
798 1899 1077 1971 Coelum,
1139 1906 1199 1959 et
1255 1901 1466 1976 viginti
1526 1905 1783 1976 quatuor
1843 1897 2123 1960 Seniores
2170 1899 2406 1961 Secun-

284 1998 428 2060 dum
476 2016 590 2060 seu
632 1999 902 2061 Medium
951 2000 1201 2061 Coelum
1250 1999 1412 2077 quod
1457 2000 1837 2078 conjunctum
1898 2005 1992 2059 est
2042 2000 2245 2061 Tertio
2296 2017 2409 2062 seu

283 2099 533 2176 Intimo‚
589 2101 676 2159 ita
719 2101 900 2161 simul
934 2102 1279 2178 superiores
1318 2100 1552 2161 coelos:
1608 2099 1683 2160 de
1717 2100 1967 2178 Angelis
2017 2102 2405 2174 intermediis,

285 2202 389 2279 qui
424 2207 714 2262 vocantur
750 2202 1052 2262 coelestes
1090 2201 1435 2279 spirituales
1485 2208 1543 2260 et
1578 2201 1921 2278 spirituales
1960 2189 2293 2272 coelestes,
2347 2208 2407 2262 et

284 2301 362 2360 de
400 2300 830 2380 conjunctione
870 2302 1061 2363 Tertii
1098 2300 1267 2362 Coeli
1303 2320 1440 2363 cum
1477 2300 1753 2362 Secundo
1788 2319 1902 2378 per
1934 2300 2090 2377 illos,
2129 2301 2407 2361 videatur

284 2404 350 2461 in
380 2402 610 2462 Aenus
648 2402 1068 2465 Conzssrinus
1099 2422 1155 2463 n:
1193 2406 1403 2464 1577.
1440 2405 1651 2463 1824.
1687 2404 1899 2461 2184.
1934 2403 2149 2460 4047.
2187 2404 2401 2461 4286.

288 2502 504 2560 4585.
549 2505 760 2561 4592.
803 2505 1015 2562 4594.
1058 2505 1266 2564 6435.
1311 2505 1520 2563 6526.
1561 2505 1774 2562 8787.
1820 2503 2030 2562 8802.
2072 2503 2284 2561 9671.

453 2601 537 2659 32
553 2604 613 2660 3.
661 2602 969 2664 Habentes
994 2608 1407 2681 unusquisque
1434 2603 1712 2678 citharae,
1751 2603 1912 2680 quod
1937 2602 2233 2680 significet
2259 2612 2405 2663 eon·-

287 2702 618 2760 sessionem
670 2719 744 2761 ex
778 2704 938 2762 veris
973 2705 1408 2781 spiritualibus,
1464 2710 1700 2764 constat
1736 2721 1811 2763 ex
1846 2704 2280 2782 significatione
2313 2707 2400 2763 ci-

286 2801 534 2877 tharae,
592 2803 750 2877 quod
792 2804 870 2862 sit
914 2805 1209 2864 consessio
1262 2822 1335 2863 ex
1370 2807 1531 2864 veris
1580 2805 2029 2881 spiritualibus3
2085 2806 2245 2882 quod
2290 2823 2401 2882 per

279 2900 547 2961 citharas
600 2903 662 2962 id
694 2904 1089 2981 significetur,
1156 2912 1251 2965 est
1297 2907 1441 2982 quia
1490 2905 1721 2965 cithara
1767 2914 1897 2965 erat
1940 2908 2400 2968 instrumentum

277 3001 708 3080 chordaeeum,
764 3012 825 3064 et
858 3023 969 3082 per
1003 3004 1109 3064 illa
1153 3007 1549 3066 instrumenta
1604 3007 2010 3082 significantur
2045 3006 2396 3084 spiritualia,

275 3119 392 3163 seu
427 3121 582 3180 quae
617 3107 748 3164 veri
782 3113 949 3174 sunt,
987 3112 1051 3163 at
1084 3122 1196 3182 per
1229 3108 1624 3166 instrumenta
1658 3108 1952 3167 inflatoria
1986 3109 2400 3184 significantur

274 3203 586 3276 eoelestia,
623 3222 737 3265 seu
770 3205 875 3264 illa
909 3223 1065 3282 quae
1103 3206 1244 3266 boni
1279 3213 1449 3271 sunt:
1488 3205 1649 3284 quod
1684 3206 1828 3266 talia
1861 3226 1974 3285 per
2007 3210 2401 3269 instrumenta

277 3304 517 3365 Musica
563 3306 1009 3383 significentur,
1062 3313 1265 3366 estex
1301 3310 1498 3383 soniS,
1552 3325 1690 3365 nam
1736 3325 1919 3369 sonus
1969 3308 2400 3385 correspondet

278 3404 717 3480 affectionibus,
759 3407 939 3465 etiam
963 3409 1026 3465 in
1056 3406 1245 3467 Coelo
1278 3410 1694 3485 percipiuntur
1726 3408 2071 3467 affectiones
2101 3426 2175 3465 ex
2203 3408 2395 3481 sonis3

277 3510 345 3565 et
379 3508 523 3582 quia
554 3508 763 3566 variae
800 3506 1145 3566 affectiones
1183 3513 1357 3578 ωε,
1413 3514 1473 3568 et
1510 3511 1657 3567 varii
1705 3509 1837 3566 soni
1872 3507 2128 3566 eduntur
2160 3524 2270 3582 per
2304 3507 2399 3563 in-

277 3610 616 3665 strumenta
649 3610 910 3682 musica,
948 3608 1083 3668 ideo
1122 3608 1275 3668 haee
1311 3626 1385 3667 ex
1414 3607 1943 3685 correspondentia
1980 3612 2039 3665 et
2073 3606 2211 3666 inde
2248 3623 2395 3665 con-

276 3703 591 3765 cordantia
636 3709 972 3785 significant
1028 3708 1193 3787 illas3
1248 3710 1308 3767 in
1357 3727 1576 3787 genere
1621 3707 1957 3786 significant
2002 3709 2397 3769 instrumenta

276 3802 614 3866 chordacea
645 3809 792 3866 talia
827 3825 980 3885 quae
1017 3816 1154 3868 sunt
1189 3810 1569 3870 affectionum
1594 3812 1739 3882 veri,
1780 3816 1837 3867 et
1871 3810 2266 3870 instrumenta
2297 3811 2392 3868 in-

268 3903 511 3964 flatoria
535 3906 682 3967 talia
705 3927 860 3986 quae
888 3916 1027 3969 sunt
1054 3910 1433 3970 affectionum
1458 3911 1626 3988 boni3
1665 3926 1776 3970 seu
1803 3910 1962 3986 quod
1988 3909 2161 3986 idem,
2202 3929 2393 3987 quae-

268 4005 413 4064 dam
454 4006 849 4068 instrumenta
881 4013 1185 4087 pertinent
1233 4011 1310 4069 ad
1346 4010 1605 4071 classem
1640 4010 2040 4089 spiritualem,
2099 4012 2396 4091 quaedam

263 4115 472 4165 autem
508 4106 587 4165 ad
624 4108 884 4169 classem
925 4111 1278 4171 coelestem:
1319 4112 1479 4188 quod
1520 4111 1665 4172 Soni
1694 4113 2206 4188 correspondeant
2242 4111 2389 4168 affe-

260 4207 589 4283 ctionibuS,
645 4227 720 4269 ex
757 4211 946 4270 multa
994 4213 1360 4289 experientia
1399 4213 1539 4271 mihi
1576 4214 1800 4290 patuit,
1855 4194 1912 4269 et
1950 4229 2186 4287 quoque
2228 4208 2386 4285 quod

1627 4423 1678 4437 „a-
