2791 4778
482 393 591 446 264
898 380 1393 437 APOCALYPSIS
1438 383 1870 440 EXPLICATA.
1946 384 1999 451 §-
2043 392 2164 444 375.

482 548 648 616 sunt,
688 544 831 618 quia
864 540 1406 618 repraesentabant
1440 540 1762 601 Dominum
1798 545 1900 619 qui
1934 542 2101 602 solus
2134 542 2349 603 Unctus
2380 540 2532 601 Jeho-
2643 548 2654 599 1

483 660 628 717 vae,
683 658 754 700 ac
797 641 934 700 ideo
975 648 1426 700 sacrosanctum
1461 642 1573 700 fuit
1613 641 1856 701 laedere
1891 643 2094 719 Reges
2128 649 2312 703 terrae
2343 648 2538 718 propter

482 741 868 803 Unctionem:
907 747 969 800 at
1002 743 1204 800 unctio
1239 741 1473 818 Regum
1510 748 1708 801 terrae
1741 742 1926 802 fiebat
1959 760 2075 819 per
2108 743 2325 815 oleum,
2368 741 2538 802 Unctio

482 848 686 902 autem
721 840 961 901 Domini
1000 841 1197 917 quoad
1225 840 1514 900 Divinum
1551 841 1894 901 Humanum
1928 843 2093 901 sacta
2129 849 2219 901 est
2251 859 2352 918 per
2377 841 2540 917 Ipsum

482 941 768 1004 Divinum
817 940 1048 1001 Bonum
1098 941 1301 1000 Divini
1348 941 1618 1016 Amoris,
1675 943 1835 1018 quod
1870 943 2072 1001 oleum
2120 940 2460 1018 significabat
2499 944 2542 998 et

483 1043 683 1104 unctio
723 1039 1249 1118 repraesentabat:
1303 1040 1442 1100 inde
1490 1048 1582 1100 est
1632 1042 1791 1117 quod
1838 1042 2136 1102 Dominus
2186 1043 2368 1100 dictus
2407 1040 2544 1097 fuerit

484 1142 745 1202 Messias
795 1148 855 1201 et
902 1141 1212 1211 Christus,
1276 1141 1534 1200 Messias
1589 1142 1650 1199 in
1694 1142 1929 1218 Lingua
1978 1143 2264 1201 Hebraea
2310 1137 2546 1216 significat

484 1241 775 1314 Unctum,
835 1242 1105 1300 similiter
1156 1240 1430 1301 Christus
1478 1244 1539 1299 in
1589 1242 1826 1318 Lingua
1865 1242 2134 1316 Graeca,
2201 1239 2549 1302 Joh21242.

487 1342 645 1420 Cap:
696 1341 817 1400 IV:
867 1342 990 1400 25:
1048 1358 1122 1399 ex
1163 1341 1258 1399 his
1308 1349 1584 1401 constare
1633 1348 1863 1417 potest,
1930 1343 2094 1417 quod
2141 1343 2244 1401 ubi
2290 1343 2349 1400 in
2392 1334 2548 1397 Verbo

485 1442 702 1501 dicitur
739 1440 967 1503 Unctus
1014 1439 1294 1501 Jehovae
1341 1444 1403 1500 in
1443 1458 1627 1501 sensu
1669 1446 2191 1518 repraesentativo
2240 1438 2550 1514 intelligatur

484 1541 812 1617 Dominus;
850 1547 916 1600 ut
949 1540 1111 1617 apud
1144 1542 1386 1618 Esajam
1428 1540 1767 1621 „Spiritus
1805 1540 2086 1603 Domini
2122 1539 2379 1603 Jelzovih
2408 1553 2552 1614 super

287 1639 447 1703 [520]
483 1638 621 1716 Me,
675 1641 817 1702 ideo
851 1640 1047 1702 unxit
1089 1640 1372 1701 Jelzovah
1407 1640 1515 1700 Me
1564 1641 1654 1702 ad
1699 1639 2274 1720 evanyelieandum
2296 1635 2552 1719 pauperi-

483 1744 629 1816 bus,
683 1741 869 1803 misit
902 1740 1010 1800 Me
1056 1741 1146 1802 ad
1192 1739 1606 1821 obliyandum
1635 1742 1893 1821 fractos
1939 1743 2159 1818 corde,
2215 1739 2302 1802 ad
2335 1732 2551 1818 praedi·

484 1840 762 1903 candum
795 1840 1069 1920 captivis
1106 1839 1504 1902 libertatem
1553 1842 1730 1901 LXI:
1780 1846 1849 1918 1;
1889 1844 2051 1918 quod
2086 1844 2372 1903 Dominus
2404 1832 2555 1913 quoad

485 1942 768 2003 Divinum
809 1941 1152 2000 Humanum
1203 1943 1314 2014 sit,
1363 1959 1543 2019 quem
1589 1944 1756 2000 unxit
1804 1942 2128 2016 Jehovah,
2185 1946 2404 2001 constat
2434 1932 2554 2012 apud

485 2042 733 2117 Lucam,
788 2042 888 2100 ubi
932 2042 1227 2101 Dominus
1264 2042 1325 2101 id
1369 2050 1579 2119 aperte
1626 2043 1796 2118 dicit,
1851 2043 1945 2101 his
1983 2045 2189 2102 verbis
2242 2035 2558 2117 „Traditus
2640 2020 2661 2040 '¹

486 2148 584 2203 est
627 2140 787 2203 Jecu
831 2139 987 2203 liber
1017 2140 1268 2223 Eeajae
1291 2140 1682 2222 Prophetae,
1720 2147 1780 2202 et
1812 2140 2080 2204 revolvit
2115 2141 2370 2215 librum,
2402 2143 2453 2196 et
2478 2133 2555 2193 in·

488 2244 659 2306 mit
693 2239 897 2306 locum
930 2242 1039 2303 ubi
1063 2246 1202 2303 erat
1239 2243 1578 2323 scriptum,
1624 2242 1915 2323 Spiritus
1948 2242 2237 2303 Domini
2269 2255 2442 2318 super
2463 2230 2558 2301 Me,

479 2352 741 2427 propter
798 2342 966 2426 quod
1025 2342 1221 2405 unxit
1266 2341 1405 2419 Me,
1474 2343 1565 2405 ad
1613 2339 2188 2424 evanyelizandum
2226 2333 2557 2423 pauperibuss

487 2447 674 2508 misit
708 2444 833 2521 Me,
888 2444 978 2505 ad
1016 2443 1382 2506 sanandum
1432 2445 1733 2507 contritos
1767 2444 1981 2520 corde,
2037 2443 2133 2505 ad
2170 2435 2560 2520 evanyelizan-

488 2546 645 2608 dum
686 2546 919 2608 vinctis
961 2543 1397 2608 remissionem
1414 2591 1431 2620 ,
1486 2551 1547 2606 et
1593 2544 1795 2605 caecis
1838 2545 2074 2616 visum,
2147 2543 2240 2605 ad
2283 2538 2559 2602 dimitten-

489 2646 648 2708 dum
681 2646 1009 2708 sauciatos
1054 2664 1197 2731 calm
1251 2645 1643 2719 remissione,
1696 2643 1788 2704 ad
1825 2644 2339 2724 praedicandum
2371 2649 2563 2699 annum

488 2744 770 2806 Domini
814 2751 1135 2825 acceptum
1154 2766 1182 2818 ;
1255 2753 1478 2824 postea
1527 2732 1891 2805 convolvens
1932 2742 2167 2805 librum
2204 2740 2376 2804 dedit
2405 2732 2559 2796 mini-

489 2851 627 2906 stro
642 2889 659 2918 ,
715 2861 792 2904 ac
829 2845 1148 2917 coneedit;
1203 2847 1484 2906 omnium
1519 2849 1730 2904 autem
1766 2845 1837 2905 in
1871 2863 2211 2925 eynayoya
2238 2838 2395 2904 oculi
2425 2835 2564 2896 eran!

489 2945 725 3007 detenti
763 2945 834 3005 in
869 2945 1128 3025 Ipsum3
1184 2946 1381 3025 coepit
1416 2944 1621 3006 dicere
1644 2944 1735 3005 ad
1766 2942 1950 3021 illos,
2005 2943 2197 3005 hodie
2227 2937 2468 3023 impleta
2495 2934 2564 2990 082

490 3045 818 3124 scriptura
862 3045 1013 3104 haec
1060 3044 1129 3104 in
1176 3047 1442 3107 auribus
1477 3044 1755 3106 vestris“
1807 3046 1932 3105 IV:
1993 3050 2102 3105 17.
2166 3049 2275 3104 18.
2335 3044 2431 3100 19.
2478 3033 2561 3092 2⁰-

496 3150 610 3206 21.
662 3145 843 3223 Apud
869 3146 1185 3206 Danielem
1224 3145 1445 3221 „Scito
1479 3164 1628 3225 erqo
1656 3152 1716 3206 et
1739 3145 2071 3227 percipito,
2102 3146 2183 3205 ab
2208 3143 2385 3206 exitu
2421 3127 2562 3200 Verbi

489 3265 688 3325 usque
730 3244 820 3305 ad
852 3245 1313 3308 restituendum
1347 3253 1408 3307 et
1435 3245 1524 3306 ad
1558 3244 2032 3326 aedificandum
2066 3239 2562 3321 Hierosolymam,

488 3366 686 3428 usque
740 3345 831 3407 ad
875 3345 1187 3408 Meseiam
1247 3344 1616 3425 Principem
1668 3344 2074 3424 septimanae
2128 3351 2361 3423 septem
2379 3342 2410 3372 “
2466 3330 2561 3393 IX:

497 3451 623 3522 253
680 3447 999 3508 aedificare
1036 3447 1519 3524 Hierosolymam
1546 3454 1638 3505 est
1674 3449 2008 3505 instaurare
2044 3446 2405 3515 Ecclesiam,
2448 3434 2561 3494 Hic-

490 3550 795 3627 rosolyma
844 3555 936 3608 est
981 3548 1286 3622 Ecclesia3
1350 3547 1607 3605 Messias
1657 3547 1976 3622 Princeps,
2040 3563 2152 3605 seu
2198 3545 2445 3612 Unctus„
2495 3534 2563 3591 08‘

491 3650 787 3711 Dominus
826 3649 1026 3727 quoad
1060 3649 1339 3707 Divinum
1376 3647 1739 3706 Humanum.
1810 3646 1993 3723 Apud
2028 3646 2300 3705 Eundem
2348 3627 2563 3716 „Septi-

492 3767 721 3809 manae
759 3749 1170 3829 septuayinta
1206 3747 1455 3809 decisae
1490 3751 1639 3807 sunt
1673 3744 1763 3806 ad
1811 3745 2280 3826 obsiynandum
2314 3738 2566 3803 visionem

494 3853 554 3905 et
581 3848 985 3927 prophetam,
1045 3856 1105 3911 et
1143 3848 1233 3909 ad
1274 3845 1651 3927 Unyendum
1693 3843 2001 3907 Sanctum
2039 3841 2438 3906 sanctor-affl
2469 3828 2564 3893 ῙΧΞ

500 3949 624 4021 243
695 3947 1010 4023 obsignare
1072 3952 1364 4012 visionem
1415 3955 1475 4006 et
1528 3946 1885 4023 prophetam
1950 3952 2044 4006 est
2097 3944 2440 4017 concludere
2488 3928 2567 3990 issa

496 4049 652 4122 quae
688 4047 748 4104 in
773 4045 975 4107 Verbo
1012 4049 1086 4107 de
1112 4050 1368 4109 Domino
1400 4049 1560 4107 dicta
1594 4052 1751 4116 sunt,
1789 4053 1850 4106 et
1876 4046 2179 4125 complere
2215 4046 2349 4120 illa3
2384 4042 2565 4110 ungeffl

499 4145 787 4205 Sanctum
834 4154 1205 4222 sanctorum,
1263 4156 1354 4208 est
1402 4149 1684 4207 Divinum
1735 4147 2079 4207 Humanum
2123 4145 2358 4206 Domini
2390 4143 2442 4199 in
2473 4142 2564 4208 ‘1¹¹⁰

496 4246 608 4307 suit
636 4246 916 4306 Divinum
946 4247 1177 4307 Bonum
1210 4248 1418 4307 Divini
1443 4247 1681 4308 Amoris
1718 4263 1827 4307 scu
1857 4248 1897 4308 J
1903 4248 2153 4308 ehovah.
2210 4247 2325 4306 Per
2356 4240 2565 4302 Unctum
