2791 4778
394 358 627 414 CAPUT
667 358 978 415 SEXTUM.
1783 357 1995 412 VERS:
2039 367 2091 419 2.
2251 372 2357 423 109

238 519 516 589 fallaciiS,
570 515 924 596 applicando
954 517 1136 577 etiam
1172 533 1420 577 sensum
1456 517 1670 576 literae
1707 515 1913 575 Verbi.
1969 516 2153 595 Apud
2185 519 2355 580 Eun—

238 620 366 679 dem
414 615 786 694 „Gladium
827 616 1078 679 nudant
1102 615 1325 696 impii,
1377 623 1439 677 et
1481 615 1745 678 tendunt
1781 635 2002 677 arcum
2039 636 2232 679 cuum
2265 618 2359 680 ad

235 718 652 802 dejiciendum
697 719 1001 779 miserum
1049 722 1109 777 et
1146 736 1443 797 cycnum:
1502 714 1773 796 qladius
1820 735 2036 779 eorum
2088 718 2358 781 intrabit

234 821 299 882 in
322 839 429 882 cor
454 838 688 894 eoram,
719 824 779 879 et
815 836 1008 879 arcus
1031 837 1246 878 eorum
1259 818 1705 897 sranyentur“
1739 818 1972 876 Psalm:
2011 819 2351 880 XXXVII:

239 925 342 981 14.
402 925 430 978 1
453 923 532 993 53
583 938 695 998 per
735 920 998 997 gladium
1033 919 1402 995 significatur
1436 918 1654 978 salsum
1687 935 1962 995 pugnans
1999 925 2206 980 contra
2242 937 2352 979 ve-

229 1040 387 1097 rum3
448 1027 514 1080 et
555 1038 665 1097 per
701 1038 903 1078 arcum
933 1019 1299 1096 significatur
1336 1019 1606 1077 doctrina
1635 1018 1797 1093 falsi3
1838 1018 1914 1077 ad
1950 1019 2348 1096 dejiciendum

229 1123 510 1180 miserum
567 1128 627 1179 et
677 1137 966 1196 egenum,
1022 1118 1314 1195 significat
1353 1119 1430 1176 ad
1465 1119 1927 1194 pervertendum
1976 1119 2111 1178 illos
2151 1122 2252 1196 qui
2290 1123 2352 1180 in

225 1223 564 1297 ignorantia
605 1223 735 1278 veri
785 1227 846 1278 et
888 1220 1029 1278 boni
1083 1226 1252 1295 sunt3
1308 1218 1542 1295 gladius
1595 1236 1801 1278 eorum
1845 1220 2090 1279 intrabit
2139 1222 2201 1278 in
2249 1238 2353 1280 cor

229 1341 458 1393 eorum,
523 1321 821 1397 significat
856 1320 1013 1395 quod
1067 1322 1317 1395 perituri
1369 1322 1489 1376 sint
1540 1338 1614 1379 ex
1667 1335 1777 1377 suo
1826 1320 2010 1389 falam
2060 1328 2121 1380 et
2170 1336 2348 1379 arcus

228 1439 424 1480 eorum
463 1423 848 1497 frangentur,
903 1420 1195 1497 significat
1236 1420 1395 1495 quod
1432 1419 1700 1478 doctrina
1751 1418 1890 1477 salsi
1927 1437 2133 1479 eorum
2171 1421 2350 1479 dissi-

226 1523 496 1597 pabitur,
544 1522 702 1597 quod
744 1523 923 1580 etiam
957 1521 1023 1580 fit
1057 1527 1196 1606 past
1233 1538 1554 1579 excessum
1590 1538 1795 1579 eorum
1829 1538 1861 1579 e
1899 1521 2154 1595 mundo,
2208 1527 2352 1581 tunc

226 1622 374 1681 falsa
409 1621 678 1698 perdunt
714 1638 848 1691 eoa,
902 1628 963 1679 et
997 1622 1263 1680 doctrina
1299 1627 1584 1697 quantum
1614 1621 1689 1679 ad
1716 1638 1862 1679 vera
1890 1620 2194 1698 applicata
2229 1621 2346 1679 fal-

227 1724 303 1780 sis
354 1723 708 1799 dissipatur.
825 1722 1005 1798 Apud
1077 1721 1347 1780 Eundem
1423 1720 1610 1796 „Qui
1660 1728 1898 1782 acuunt
1958 1722 2128 1783 sicut
2194 1718 2347 1801 yla-

225 1821 399 1883 dium
449 1820 749 1901 linquam
802 1840 1020 1891 auam,
1075 1820 1339 1906 tendunt
1390 1819 1588 1881 telum
1633 1840 1822 1882 saum
1873 1822 2050 1882 verbo
2103 1841 2345 1898 amara,

222 1927 293 1983 ut
308 1920 694 2004 jaculentur
735 1922 804 1981 in
842 1918 1134 1982 latibuli-9
1173 1923 1538 2000 inteyrum“
1576 1922 1812 1980 Psalm:
1859 1923 2097 1981 LXIV:
2148 1926 2210 1981 4.
2272 1924 2343 1999 53

224 2026 360 2098 quia
409 2022 653 2100 gladius
709 2022 1006 2099 significat
1048 2022 1263 2080 salsum
1310 2040 1584 2098 pugnans
1641 2030 1848 2081 contra
1899 2040 2142 2098 verum,
2206 2023 2343 2084 ideo

225 2123 436 2182 dicitur
491 2129 717 2181 acuunt
767 2125 924 2182 sicut
977 2121 1239 2198 gladium
1289 2122 1553 2198 linguam
1607 2140 1807 2198 suam3
1865 2130 1925 2181 et
1975 2126 2115 2198 quia
2160 2124 2348 2183 telum

225 2224 521 2299 significat
555 2222 770 2281 falsum
807 2223 1143 2295 doctrinae,
1208 2223 1344 2281 ideo
1399 2223 1619 2282 dicitur
1661 2223 1913 2280 tendunt
1948 2223 2132 2281 telum
2168 2239 2346 2282 suum

157 2341 165 2347 ’
226 2324 406 2381 verbo
453 2341 690 2400 amar03
738 2324 996 2400 jaculari
1030 2325 1090 2380 in
1125 2323 1391 2381 latibulis
1440 2325 1767 2400 integrum,
1821 2322 2012 2381 simile
2049 2321 2347 2399 significat

233 2425 389 2499 quod
423 2442 612 2500 supra
638 2425 899 2501 jaculari
943 2427 1003 2483 in
1048 2425 1312 2484 tenebris
1360 2429 1560 2482 rectos
1612 2423 1819 2497 corde,
1880 2441 2097 2498 nempe
2134 2420 2345 2481 fallere

233 2522 365 2582 illos
413 2528 513 2599 qui
555 2528 614 2582 in
659 2528 816 2582 veris
857 2543 931 2584 ex
976 2525 1133 2584 bono
1185 2532 1342 2583 sunt.
1436 2524 1618 2600 Apud
1668 2523 1995 2582 Jeremiam
2059 2520 2341 2597 „Omnes

229 2624 646 2696 maechantem
722 2632 1055 2686 conventu-s·
1088 2624 1518 2705 perfidorum,
1583 2623 1697 2702 qui
1736 2622 2000 2683 tendunt
2051 2621 2344 2701 linquam

226 2743 426 2797 cuam,
473 2743 664 2785 arcus
699 2744 917 2786 eorum
959 2725 1392 2800 mendacium,
1446 2744 1637 2804 neque
1673 2723 1744 2784 in
1781 2723 2108 2785 veritatem
2149 2742 2344 2803 prae-

225 2823 563 2886 valuerant
613 2826 683 2885 in
741 2831 939 2896 terra,
995 2827 1150 2905 quia
1201 2844 1242 2885 a
1294 2825 1465 2886 malo
1506 2826 1577 2886 in
1627 2823 1873 2886 malum
1920 2831 2179 2898 eoeeunt,
2232 2842 2342 2884 nec

224 2923 328 2984 Me
368 2929 724 2987 noveru-'rw‘
769 2927 893 2988 IX:
954 2932 1010 2985 1.
1065 2931 1138 2996 2,
1191 2945 1300 3002 per
1334 2928 1745 3001 maechanteS,
1802 2933 2160 2986 conventum
2193 2943 2339 3002 per-

217 3027 504 3095 fidorum,
565 3028 977 3104 intelliguntur
1019 3031 1120 3104 qui
1162 3027 1484 3089 falsificant
1519 3030 1885 3104 cognitiones
1921 3030 2049 3085 veri
2085 3033 2145 3086 et
2178 3026 2337 3099 boni,

217 3128 607 3188 maechantes
643 3135 781 3186 sunt
815 3132 919 3210 qui
947 3128 1263 3187 falsificant
1300 3130 1667 3204 cognitiones
1696 3131 1859 3199 veri,
1912 3134 1972 3185 et
1998 3127 2211 3203 perfidi
2239 3128 2341 3202 qui

218 3231 594 3304 cognitiones
642 3228 812 3305 boni3
881 3230 954 3287 de
1005 3229 1098 3286 his
1154 3228 1366 3287 dicitur
1423 3229 1582 3305 quod
1627 3228 1872 3287 tendant
1920 3229 2213 3304 linguam,
2280 3233 2341 3284 et

218 3329 377 3405 quod
415 3345 596 3386 arcus
626 3346 830 3387 eorum
868 3329 1274 3402 mendacium,
1329 3345 1506 3387 arcus
1552 3333 1645 3388 est
1673 3329 1939 3386 doctrina
1973 3328 2131 3385 unde
2168 3327 2337 3401 prin-

218 3430 375 3505 cipia
408 3428 583 3499 salsi,
634 3435 694 3488 et
728 3431 1103 3489 mendacium
1142 3437 1235 3488 est
1271 3429 1523 3504 falsum3
1580 3435 1640 3487 et
1674 3429 1811 3487 inde
1849 3444 2083 3503 quoque
2125 3425 2341 3481 dieitur

217 3533 431 3588 nonin
466 3531 783 3588 veritatem
817 3530 1286 3607 praevaluerunt
1331 3531 1392 3588 in
1441 3535 1631 3603 terra,
1683 3529 1795 3586 hoe
1847 3534 1969 3599 est,
2023 3528 2083 3584 in
2119 3523 2336 3581 Eccle-

218 3631 308 3687 sia
342 3631 449 3689 ubi
488 3632 745 3705 genuina
781 3649 953 3705 vera3
1011 3631 1170 3707 quod
1216 3628 1370 3688 tales
1424 3632 1544 3688 sint
1594 3631 1693 3706 qui
1738 3630 1797 3684 in
1847 3628 1971 3683 vita
2006 3625 2147 3682 mali
2181 3629 2340 3692 sunt,

218 3736 278 3788 et
311 3749 431 3789 non
473 3739 806 3807 agnoscunt
841 3731 1190 3801 Dominum,
1245 3731 1615 3806 significatur
1660 3747 1769 3805 per
1816 3729 1960 3802 quia
2006 3744 2044 3784 a
2085 3724 2243 3784 malo
2278 3725 2341 3782 iu

216 3831 439 3890 malum
473 3839 711 3902 exeunt,
744 3849 853 3891 nec
882 3832 978 3889 Me
1009 3838 1317 3889 noverunt.
1375 3830 1554 3906 Apud
1588 3829 1912 3888 Jeremiam
1953 3825 2164 3901 „Ecce
2188 3823 2338 3904 Eyo

215 3931 551 3992 ascmdere
576 3931 833 4011 faciens
872 3938 1092 3991 contra
1130 3929 1434 3992 Babelem
1474 3930 2018 4009 conyreyationem
2054 3928 2341 4009 ‚centium

216 4050 606 4111 vna-quarum
660 4052 692 4091 e
742 4040 913 4093 terra
964 4031 1451 4111 septentrioni&
1530 4029 1656 4091 tela
1718 4029 1856 4111 ciue
1906 4029 2074 4092 sicat
2113 4028 2341 4109 forti-9,

217 4149 344 4191 non
392 4137 737 4194 revertetur
789 4130 998 4194 ullum
1053 4151 1287 4194 vanum
1307 4152 1328 4192 .·
1401 4129 1720 4212 disponite
1770 4136 1991 4192 contra
2038 4126 2341 4191 Babelem

219 4230 649 4304 circumcirca,
670 4253 882 4297 omne-s
909 4232 1226 4295 tendentes
1253 4250 1493 4309 arcum,
1516 4229 1910 4315 jaculamini
1935 4236 2154 4294 contra
2180 4246 2338 4302 cam,
