2791 4778
355 371 583 427 CAPUT
619 372 930 428 SEXTUM.
1068 350 1074 357 ’
1711 373 1922 429 VERS:
1964 385 2021 436 e.
2194 385 2304 439 317

224 532 406 589 fleatur
450 531 707 589 medium
758 531 1187 606 purificationis
1226 539 1574 603 externum,
1630 532 1908 592 videatur
1951 553 2020 593 n:
2083 538 2301 596 7918:

223 632 358 706 quod
390 631 623 708 singula
659 649 815 707 quae
851 633 912 689 in
948 632 1150 690 Verbo
1186 640 1588 690 memorantur
1625 633 1698 692 de
1724 633 2015 694 Passieno
2042 635 2303 710 Domini,

217 732 490 790 involvant
526 738 591 790 et
624 731 960 807 significent
992 732 1211 789 Divina
1247 733 1535 790 coelestia
1573 741 1632 791 et
1664 734 2034 809 spiritualia,
2092 736 2303 795 videa-

218 840 298 891 tur
327 849 504 907 supra
539 851 608 890 n:
652 834 763 890 83.
843 832 930 888 Ex
970 848 1155 907 supra
1184 832 1379 890 allatis
1405 832 1553 891 locis
1592 841 1867 892 constare
1893 843 2117 911 potest,
2158 836 2302 911 quid

217 933 379 991 fames
412 935 472 989 in
517 933 720 991 Verbo
757 932 1081 1007 significat,
1147 935 1557 990 examinentur
1608 935 1716 992 illa
1762 941 1822 992 et
1870 935 2304 1011 expendantur,

218 1039 266 1091 et
294 1032 582 1092 videbitur
621 1032 696 1090 ab
731 1033 851 1090 iliis
889 1034 991 1107 qui
1034 1035 1095 1090 in
1140 1033 1341 1108 aliqua
1394 1034 1674 1093 interiore
1730 1037 2088 1111 cogitatione
2139 1043 2298 1111 sunt,
2393 1066 2401 1074 ·

215 1133 351 1208 quod
384 1151 765 1214 nequaquam
803 1132 1090 1191 naturalis
1128 1133 1346 1207 fames,
1405 1137 1649 1193 esuritio
1685 1145 1745 1194 et
1791 1138 1920 1194 sitis
1971 1138 2163 1212 possit
2204 1139 2300 1196 in-

213 1233 398 1309 telllgi,
452 1234 565 1292 sed
601 1233 947 1309 spiritualis.
2370 1238 2373 1241 ’

346 1336 499 1392 387.
582 1335 662 1392 Et
710 1335 771 1391 in
821 1340 1048 1407 morte,
1108 1332 1267 1408 quod
1310 1333 1602 1410 significet
1653 1335 1790 1393 inde
1845 1338 2299 1396 exstinctionem

211 1436 347 1493 vitae
392 1434 755 1511 spiritualiS,
817 1440 1049 1493 constat
1097 1451 1170 1493 ex
1218 1434 1650 1509 significatione
1701 1439 1937 1510 mortis,
2012 1436 2172 1513 quod
2219 1439 2299 1497 sit

209 1536 492 1593 exstinctio
530 1538 695 1593 vitae
744 1534 1100 1610 spiritualis,
1158 1534 1232 1592 de
1270 1552 1389 1608 qua
1424 1552 1607 1609 supra
1641 1554 1712 1594 n:
1762 1540 1868 1596 78.
1918 1540 1945 1595 1
1969 1540 2094 1612 863
2136 1537 2300 1613 quod

207 1633 302 1693 hoc
339 1652 444 1711 per
479 1641 734 1693 mortem
781 1633 875 1691 hic
922 1634 1318 1710 significetur,
1373 1642 1607 1693 constat
1656 1653 1730 1694 ex
1774 1639 1932 1695 serie
1982 1655 2185 1697 rerum
2232 1640 2294 1696 in

205 1751 362 1792 sensu
396 1738 669 1809 intern03
711 1735 922 1792 dicitur
960 1737 1115 1793 enIm
1154 1734 1313 1810 quod
1349 1735 1490 1793 data
1522 1736 1642 1794 illis
1679 1738 1757 1794 sit
1791 1743 2062 1812 potestas
2107 1739 2296 1796 inter-

204 1833 411 1893 ficiendi
460 1835 694 1911 gladie,
749 1835 905 1892 same
956 1841 1017 1892 et
1060 1842 1283 1909 morte,
1350 1843 1410 1894 et
1457 1854 1565 1910 per
1618 1837 1880 1912 gladium
1930 1837 2299 1912 significatur

204 1934 394 1993 falsum
442 1936 767 1994 destruens
808 1953 1047 2007 verum,
1100 1954 1212 2012 per
1254 1935 1473 1993 famem
1524 1936 1855 2011 deprivatio
1900 1940 2302 2014 cognitionum

203 2038 312 2102 veri
360 2044 417 2094 et
462 2037 640 2107 boni,
698 2036 831 2093 inde
879 2053 990 2110 per
1035 2047 1283 2093 mortem
1343 2036 1711 2111 significatur
1773 2039 2087 2096 exstInctio
2137 2041 2298 2098 vitae

205 2137 541 2210 spiritualiS,
582 2154 717 2193 nam
760 2134 864 2194 ubi
897 2135 1116 2194 falsum
1152 2143 1392 2212 regnat,
1448 2154 1516 2194 ac
1555 2136 1657 2195 ubi
1692 2137 1890 2195 nullae
1931 2140 2299 2213 cognitiones

203 2238 404 2295 veriet
449 2238 594 2295 boni
647 2243 815 2311 sunt,
872 2238 952 2295 ibi
998 2255 1116 2294 non
1162 2244 1256 2295 est
1304 2237 1510 2311 aliqua
1556 2240 1681 2294 vita
1731 2237 2094 2314 spiritualis,
2146 2237 2301 2298 haec

204 2336 343 2394 enim
376 2344 751 2413 comparatur
785 2355 895 2413 per
935 2340 1302 2414 cognitiones
1341 2339 1470 2396 veri
1520 2343 1580 2396 et
1613 2326 1767 2397 bons
1792 2337 2126 2414 applicatas
2164 2339 2293 2397 usi-

202 2435 309 2492 bus
340 2440 522 2513 vitae3
556 2439 731 2496 homo
764 2440 917 2497 enim
947 2441 1211 2497 nascitur
1236 2440 1297 2496 in
1324 2455 1497 2496 omne
1527 2438 1748 2498 malum
1787 2446 1846 2497 et
1879 2438 2016 2496 inde
2053 2438 2288 2513 falsum,

208 2551 380 2609 quare
417 2540 582 2596 etiarn
617 2541 882 2598 nascitur
910 2542 968 2597 in
1006 2539 1335 2615 plenariam
1364 2541 1755 2615 ignorantiam
1786 2542 2044 2598 omnium
2081 2541 2288 2614 cogni-

199 2636 407 2694 tionum
442 2639 869 2715 spiritualium3
910 2647 974 2699 ut
1012 2656 1151 2715 ergo
1190 2640 1524 2698 abducatur
1561 2657 1597 2697 a
1632 2641 1806 2700 malis
1837 2649 1894 2699 et
1929 2639 2067 2698 inde
2094 2639 2284 2713 falsis,

195 2736 248 2792 in
283 2754 430 2812 quae
466 2742 761 2811 nascitur,
813 2747 873 2798 et
907 2740 1161 2798 ducatur
1196 2742 1257 2798 in
1294 2742 1475 2804 vitam
1517 2738 1701 2811 Coeli,
1738 2757 1806 2799 ac
1849 2741 2142 2815 salvetur,
2179 2757 2293 2799 ne-

196 2852 412 2896 cessum
450 2845 546 2897 est
584 2848 647 2897 ut
674 2840 864 2899 discat
895 2842 1262 2916 cognitiones
1299 2844 1430 2899 veri
1466 2848 1525 2898 et
1558 2842 1728 2916 boni,
1767 2859 1878 2918 per
1914 2858 2065 2917 quas
2100 2842 2292 2902 intro-

195 2935 443 3014 ducatur,
487 2946 549 2997 et
581 2938 684 2999 fiat
718 2940 1067 3016 spiritualis.
1148 2942 1239 2999 Ex
1272 2942 1385 3000 hac
1428 2943 1583 3000 serie
1620 2960 1821 3001 rerum
1865 2944 1927 3000 in
1970 2959 2156 3001 sensu
2189 2945 2284 3001 in-

192 3042 341 3096 terno
401 3046 601 3116 patet,
682 3042 840 3116 quod
896 3059 1006 3118 per
1065 3049 1318 3100 mortem
1379 3042 1478 3100 hic
1540 3043 1907 3119 significetur
1969 3044 2285 3104 exstinctio

189 3138 328 3197 vitae
372 3140 735 3216 spiritualis;
788 3143 903 3201 hoc
954 3158 1191 3219 quoque
1240 3141 1610 3218 significatur
1657 3161 1767 3219 per
1820 3150 2069 3203 mortem
2107 3145 2287 3221 spiri-

187 3239 410 3299 tualem.

325 3342 493 3399 388.
548 3342 624 3400 Et
660 3360 696 3399 a
729 3342 870 3401 feris
910 3350 1132 3418 terrae,
1191 3343 1350 3419 quod
1377 3343 1671 3419 significet
1706 3345 1865 3403 mala
1891 3346 2085 3417 vitae,
2128 3360 2286 3418 quae

187 3446 309 3497 sunt
344 3442 706 3516 cupiditates
746 3450 804 3501 et
847 3444 985 3502 inde
1022 3444 1317 3502 falsitates
1358 3443 1644 3503 oriundae
1701 3443 1776 3501 ab
1825 3460 2026 3501 amore
2074 3444 2171 3500 sui
2226 3448 2290 3500 et

180 3540 399 3610 mundi,
452 3560 607 3618 quae
654 3549 891 3601 vastant
938 3547 1135 3603 omnia
1183 3544 1493 3603 Ecclesiae
1536 3542 1697 3620 apud
1742 3542 2070 3615 hominem,
2130 3557 2279 3598 con-

181 3644 289 3697 stat
322 3658 397 3699 ex
438 3642 865 3717 significatione
902 3644 1190 3718 ferarum,
1248 3644 1409 3721 quod
1455 3646 1573 3702 sint
1626 3642 1980 3717 cupiditates
2041 3648 2101 3699 et
2152 3638 2276 3697 fal-

180 3741 377 3799 sitates
426 3743 711 3802 oriundae
776 3761 850 3802 ex
903 3762 1102 3803 amore
1145 3747 1239 3804 sui
1286 3754 1347 3804 et
1393 3743 1621 3815 mundi,
1679 3749 1738 3801 et
1792 3743 1932 3818 quia
1976 3741 2081 3798 illa
2139 3744 2286 3798 sunt

181 3839 302 3913 ipsa
339 3843 496 3900 mala
529 3846 721 3917 vitae,
761 3862 899 3902 nam
935 3844 1092 3903 mala
1130 3848 1252 3907 vita
1289 3855 1380 3903 est
1416 3843 1807 3919 cupiditatum
1844 3850 1903 3901 et
1940 3842 2280 3900 falsitatum

179 3941 320 4014 vita,
373 3943 510 4002 idco
548 3962 659 4019 per
694 3945 853 4003 feras
893 3952 1087 4003 terrae
1135 3946 1231 4003 hic
1274 3945 1378 4004 illa
1412 3944 1853 4026 intelliguntur3
1912 3942 2070 4017 quod
2119 3943 2286 4001 ferae

182 4041 499 4114 significent
540 4044 710 4116 talia,
752 4044 1048 4102 videbitur
1081 4047 1143 4102 in
1182 4045 1606 4121 sequentibus3
1659 4053 1821 4103 etex
1848 4043 2286 4119 significatione

179 4144 392 4218 terrae,
451 4144 612 4220 quod
659 4147 736 4203 sit
780 4145 1087 4219 Ecclesia,
1158 4146 1230 4203 de
1282 4163 1401 4220 qua
1445 4162 1630 4222 supra
1686 4164 1752 4204 n:
1809 4146 1923 4204 29.
1986 4146 2167 4203 304:
2228 4148 2293 4203 et

180 4243 310 4312 quia
353 4263 463 4321 per
510 4246 676 4305 feras
711 4245 1122 4322 significantur
1160 4245 1315 4303 mala
1354 4248 1543 4314 vitae,
1599 4253 1658 4305 et
1692 4246 1843 4305 haec
1883 4250 2123 4304 vastant
2161 4243 2289 4301 Ec-

171 4445 204 4462 ὁ
