2791 4778
2650 119 2653 202 Ι

487 373 595 426 382
904 362 1393 418 APOCALYPSIS
1436 362 1874 420 EXPLICATA.
1952 364 1997 430 §.
2038 371 2161 424 401.

481 521 892 585 circumdata
934 519 1165 597 Solem,
1216 528 1277 582 et
1310 521 1506 584 Luna
1531 521 1648 582 sub
1672 521 1947 601 pedibus
1980 522 2130 605 ejus,
2163 526 2219 580 et
2244 539 2414 600 super
2443 520 2540 582 Ga·
2633 427 2656 572 4

473 623 616 703 pite
651 641 881 682 corona
918 620 1253 684 stellarum
1289 622 1671 683 duodecim“
1712 622 1874 682 XII:
1932 627 1996 698 13
2050 622 2200 698 quod
2232 640 2334 699 per
2365 623 2537 683 mulie·
2656 639 2657 702 l

482 742 610 783 rem
645 724 729 781 ibi
768 723 1133 800 significetur
1169 724 1476 793 Ecclesia,
1530 724 1833 783 videbitur
1868 727 1927 781 in
1966 722 2371 799 explicatione,
2419 740 2538 798 quae

483 828 545 884 in
582 824 974 899 sequentibus
1011 824 1279 899 dabitur3
1334 825 1496 900 quod
1531 824 1748 883 mulier
1782 823 2077 900 significet
2108 824 2429 897 Ecclesiam,
2470 827 2539 882 vi-

486 925 697 984 deatur
739 928 800 983 in
846 926 1122 984 Ancmm
1162 924 1603 996 Cousswmus,
1653 944 1723 982 n:
1781 927 1942 984 252.
2003 925 2164 983 253.
2222 926 2366 981 749.
2406 925 2537 998 ’ΠΟ;
2658 989 2659 992 ¹

389 1009 397 1017 ⁸
489 1034 550 1085 et
585 1029 725 1103 quia
751 1025 1024 1085 Ecclesia
1052 1033 1144 1084 est
1171 1043 1208 1083 a
1234 1026 1512 1099 Domino,
1551 1025 1687 1084 ideo
1726 1027 1859 1084 visa
1894 1031 1987 1083 est
2021 1024 2369 1084 circumdata
2400 1023 2537 1083 Sole:
2658 1015 2659 1084 ἲ

487 1127 627 1202 quid
674 1126 1039 1202 significatur
1087 1143 1197 1202 per
1245 1126 1407 1201 qnod
1457 1125 1599 1184 luna
1648 1126 1759 1184 sub
1809 1125 2066 1201 pedibus
2118 1126 2276 1202 ejuS,
2329 1130 2376 1183 et
2410 1123 2539 1205 quod

488 1245 673 1303 super
713 1227 924 1304 Capite
968 1244 1188 1285 corona
1238 1226 1551 1285 stellarum
1598 1226 1946 1295 duodecim,
1998 1230 2180 1286 etiam
2227 1228 2285 1285 in
2326 1225 2537 1301 explica-

488 1331 647 1387 tione
684 1327 788 1387 illa
823 1326 1072 1386 dicetur.
1152 1327 1300 1386 Inde
1345 1327 1560 1386 dicitur
1602 1345 1638 1385 a
1673 1327 1907 1386 Davide
1964 1325 2225 1401 „Dioez‘t
2258 1325 2426 1386 Deus
2461 1323 2542 1384 Is·
2660 1337 2661 1394 1

483 1424 716 1500 melier,
771 1426 936 1487 mihi
974 1425 1235 1506 loquuta
1274 1433 1370 1488 est
1408 1426 1610 1488 Petra
1651 1425 1957 1503 Israelis,
2018 1428 2189 1488 sicut
2229 1425 2340 1487 lucc
2378 1432 2547 1485 matu-
2660 1407 2661 1418 ἵ

487 1533 618 1598 tae,
691 1546 833 1588 cum
876 1528 1087 1589 oritur
1132 1527 1276 1601 Sol,
1342 1535 1630 1589 matutae
1681 1528 1818 1588 sine
1864 1528 2135 1589 nubibus
2187 1548 2228 1588 a
2278 1524 2549 1607 splendore

475 1635 630 1708 post
659 1624 1003 1707 pluviam“
1056 1629 1118 1687 Π
1155 1629 1329 1689 Sam:
1384 1629 1639 1689 XXIII:
1703 1631 1762 1689 3.
1821 1632 1894 1704 43
1962 1647 2079 1705 per
2122 1629 2314 1688 Deum
2353 1627 2548 1687 Israelis

487 1737 547 1788 et
586 1748 698 1806 per
731 1730 969 1788 Petram
1017 1730 1264 1789 Israelis
1315 1730 1666 1806 intelligitur
1700 1731 1995 1789 Dominus
2037 1730 2239 1806 quoad
2270 1728 2552 1790 Ecclesiam

486 1837 548 1889 et
586 1829 780 1905 quoad
816 1830 1100 1889 Divinum
1134 1831 1360 1906 Verum
1409 1831 1520 1902 ibi,
1576 1849 1685 1906 per
1720 1830 1919 1889 Deum
1963 1830 2213 1889 Israellis
2254 1829 2432 1906 quoad
2457 1830 2550 1887 Bc·
2662 1823 2663 1848 ³

485 1930 760 1999 clesiam,
813 1938 872 1990 et
906 1949 1017 2006 per
1059 1932 1303 1990 Petram
1344 1930 1591 1989 Israfflis
1643 1932 1842 2007 quoad
1881 1933 2171 1991 Divinum
2218 1931 2431 1992 Verum
2468 1929 2552 2001 ibi3

485 2038 544 2090 et
581 2034 721 2106 quia
757 2032 1054 2090 Dominus
1094 2040 1187 2090 est
1227 2031 1332 2092 Sol
1382 2031 1553 2090 Coeli
1602 2032 1886 2108 angelici,
1952 2040 2014 2091 et
2051 2033 2331 2091 Divinum
2368 2030 2555 2089 Verum

283 2135 443 2196 [597]
486 2133 820 2209 procedens
857 2133 932 2191 ab
968 2132 1111 2208 Ipso
1150 2140 1241 2191 est
1276 2133 1412 2192 Lux
1446 2133 1608 2191 illius
1660 2132 1859 2207 Coeli,
1917 2133 2059 2192 ideo
2106 2134 2318 2193 dicitur
2361 2131 2427 2191 de
2465 2129 2556 2189 Di·

478 2237 618 2292 vino
656 2233 814 2309 quod
843 2234 1127 2309 loquutus
1164 2241 1286 2309 est,
1328 2234 1488 2308 quod
1533 2241 1627 2291 est
1661 2233 1942 2292 Divinum
1979 2234 2247 2308 Verum,
2293 2235 2435 2292 sicut
2454 2231 2560 2290 Lux

480 2341 745 2394 matutae
795 2350 931 2393 cum
981 2337 1168 2394 oritur
1216 2333 1350 2410 5013
1410 2336 1550 2410 quia
1602 2334 1715 2394 hoc
1776 2341 1869 2395 est
1917 2352 2170 2412 purum,
2227 2340 2286 2395 et
2332 2330 2561 2410 procedit

479 2454 553 2495 ex
589 2436 808 2494 Divino
847 2453 1046 2494 amore
1092 2435 1322 2512 Ipsius,
1377 2437 1514 2494 ideo
1552 2436 1818 2506 additur,
1873 2443 2143 2499 matutae
2179 2439 2307 2496 sine
2340 2433 2559 2492 nubibus

479 2555 518 2595 a
568 2537 891 2612 splendore
939 2545 1080 2613 post
1132 2536 1429 2612 pluviam,
1509 2537 1772 2611 spendor
1820 2540 1975 2596 enim
2037 2537 2195 2597 lucis
2245 2555 2351 2597 seu
2395 2532 2563 2594 Divini

481 2638 631 2697 Veri
670 2638 1049 2714 procedentis
1088 2637 1163 2695 ab
1212 2637 1387 2713 Ipso,
1448 2644 1541 2695 est
1578 2655 1650 2694 ex
1685 2638 1909 2698 Divino
1956 2640 2213 2712 Amore,
2276 2643 2409 2714 post
2452 2633 2561 2710 plu-

477 2740 634 2796 viam
689 2739 983 2812 significat
1034 2746 1175 2815 post
1224 2739 1813 2797 communciationem
1865 2747 1924 2798 et
1974 2742 2410 2816 receptionem,
2456 2750 2565 2793 nam
2666 2730 2667 2757 *

479 2837 763 2914 splendor
806 2839 936 2913 ejus
987 2846 1129 2898 tunc
1179 2845 1271 2897 est
1306 2838 1469 2916 apud
1504 2839 1770 2914 Angelos
1809 2850 1869 2897 et
1902 2841 2180 2899 homines
2220 2858 2351 2899 cum
2388 2836 2563 2914 quibus

480 2940 946 2996 communicatur
997 2944 1057 2995 et
1106 2956 1142 2995 a
1200 2939 1416 3014 quibus
1478 2941 1795 3014 recipitur:
1869 2941 2027 3016 quod
2074 2942 2264 3000 Petra
2311 2947 2368 2999 et
2417 2938 2564 3012 Lapis

478 3036 722 3095 Israelis
749 3040 827 3096 sit
851 3039 1142 3097 Dominus
1176 3040 1376 3114 quoad
1402 3039 1687 3101 Divinum
1714 3040 1960 3114 Verum,
1988 3042 2273 3102 videatur
2299 3059 2355 3100 n:
2392 3038 2563 3098 6426.

485 3139 697 3198 8581.
746 3141 1019 3211 1058ος
1077 3145 1136 3198 et
1186 3140 1343 3214 quod
1392 3140 1529 3198 Lux
1566 3143 1644 3198 sit
1676 3141 1963 3199 DivInum
1998 3141 2233 3203 Verum
2270 3140 2563 3219 procedens

479 3255 517 3296 a
551 3239 807 3298 Domino
843 3246 910 3298 ut
934 3238 1104 3314 Sole,
1163 3243 1248 3298 ita
1291 3257 1364 3299 ex
1400 3240 1617 3299 Divino
1655 3241 1877 3301 Amore
1911 3241 2142 3316 Ipsius,
2184 3245 2247 3301 in
2294 3241 2479 3318 Opere
2511 3236 2565 3294 de

490 3338 698 3398 Coeno
741 3356 817 3399 Εἰ·
861 3341 1155 3414 lunamve,
1213 3358 1282 3398 n:
1347 3344 1483 3400 126
1535 3342 1611 3399 ad
1656 3344 1814 3403 140.
1910 3342 2201 3405 Similiter
2258 3344 2461 3402 dicitur
2511 3338 2565 3396 do

475 3441 813 3500 amantibus
846 3443 887 3502 J
893 3443 1144 3515 ehovam
1183 3442 1241 3498 in
1276 3441 1457 3500 Libro
1490 3441 1772 3501 Judicum
1814 3442 2173 3517 „Amantes
2208 3443 2434 3523 Ipsum
2466 3439 2562 3499 sic-

472 3547 547 3603 ut
583 3541 743 3603 o‘m'rz'
790 3540 965 3604 Solis
1011 3541 1082 3603 in
1118 3541 1410 3621 potentia
1447 3545 1620 3602 eua“
1672 3542 1765 3601 V:
1816 3544 1940 3619 313
1997 3544 2156 3619 quod
2208 3543 2483 3603 Jehovah
2521 3539 2566 3595 in

475 3643 678 3704 Verbo
733 3646 812 3702 sit
863 3643 1155 3702 Dominus
1220 3642 1418 3719 quoad
1470 3642 1754 3701 Divinum
1802 3644 2036 3704 Bonum
2084 3645 2290 3703 Divini
2341 3641 2565 3710 Ameria,

477 3746 751 3804 videatur
794 3748 853 3803 in
902 3746 1175 3804 Ancaeus
1234 3742 1675 3814 Connss'rmus,
1729 3762 1801 3803 n:
1860 3747 2065 3804 1736.
2112 3748 2329 3804 2921.
2390 3738 2568 3804 3035.

485 3846 690 3903 5041.
721 3847 932 3904 6303.
971 3848 1182 3904 6281.
1214 3847 1426 3905 8864.
1459 3847 1673 3905 9315.
1714 3846 1924 3904 9373.
1973 3847 2247 3919 101463
2280 3845 2358 3904 de
2388 3857 2565 3903 aman·

473 3944 632 4003 tibus
678 3943 889 4020 Ipsum
936 3945 1184 4018 dicitur,
1254 3947 1411 4004 sicut
1464 3948 1604 4003 oriri
1651 3944 1807 4005 Solis
1849 3948 1909 4004 in
1961 3948 2231 4022 potentia
2289 3963 2430 4019 sua,
2479 3954 2569 4016 per

478 4044 637 4120 quod
673 4046 1040 4120 significatur
1075 4046 1329 4103 Divinus
1364 4045 1607 4104 Domini
1633 4039 1817 4107 Amor
1850 4048 1911 4104 in
1945 4046 2064 4105 illis
2084 4068 2100 4122 3
2153 4046 2225 4105 de
2262 4045 2382 4104 illis
2420 4044 2571 4103 etiam

476 4143 692 4201 dicitur
746 4146 903 4219 quod
954 4145 1272 4220 fulgebunt
1314 4146 1471 4204 sicut
1528 4146 1662 4218 Sol,
1719 4147 1882 4222 apud
1931 4147 2306 4206 Matthaeum
2367 4134 2569 4219 „Jmti

461 4235 808 4317 sulyebunt
854 4250 928 4301 ut
976 4240 1089 4300 Sol
1138 4242 1208 4301 in
1251 4242 1476 4321 Reyno
1524 4244 1757 4306 Patris
1803 4247 1978 4307 φησι·α
2031 4247 2213 4308 XIII:
2269 4248 2395 4320 433
2445 4236 2570 4320 justi
