2791 4778
461 392 574 445 470
903 380 1394 435 APOCALYPSIS
1437 379 1869 434 EXPLICATA.
1924 379 1971 447 §.
2015 389 2142 441 410.

461 550 733 602 terram:
788 540 857 600 in
894 538 999 599 die
1035 535 1150 599 illo
1179 537 1478 619 projiciet
1533 536 1713 596 homo
1764 534 1944 597 idola
1995 538 2246 617 arpenti
2289 545 2351 598 et
2402 538 2576 601 idola

460 643 610 703 auri
664 640 806 714 sui,
888 658 1048 718 quae
1089 640 1384 718 seem-unt
1444 637 1572 697 sibi
1617 635 1707 696 ad
1750 637 2219 700 incurvandam
2270 658 2339 699 se
2384 638 2576 720 talpis

459 747 519 803 et
557 737 1135 821 vespertilionibus,
1191 737 1282 798 ad
1320 737 1696 798 intrandum
1738 738 1807 798 in
1851 740 2176 799 scissuras
2226 748 2573 820 petrarum,

459 848 518 903 et
569 842 640 903 in
665 843 954 922 fissuras
999 840 1305 919 rupium“
1344 838 1431 897 II:
1498 842 1585 898 10
1617 839 1695 896 ad
1727 842 1807 897 21
1839 860 1855 914 3
1910 840 2063 899 haec
2100 845 2303 900 omnia
2334 861 2445 901 non
2475 845 2562 901 in-

257 942 421 1005 [654]
461 943 813 1003 tellecturus
852 950 945 1000 est
982 944 1295 1017 quisquam
1338 942 1450 998 nisi
1506 958 1580 998 ex
1630 953 1822 998 sensu·
1850 942 2113 1015 interm,
2175 949 2236 1000 et
2281 947 2388 1001 nisi
2421 946 2560 1001 sciat

461 1045 654 1121 qualis
691 1051 781 1102 est
817 1043 1003 1101 facies
1041 1060 1240 1101 rerum
1276 1045 1336 1100 in
1374 1040 1593 1099 Mundo
1633 1042 1966 1116 spirituali,
2004 1060 2141 1100 nam
2181 1046 2310 1119 quis
2345 1044 2556 1120 absque

461 1161 642 1203 sensu
680 1145 909 1202 interno
947 1144 1206 1201 sciturus
1256 1148 1376 1215 est,
1435 1141 1575 1217 quid
1629 1143 1707 1200 sit
1739 1143 1924 1217 ·qu0d
1974 1143 2101 1202 dies
2154 1143 2423 1202 Jehovae
2457 1146 2558 1202 erit

458 1261 642 1321 super
669 1244 881 1303 cedros
897 1242 1111 1301 Libani
1140 1250 1479 1319 et·qucrcus
1497 1242 1848 1315 BaschaniS,
1880 1260 2066 1319 super
2096 1251 2331 1303 montes
2363 1253 2427 1304 et
2452 1246 2567 1303 col·

457 1345 568 1417 leS,
599 1362 785 1420 super
815 1346 1023 1403 turrim
1052 1350 1110 1402 et
1134 1362 1380 1417 murum,
1415 1360 1601 1419 super
1626 1359 1811 1401 naves
1843 1343 2245 1403 Tharschisch
2277 1352 2340 1403 et
2364 1348 2568 1422 imagi-

457 1461 567 1503 nes
606 1444 927 1518 desiderii;
966 1452 1027 1504 et
1063 1444 1206 1520 quid
1242 1446 1322 1503 sit
1348 1447 1665 1503 incurvare
1702 1461 1771 1501 se
1812 1444 1991 1521 talpis
2033 1454 2093 1503 et
2127 1447 2569 1521 vespert-ilioni-

396 1569 403 1574 *
456 1546 601 1621 bus3
633 1552 692 1604 et
720 1548 852 1621 quis
885 1548 999 1603 nisi
1030 1563 1100 1603 ex
1132 1539 1367 1621 cognita
1390 1545 1544 1603 facie
1577 1561 1774 1602 rerum
1805 1546 1862 1602 in
1884 1546 2105 1604 Mundo
2134 1548 2441 1648 spiritu-ali
2463 1550 2570 1606 sci-

460 1652 630 1706 turus
663 1652 771 1719 est,
807 1645 944 1720 quid
979 1648 1056 1702 sit
1089 1646 1245 1721 quod
1272 1648 1562 1703 intrarent
1591 1647 1648 1702 in
1670 1652 1921 1720 petram,
1960 1654 2020 1705 et
2047 1647 2489 1706 absconderent
2514 1665 2572 1706 se

458 1749 520 1804 in
542 1745 814 1821 pulvere,
852 1748 1143 1802 intrarent
1177 1749 1237 1803 in
1263 1745 1589 1821 speluncas
1614 1753 1938 1822 petrarum,
1975 1754 2034 1806 et
2058 1750 2117 1806 in
2155 1750 2409 1807 fissuras
2439 1749 2565 1826 pul-

459 1848 639 1919 veris,
672 1856 800 1904 tum
825 1848 883 1903 in
909 1847 1206 1903 scissuras
1233 1854 1540 1920 petrarum
1574 1853 1634 1904 et
1659 1846 1908 1904 fissuras
1935 1851 2201 1924 rupium:
2241 1857 2306 1906 at
2339 1867 2416 1908 ex
2440 1868 2568 1909 sen·

459 1962 531 2003 su
559 1948 792 2005 interno
818 1948 1020 2020 scitur,
1046 1945 1204 2021 quod
1231 1964 1342 2022 per
1366 1945 1473 2004 illa
1497 1948 1693 2009 omnia
1718 1948 2091 2006 describatur
2116 1956 2316 2008 status
2343 1950 2567 2008 illorum

460 2048 648 2123 quiin
688 2064 889 2106 arnore
928 2049 1020 2104 sui
1051 2054 1110 2105 et
1143 2047 1345 2105 mundi
1381 2052 1611 2106 suntet
1648 2048 1782 2106 inde
1824 2050 1882 2105 in
1911 2050 2082 2107 malis
2120 2057 2177 2106 et
2213 2049 2386 2114 falsis
2427 2061 2570 2110 tem-

460 2164 609 2225 pore
645 2148 852 2210 Ultimi
901 2147 1159 2223 Jndici13
1216 2165 1401 2224 quare
1459 2148 1703 2222 dicitnr,
1761 2149 1919 2224 quod
1973 2150 2100 2209 dies
2155 2150 2436 2211 Jehovae
2473 2153 2570 2210 erit

459 2265 646 2325 super
681 2265 912 2308 omnem
951 2247 1326 2325 magnificum
1381 2255 1441 2306 et
1486 2248 1704 2319 altum,
1758 2255 1818 2307 et
1866 2266 2050 2326 super
2086 2269 2320 2309 omnem
2358 2253 2568 2311 elatum

461 2357 547 2419 et„
568 2349 851 2409 humilem
865 2369 881 2425 3
951 2349 1080 2409 dies
1140 2349 1417 2409 Jehovae
1477 2357 1566 2408 est
1627 2350 1899 2410 ultimum
1969 2335 2301 2428 judicium,
2389 2356 2565 2414 omnis

458 2451 814 2527 magnificus
853 2458 912 2508 et
948 2450 1104 2508 altus
1143 2457 1283 2510 sunt
1314 2452 1415 2526 qui
1452 2452 1509 2507 in
1548 2468 1750 2510 amore
1789 2455 1883 2511 sui
1921 2459 1981 2510 et
2017 2454 2244 2527 mundi,
2287 2462 2347 2512 et
2390 2459 2566 2514 omnis

462 2550 656 2610 elatus
707 2558 767 2610 et
813 2550 1054 2610 humilis
1108 2559 1246 2609 sunt
1290 2553 1387 2627 qui
1444 2554 1503 2608 in
1551 2569 1753 2611 amore
1802 2553 2082 2629 propriae
2119 2555 2565 2632 intelligentiae:

458 2650 573 2711 hoc
627 2651 983 2712 describitur
1031 2653 1290 2728 amplius
1342 2669 1454 2727 per
1500 2652 1657 2728 quod
1713 2652 1838 2711 dies
1892 2653 2168 2712 Jehovae
2229 2659 2340 2713 erit
2394 2674 2567 2733 super

459 2769 667 2811 omnes
704 2754 915 2813 cedros
952 2753 1106 2812 altas
1157 2762 1216 2811 et
1271 2753 1490 2824 elatem,
1547 2762 1606 2811 et
1657 2770 1839 2830 super
1892 2771 2096 2812 omnes
2145 2773 2402 2832 quercus
2446 2758 2560 2815 Ba-

461 2851 730 2926 schaniS‚
789 2871 973 2929 super
1022 2871 1226 2912 omncs
1280 2862 1509 2911 montes
1560 2854 1713 2911 altos
1768 2863 1825 2912 et
1876 2854 2060 2912 colles
2114 2856 2334 2930 elatOS,
2392 2875 2562 2934 super

459 2967 689 3009 omnem
731 2955 936 3009 turrim
969 2954 1268 3012 excelsam
1308 2961 1368 3011 et
1404 2973 1636 3012 murum
1672 2958 1991 3028 munitum,
2047 2963 2107 3014 et
2142 2974 2331 3033 super
2371 2974 2556 3017 omnes

458 3066 648 3111 naves
701 3050 1105 3110 Tharschisch
1155 3060 1214 3109 et
1260 3055 1551 3128 imagines
1600 3054 1911 3131 desiderii3
1968 3075 2081 3132 per
2118 3057 2330 3116 cedros
2363 3058 2547 3118 Libani

460 3159 522 3209 et
558 3167 668 3226 per
712 3167 968 3226 quercus
1004 3150 1337 3210 Baschanis
1375 3156 1744 3230 significatur
1779 3156 1968 3214 fastus
2010 3174 2084 3214 ex
2119 3162 2366 3234 propria
2398 3155 2540 3217 intel-

454 3252 726 3327 ligentia,
806 3251 999 3310 fastus
1045 3255 1290 3312 interior
1337 3272 1448 3329 per
1496 3256 1705 3316 cedros
1758 3257 1970 3315 Libani
2034 3265 2093 3315 et
2149 3264 2409 3320 exterior
2455 3274 2541 3334 per

459 3369 715 3428 quercus
754 3352 1124 3430 Baschanis;
1178 3372 1289 3430 per
1328 3363 1561 3415 montes
1612 3363 1672 3414 et
1712 3357 1896 3416 colles
1944 3346 2357 3433 significantur
2402 3374 2537 3418 amo-

454 3470 553 3513 res
593 3456 689 3513 sui
736 3462 796 3513 et
832 3455 1048 3529 mundi,
1092 3464 1151 3514 et
1185 3455 1320 3514 inde
1350 3444 1754 3515 ‘scaturientia
1780 3457 1939 3516 mala
1976 3465 2035 3516 et
2069 3458 2259 3534 falsa,
2299 3471 2545 3535 utsupra

457 3574 525 3612 n:
580 3557 758 3631 405,
816 3566 1122 3616 ostensum
1172 3564 1262 3617 est
1278 3579 1295 3633 3
1350 3574 1460 3632 per
1510 3558 1713 3615 turrim
1767 3565 1826 3616 et
1876 3576 2111 3616 murum
2168 3563 2546 3637 significantur

453 3656 611 3716 falsa
646 3656 949 3717 doctrinae
989 3657 1360 3731 confirmata;
1415 3673 1525 3732 per
1574 3675 1761 3716 naves
1812 3658 2217 3719 Tharschisch
2264 3670 2326 3722 et
2358 3659 2543 3736 imagi-

453 3774 562 3815 nes
601 3757 880 3816 desiderii
918 3758 1324 3836 significantur
1366 3760 1734 3834 cognitiones
1774 3765 1833 3818 et
1867 3762 2290 3836 perceptiones
2329 3762 2459 3821 falsi
2488 3775 2550 3817 ex

452 3857 642 3932 malo3
699 3858 896 3918 cultus
935 3877 1137 3916 eorum
1187 3879 1258 3917 ex
1299 3859 1472 3918 malis
1516 3867 1575 3918 et
1605 3859 1809 3933 salsiS,
1861 3859 2230 3935 significatur
2267 3882 2380 3938 per
2413 3858 2552 3920 idola

453 3974 608 4032 quae
658 3958 926 4017 fecerunt
961 3959 1074 4016 sibi
1103 3959 1179 4016 ad
1211 3960 1644 4018 incurvandum
1691 3975 1759 4019 se
1810 3960 1991 4037 talpis
2031 3967 2090 4020 et
2128 3960 2555 4039 vespertilioni·

449 4056 583 4132 bus,
637 4059 833 4117 cultus
867 4074 936 4116 ex
974 4057 1193 4116 talibus
1224 4076 1377 4134 quae
1415 4067 1557 4119 sunt
1585 4078 1658 4119 ex
1685 4063 1933 4136 propria
1957 4060 2354 4139 intelligentia
2380 4061 2554 4139 signi-

449 4155 660 4211 ficatur
695 4175 805 4230 per
839 4156 999 4215 idola
1037 4175 1192 4233 quae
1227 4158 1498 4218 fecerunt
1533 4161 1648 4220 sibi
1685 4160 1760 4218 ad
1797 4162 2364 4239 incurvandamse,
2411 4160 2558 4221 mala

448 4256 511 4305 et
552 4248 708 4307 salsa
742 4252 1046 4313 doctrinae
1086 4273 1159 4313 ex
1197 4256 1411 4330 quibus
1452 4259 1646 4318 cultus
1676 4261 2086 4337 significantur
2120 4281 2233 4341 per
2271 4265 2463 4341 talpas
2500 4266 2552 4319 et
