2791 4778
446 324 681 380 CAPUT
723 326 1049 392 QUINTUM
1784 329 1996 384 VERS:
2043 342 2131 392 13.
2292 343 2399 395 157

267 488 387 545 mis
422 491 590 559 sunt,
629 484 780 544 haec
819 488 960 561 quia
993 485 1329 562 spiritualia
1363 492 1531 561 sunt,
1573 493 1634 545 et
1668 504 1851 564 supra
1887 503 2134 547 sensum
2166 488 2396 565 literae,

268 603 394 645 non
429 585 640 644 volunt
677 593 739 645 et
774 603 953 663 aegre
989 594 1247 661 possunt
1280 588 1631 663 percipere,
1682 603 1757 646 ex
1792 603 1981 646 causa
2021 592 2166 666 quia
2201 594 2399 651 omnia

268 686 479 745 vident
512 686 868 744 naturaliter
913 692 972 745 et
1007 686 1404 744 sensualiter:
1458 686 1594 745 inde
1631 703 1869 764 quoque
1908 694 2032 757 est,
2092 689 2249 765 quod
2284 707 2397 768 per

267 786 425 846 haee
461 785 648 843 verba
680 787 741 844 in
777 785 1148 863 Apocalypsi
1198 831 1236 859 ‚,
1270 783 1424 847 Vidi
1469 783 1723 847 Goelum
1755 805 1987 847 novum
2025 793 2085 847 et
2126 788 2395 851 Tem-am

265 903 517 960 novam,
557 904 710 945 nam
723 886 1016 964 primam
1043 883 1298 946 eoelum
1324 890 1384 945 et
1399 886 1623 965 prima
1652 885 1856 948 Terra
1881 887 2085 948 abiit“
2114 889 2293 951 X‘XI:
2334 895 2390 964 1,

264 987 567 1047 hactenus
600 986 970 1044 intellectum
997 987 1203 1055 fuerit,
1241 986 1399 1062 quod
1429 986 1677 1046 Coelum
1713 988 2085 1064 aspectabile
2116 997 2175 1049 et
2205 990 2395 1050 Terra

266 1085 614 1146 habitabilis
648 1087 918 1163 peritura
953 1088 1103 1160 sint,
1144 1067 1225 1145 ac
1251 1104 1472 1144 novum
1501 1085 1748 1146 Coelum
1787 1094 1847 1146 et
1876 1105 2035 1147 nova
2063 1089 2255 1150 Terra
2280 1108 2391 1152 ex·-

270 1190 489 1247 stitura
502 1205 518 1261 3
573 1184 733 1262 quod
767 1204 878 1262 per
914 1186 1160 1246 Coelum
1199 1188 1280 1245 ibi
1316 1186 1683 1261 intelligatur
1718 1186 1964 1247 Coelum
2013 1189 2117 1248 ubi
2152 1190 2389 1267 Augen,

271 1304 345 1347 ac
380 1301 492 1364 per
521 1285 768 1345 Terram
794 1285 875 1345 ibi
903 1285 1270 1363 intelligatur
1288 1286 1565 1346 Ecclesia
1600 1287 1702 1345 ubi
1729 1287 2018 1362 homines,
2052 1289 2211 1367 quod
2236 1309 2393 1351 nova

264 1388 471 1448 futura
514 1389 662 1458 sint,
712 1402 829 1445 non
871 1386 1081 1445 volunt
1130 1395 1189 1444 et
1235 1387 1371 1460 inde
1414 1404 1533 1445 non
1566 1387 1904 1464 intelligunt
1952 1389 2041 1449 illi
2090 1392 2190 1468 qui
2224 1410 2389 1451 mere

266 1487 625 1546 naturaliter
660 1494 720 1545 et
744 1485 1107 1546 sensualiter
1134 1489 1395 1564 cogitant
1409 1508 1427 1564 3
1466 1503 1582 1545 non
1612 1490 1768 1547 enim
1792 1490 2099 1564 patiuntur
2125 1497 2193 1550 ut
2218 1509 2387 1552 mens

269 1605 476 1647 eorum
513 1605 545 1646 e
572 1587 708 1647 luce
743 1587 1004 1646 naturali
1037 1588 1097 1646 in
1120 1586 1319 1647 lucem
1345 1588 1720 1665 spiritualem
1747 1588 2019 1649 elevetur
2036 1610 2053 1667 3
2089 1591 2204 1651 hoc
2233 1594 2386 1652 enim

269 1705 516 1765 aegrum
552 1686 670 1746 illis
709 1694 833 1760 est,
873 1704 1065 1763 usque
1102 1688 1254 1747 adeo
1290 1695 1358 1747 ut
1385 1689 1487 1746 vix
1523 1691 1862 1748 sustineant
1900 1690 2057 1766 quod
2094 1692 2258 1751 aliud
2292 1694 2387 1754 iu-

263 1788 582 1864 telligatur,
627 1805 804 1863 quarn
842 1788 1000 1863 quod
1032 1788 1210 1847 litera
1254 1790 1314 1847 in
1349 1805 1461 1849 suo
1496 1805 1680 1847 sensu
1730 1790 1943 1866 dictat,
2001 1797 2062 1851 et
2096 1795 2383 1855 naturalis
2425 1815 2587 1878 [443]

263 1888 445 1948 homo
483 1890 683 1965 capit:
722 1906 838 1947 non
876 1896 1017 1946 sunt
1044 1889 1362 1951 dissimiles
1400 1888 1516 1948 illis
1545 1888 1778 1962 avibus,
1821 1908 1976 1967 quae
2014 1893 2073 1950 in
2112 1894 2390 1955 obscuris

260 1989 475 2048 vident
510 1994 572 2048 et
606 1995 880 2062 cantant,
939 1994 998 2047 et
1036 1988 1112 2047 ad
1149 1989 1345 2048 lucem
1397 1990 1517 2048 diei
1563 1992 1790 2049 nictant
1838 1992 2029 2051 oculis
2082 1999 2144 2053 et
2176 2012 2389 2070 parum

190 2083 201 2090 “
261 2089 472 2148 vident
484 2109 500 2166 3
555 2087 696 2148 boni
733 2105 806 2147 ex
841 2093 914 2149 iis
954 2096 1091 2148 sunt
1125 2084 1242 2148 illis
1278 2091 1540 2162 simileS‚
1598 2096 1659 2149 et
1694 2108 1932 2167 quoque
1968 2092 2233 2168 piscibus
2273 2113 2383 2155 vo-

260 2189 558 2264 lantibus;
595 2196 660 2247 at
684 2190 826 2248 mali
857 2190 1017 2249 illius
1055 2192 1291 2266 generis
1328 2198 1468 2250 sunt
1501 2189 1727 2249 similes
1765 2193 1993 2251 noctuis
2036 2199 2095 2250 et
2130 2192 2387 2254 buboni-

258 2289 399 2364 bus,
441 2307 596 2366 quae
632 2306 878 2366 prorsus
906 2291 1141 2367 fugiunt
1177 2288 1376 2354 lucem
1413 2291 1549 2360 diei,
1587 2297 1647 2349 et
1672 2297 1809 2348 sunt
1837 2291 2063 2351 similes
2099 2293 2387 2368 piscibus,
2495 2351 2496 2354 ,

265 2392 372 2467 qui
405 2409 523 2449 non
551 2391 777 2450 elevari
802 2398 1060 2468 possunt
1093 2395 1155 2451 in
1181 2396 1381 2452 aerem
1416 2393 1556 2467 quin
1583 2393 2022 2451 exanimentur:
2060 2409 2245 2452 causa
2272 2401 2383 2470 est,

166 2480 171 2481 ⁷
271 2489 438 2566 quod
471 2490 624 2567 apud
659 2490 847 2551 bonos
899 2491 1059 2550 illius
1096 2496 1333 2569 generis
1369 2492 1650 2552 Internus
1697 2490 2024 2569 spiritualis
2059 2491 2237 2552 homo
2275 2494 2389 2552 ali-

269 2593 619 2668 quantipser
652 2593 902 2668 recipiat
936 2593 1218 2651 influxmn
1254 2591 1628 2670 spiritualem
1666 2608 1699 2650 e
1736 2591 1939 2665 coelo,
2000 2599 2059 2652 et
2092 2592 2232 2653 inde
2268 2595 2382 2653 ali-

263 2708 448 2768 quam
485 2694 929 2768 perceptionem
994 2692 1153 2768 quod
1199 2696 1281 2752 ita
1327 2696 1433 2768 sit,
1491 2694 1733 2752 tametsi
1778 2709 1897 2750 non
1932 2692 2163 2771 vident3
2220 2696 2385 2773 apud

258 2790 457 2850 malos
504 2799 705 2850 autem
753 2792 1182 2869 illiusgeneris
1217 2792 1499 2853 Internus
1535 2792 1863 2869 spiritualis
1902 2791 2083 2853 homo
2130 2813 2382 2872 prorsus

259 2891 546 2951 occlusus
584 2897 706 2951 est:
745 2898 840 2953 est
876 2894 1030 2951 enim
1067 2895 1254 2953 cuivis
1291 2894 1486 2953 Homo
1522 2895 1792 2952 internus
1832 2899 1891 2952 et
1926 2900 2230 2971 externae,
2270 2912 2384 2957 seu

256 2991 593 3068 spiritualis
631 3000 690 3051 et
716 2993 1005 3051 naturalis
1018 3014 1035 3067 3
1075 2996 1340 3054 internus
1379 3010 1489 3052 sen
1526 2993 1857 3068 spiritualis
1893 2993 2072 3054 horno
2107 2996 2277 3056 videt
2305 3014 2380 3056 ex

253 3092 398 3151 luce
438 3089 632 3169 Coeli,
710 3100 773 3150 at
813 3098 1101 3152 externus
1156 3110 1264 3152 seu
1315 3093 1605 3152 naturalis
1669 3092 1846 3152 homo
1894 3093 2059 3157 videt
2121 3113 2195 3156 ex
2245 3096 2381 3156 luce

254 3190 486 3251 mundi.
1005 3203 1023 3208 “

420 3293 582 3352 343.
635 3292 882 3352 Sedenti
919 3310 1103 3370 super
1131 3293 1340 3354 throno
1376 3302 1437 3354 et
1466 3294 1665 3371 Agn0,
1714 3294 1874 3377 quod
1898 3294 2193 3372 significet
2223 3295 2380 3371 [Do-

252 3392 513 3468 minum]
546 3393 744 3468 quoad
768 3393 1046 3452 Divinum
1074 3394 1309 3452 Bonum
1337 3400 1398 3454 et
1426 3394 1621 3471 quoad
1646 3395 1932 3454 Divinum
1952 3395 2195 3469 Verum,
2235 3411 2380 3453 con-

254 3497 382 3550 stat
419 3508 494 3551 ex
526 3492 645 3552 illis
684 3510 837 3570 quae
873 3510 1058 3571 supra
1092 3513 1161 3553 n:
1205 3497 1367 3566 29⁷,
1406 3494 1564 3553 dicta
1600 3501 1660 3553 et
1694 3500 1937 3553 ostensa
1962 3499 2129 3568 sunt,
2167 3510 2383 3570 nempe

255 3590 424 3669 quod
469 3609 580 3668 per
616 3593 894 3653 thronum
941 3594 1306 3670 significetur
1353 3594 1617 3665 coelum,
1668 3611 1778 3669 per
1830 3591 2152 3653 Sedentem
2199 3610 2384 3671 super

250 3691 472 3751 throno
496 3693 787 3753 Divinum
799 3694 1032 3752 Bonum
1060 3695 1414 3772 procedens,
1448 3703 1507 3754 et
1535 3712 1645 3771 per
1670 3694 1913 3771 Agnum
1939 3693 2224 3753 Divinum
2250 3693 2378 3755 Ve-

252 3810 393 3851 rum
419 3794 774 3869 procedens,
802 3800 1120 3872 utrumque
1146 3795 1401 3872 implens
1431 3794 1631 3855 coelos
1659 3802 1717 3853 et
1746 3793 1971 3853 faciens
1991 3793 2154 3854 illos:
2186 3813 2378 3873 quon·-

248 3895 376 3952 iam
404 3893 691 3953 Divinum
716 3894 950 3953 Bonum
975 3895 1308 3971 procedens
1338 3912 1375 3954 a
1402 3895 1657 3954 Domino
1699 3901 1766 3952 ut
1797 3892 1940 3954 Sole
1979 3896 2270 3974 recipitur
2305 3896 2383 3956 ab

248 3992 508 4070 Angelis
535 3995 596 4053 in
623 3993 888 4054 Coelesti
913 3994 1123 4072 Regno
1151 3994 1372 4072 IpsiuS,
1401 4011 1472 4053 ac
1498 3994 1784 4058 Divinum
1812 3994 2041 4055 Verum
2070 3996 2146 4055 ab
2173 3997 2380 4075 Ange-

249 4093 329 4152 lis
356 4096 419 4152 ln
447 4095 753 4172 spirituali
778 4094 1007 4172 Regno,
1043 4095 1180 4155 ideo
1209 4096 1489 4154 dicuntur
1515 4094 1653 4165 due,
1689 4112 1904 4173 nempe
1935 4094 2166 4155 Sedens
2194 4112 2382 4173 super

247 4193 466 4253 throno
506 4201 567 4254 et
600 4195 853 4272 Agnu83
911 4202 973 4254 at
1008 4197 1068 4254 in
1105 4211 1285 4254 sensu
1321 4198 1554 4254 interno
1590 4212 1703 4271 per
1724 4204 2058 4277 ,utrumque
2094 4196 2379 4268 intelligi-
