2791 4778
353 382 598 438 CAPUT
639 383 948 440 SEXTUM.
1733 382 1920 437 VERS
1940 403 1952 435 z
1997 392 2052 442 6.
2210 394 2315 447 251

200 549 256 603 et
279 542 572 602 animam
598 529 1046 628 [dominorum]
1081 539 1218 621 ejus
1243 536 1549 600 exhalare
1569 539 1723 619 feci,
1741 559 1867 620 pro
1896 539 2111 601 tritico
2136 546 2322 601 exeat

194 643 396 723 spina,
427 646 491 700 et
497 660 629 721 pro
657 640 885 702 hordeo
912 638 1253 701 labrusca“
1272 640 1511 700 XXXI:
1534 640 1636 701 39.
1657 640 1759 715 403
1780 641 1900 699 vim
1925 647 2123 700 terrae
2152 657 2318 700 com-

197 743 368 803 edere
417 745 558 801 sine
610 748 859 818 argento
880 786 894 814 ,
947 741 1238 817 significat
1275 744 1667 819 appropriare
1703 742 1820 801 sibi
1854 741 2077 800 bonum
2100 741 2316 801 Eccle-

196 846 313 903 siae
344 843 588 919 absque
606 859 774 912 vero,
804 848 965 901 terra
993 847 1084 900 est
1118 841 1411 909 Ecclesia,
1438 849 1498 901 et
1533 848 1842 919 argentum
1868 847 1963 900 est
1982 859 2229 916 verum;
2259 848 2322 901 et

194 942 474 1003 exhalare
503 943 711 1001 facere
749 944 1006 1002 animam
1046 931 1464 1029 [dominorum]
1495 942 1646 1020 ejuS‚
1681 940 1979 1018 significat
2013 943 2100 1000 sic
2134 945 2317 1001 vitam

193 1042 571 1120 spiritualem
600 1059 915 1118 evacuare3
946 1059 1055 1118 pro
1085 1043 1278 1101 tritico
1313 1049 1490 1101 exeat
1515 1044 1704 1118 spina,
1745 1048 1806 1101 et
1832 1059 1941 1118 pro
1968 1041 2194 1101 hordeo
2220 1042 2315 1101 la·

193 1143 423 1214 brusca,
461 1142 769 1219 significat
801 1142 959 1219 quod
982 1159 1093 1218 pro
1119 1142 1276 1201 bono
1305 1141 1603 1202 habeatur
1637 1142 1887 1216 malum,
1934 1148 1994 1202 et
2026 1160 2138 1219 pro
2174 1161 2318 1204 vero

193 1242 404 1302 falsum
420 1287 441 1318 ,
482 1244 749 1302 triticum
782 1249 875 1301 est
900 1243 1149 1316 bonum,
1188 1244 1364 1319 spina
1398 1243 1638 1317 malum,
1674 1242 1962 1302 hordeum
1987 1259 2221 1316 verum,
2263 1251 2322 1299 et

192 1342 471 1402 labrusca
512 1343 767 1419 salsum3
822 1343 1043 1408 bonum
1094 1344 1252 1402 enim
1297 1360 1416 1401 non
1456 1345 1790 1420 comparari
1825 1349 2026 1420 potest
2059 1345 2175 1403 nisi
2209 1361 2318 1420 per

193 1461 347 1502 vera.
429 1443 624 1520 Apud
676 1444 919 1520 Esajam
962 1440 1628 1518 „consummationem
1671 1448 1758 1503 et*
1774 1442 2152 1502 decisionem
2194 1461 2315 1503 au·-

195 1541 322 1604 dim'
368 1563 412 1603 a
462 1562 614 1603 cum
660 1542 949 1603 Domino
1003 1541 1273 1603 Jehovih
1319 1542 1606 1603 Zebaoth
1617 1588 1637 1620 ,
1713 1562 1905 1622 super
1953 1543 2318 1605 universam

197 1649 423 1704 tem-am
434 1665 463 1715 ;
519 1663 680 1704 num
714 1648 842 1703 toto
882 1643 990 1703 die
1022 1642 1235 1704 arabit
1278 1650 1501 1704 arator
1539 1643 1628 1703 ad
1669 1642 2035 1718 serendum,
2078 1643 2317 1722 aperiet

194 1748 250 1802 et
284 1745 522 1804 occabit
565 1749 802 1804 terram
838 1762 1066 1815 suam;
1117 1762 1317 1804 nonne
1349 1741 1602 1822 quando
1642 1732 2069 1827 complanavit
2103 1742 2316 1823 facies

199 1843 354 1925 qiu-9,
416 1843 745 1923 disperyit
781 1842 1118 1922 nigellam,
1175 1849 1234 1903 et
1271 1845 1518 1923 reponit
1557 1844 1845 1905 triticum
1879 1850 2317 1906 mensuratum

197 1951 250 2003 et
297 1944 608 2005 hordeum
660 1944 1096 2023 desiynatum,
1156 1950 1215 2003 et
1259 1963 1407 2003 zea-s·
1459 1943 1876 2024 desiynatas;
1954 1944 2053 2004 ita
2098 1943 2313 2005 erudit

198 2063 330 2103 eum
374 2044 464 2104 ad
495 2044 860 2127 judicium,
915 2044 1108 2105 Deus
1161 2043 1298 2126 ejus
1345 2043 1523 2105 docet
1570 2047 1756 2105 eam“
1824 2045 2132 2104 XXVIII:
2201 2048 2312 2103 22.

204 2147 308 2202 24.
352 2147 463 2204 25.
522 2148 649 2221 263
715 2163 827 2221 per
875 2145 1025 2205 haec
1067 2148 1129 2203 in
1176 2162 1357 2204 sensu
1404 2145 1703 2221 spirituali
1748 2144 2103 2203 describitur
2155 2144 2317 2221 quod

202 2243 464 2303 Ecclesia
513 2245 677 2322 apud
728 2245 983 2305 Gentem
1017 2245 1341 2305 ,Judaicam
1394 2253 1453 2304 et
1488 2244 1882 2303 Israeliticam
1918 2259 2166 2319 prorsus
2204 2244 2311 2302 de-

203 2349 419 2404 structa
460 2348 576 2420 sit,
628 2352 687 2406 et
722 2347 880 2422 quod
920 2346 1064 2405 nihil
1110 2346 1297 2405 saciat
1333 2344 1494 2422 quod
1531 2345 1765 2415 discant
1821 2350 1882 2404 et
1924 2345 2119 2416 sciant
2152 2343 2311 2402 Ver·-

205 2442 365 2515 bum,
403 2448 613 2505 sed'ut
645 2446 869 2506 bonum
907 2453 967 2507 et
1000 2465 1211 2506 verum
1242 2446 1374 2521 ejus
1412 2448 1548 2504 usui
1584 2447 1744 2503 vitae
1782 2444 2137 2528 applicetur,
2177 2443 2317 2501 inde

212 2550 273 2599 et
313 2561 423 2603 non
468 2547 720 2617 aliunde,
757 2548 1151 2623 intelligentia
1200 2564 1236 2605 a
1284 2545 1541 2603 Domino
1556 2566 1571 2620 ;
1629 2544 1789 2620 quod
1835 2544 2131 2603 Ecclesia·
2151 2543 2317 2618 apud

207 2642 359 2701 illam
392 2655 633 2723 gentem
679 2664 930 2725 prorsus
987 2630 1296 2707 destruct'a
1343 2648 1449 2719 sit,
1504 2645 1856 2721 intelligitur
1889 2661 1999 2720 per
2035 2660 2314 2703 consum-

206 2746 506 2807 mationem
560 2754 621 2807 et
668 2749 1034 2807 decisionem
1081 2743 1279 2806 audivi
1333 2764 1370 2803 a
1420 2747 1677 2805 Domino
1726 2745 1769 2804 J
1772 2744 1989 2807 ehovih
2022 2742 2318 2824 ,Zebnaoth

210 2859 381 2920 super
415 2851 760 2907 universam
800 2855 1052 2921 terram,
1104 2849 1537 2907 consummatio
1575 2852 1635 2904 et
1670 2844 1893 2904 decisio
1923 2852 2016 2903 est
2048 2845 2320 2920 plenaria

208 2941 553 3020 destructio,
595 2954 655 3006 et
690 2951 972 3008 universa
1006 2954 1170 3007 terra
1210 2953 1303 3007 est
1340 2954 1467 3006 tota
1491 2945 1790 3019 Ecclesia,
1827 2945 1943 3003 hoc
1982 2952 2101 3019 est,
2144 2962 2317 3003 omne

206 3044 349 3120 ejus3
398 3048 565 3124 quod
601 3049 747 3107 nihil
781 3050 967 3108 faciat
1004 3047 1170 3125 quod
1204 3048 1440 3106 discant
1479 3053 1540 3105 et
1575 3048 1767 3105 sciant
1802 3045 2086 3119 Verbum,
2127 3047 2316 3121 signi-

202 3142 396 3205 ficatur
429 3166 546 3224 per
581 3166 721 3207 num
769 3155 895 3208 toto
949 3149 1045 3206 die
1078 3148 1269 3205 arabit
1317 3153 1517 3205 arator
1559 3145 1636 3203 ad
1675 3145 2028 3220 serendum,
2086 3146 2319 3222 aperiet

203 3249 256 3299 et
287 3248 517 3307 occabit
556 3256 776 3308 terram
824 3266 1031 3317 suam,
1085 3265 1257 3307 arare
1310 3247 1386 3305 ad
1437 3246 1759 3307 serendum
1796 3253 1889 3304 est
1924 3246 2215 3319 discere,
2258 3252 2317 3303 et

191 3313 400 3406 &care
434 3356 660 3407 terram
700 3356 793 3408 est
833 3365 1125 3425 reponere
1174 3351 1236 3406 in
1278 3348 1567 3407 memoria
1579 3367 1596 3421 3
1653 3346 1813 3421 quod
1846 3345 2066 3404 bonum
2104 3350 2163 3403 et
2199 3361 2309 3401 ve·-

206 3457 322 3502 rum
360 3447 547 3508 Verbi
582 3452 720 3507 usui
766 3453 925 3507 vitae
956 3448 1380 3525 applicandum
1417 3449 1527 3516 sit,
1580 3445 1943 3521 significatur
1976 3461 2087 3519 per
2119 3459 2315 3499 nonne

208 3547 424 3616 quando
465 3549 868 3624 complanavit
906 3548 1093 3607 facies
1132 3549 1283 3625 ejus,
1324 3548 1617 3623 dispergit
1652 3543 1951 3620 nigellam,
1993 3549 2053 3600 et
2079 3542 2316 3616 reponit

205 3644 446 3706 triticum
498 3656 939 3722 mensuratum,
998 3655 1059 3709 et
1112 3648 1404 3707 hordeum
1456 3646 1830 3721 designatum
1884 3649 1947 3701 et
2008 3656 2150 3699 zeas
2202 3638 2312 3698 de-

207 3742 484 3823 signatas,
540 3765 735 3808 nonne
796 3749 1032 3824 quando
1090 3748 1496 3825 complanavit
1540 3746 1726 3804 facies
1776 3750 1973 3804 terrae
2025 3741 2317 3817 dispergit

207 3843 502 3921 nigellam,
559 3849 854 3925 signifieat
905 3849 1141 3925 quando
1190 3848 1582 3924 praeparavit
1639 3861 1751 3919 per
1800 3844 2099 3917 Verbum,
2154 3837 2322 3923 triti-¹

210 3955 328 4001 cum
378 3954 787 4008 mensuratum
823 3956 885 4008 et
935 3949 1226 4009 hordeum
1284 3947 1693 4023 designatum,
1747 3950 1806 4004 et
1844 3961 1992 4003 zeae
2029 3944 2314 4019 designa-

208 4043 323 4115 tae,
386 4048 716 4124 significant
761 4050 1068 4127 applicare
1106 4049 1327 4108 bonum
1384 4052 1446 4105 et
1481 4062 1691 4108 verum
1736 4046 1877 4103 usui
1911 4046 2106 4118 vitae,
2158 4044 2314 4103 triti-

211 4153 329 4199 cum
374 4154 464 4205 est
507 4149 761 4224 bonum,
824 4149 1114 4209 hordeum
1157 4154 1251 4208 est
1285 4165 1528 4222 verum,
1587 4153 1649 4209 et
1696 4162 1841 4204 zeae
1897 4151 2038 4203 sunt
2099 4147 2307 4220 cogni-

211 4239 414 4321 tiones3
455 4249 611 4324 quod
646 4250 782 4310 inde
819 4268 938 4309 non
978 4249 1216 4310 aliunde
1267 4246 1668 4323 intelligentia
1708 4262 1742 4302 a
1780 4245 2070 4318 Domino,
2128 4245 2314 4318 signi-
