2791 4778
436 390 542 443 512
879 377 1375 434 APOCALYPSIS
1418 374 1853 435 EXPLICATA.
1908 375 1955 444 §.
1999 384 2130 438 413.

431 541 650 600 dicium
685 554 870 614 super
904 538 1097 597 malos
1139 542 1391 597 vocatur
1429 535 1556 596 dies
1606 535 2052 612 indignationiS,
2100 535 2578 596 excandescen-

432 645 589 709 tiae,
642 642 769 699 irae
826 645 888 696 et
947 638 1281 712 vindictae,
1355 645 1418 714 at
1467 636 1772 696 Judicium
1831 653 2019 711 super
2064 635 2259 695 bonos
2312 645 2578 697 vocatur

431 749 669 816 tempus
709 738 1003 798 adventus
1046 740 1317 811 Domini,
1377 755 1569 796 annus
1604 735 1988 813 beneplaciti,
2044 753 2235 795 annus
2274 737 2570 814 redemp-

433 850 647 913 torum,
686 857 895 899 annus
931 840 1163 898 salutiS.
1237 838 1667 915 Unusquisque
1719 845 1841 897 tam
1890 837 2086 895 malus
2139 855 2317 913 quam
2363 839 2566 897 bonus

427 943 731 1021 judicatur
760 942 960 999 statim
995 948 1135 1016 post
1172 947 1423 999 mortem
1462 957 1597 997 cum
1632 942 1813 997 intrat
1837 938 2128 997 Mundum
2156 939 2555 1014 spiritualem,

437 1044 539 1102 ubi
569 1051 806 1101 acturus
838 1048 928 1100 est
963 1043 1145 1098 vitam
1184 1043 1244 1100 in
1281 1048 1620 1112 aeternum,
1674 1057 1813 1097 nam
1848 1049 1988 1098 tunc
2026 1040 2222 1098 statim
2263 1039 2560 1114 designa-

433 1152 530 1202 tur
579 1144 755 1200 homo
784 1142 882 1199 vel
924 1141 1000 1200 ad
1030 1140 1278 1201 Coelum
1315 1141 1414 1198 vel
1455 1141 1529 1199 ad
1565 1141 1904 1210 Infernum,
1960 1142 2062 1216 qui
2106 1139 2184 1197 ad
2216 1138 2466 1197 Coelum
2500 1142 2565 1198 is

434 1244 712 1319 alligatur
754 1243 1041 1302 Societati
1092 1243 1327 1301 cuidam
1368 1241 1648 1312 coelesti,
1701 1243 1761 1300 in
1801 1259 1981 1316 quam
2017 1247 2232 1316 postea
2266 1248 2567 1299 venturus

437 1351 559 1415 est,
618 1351 679 1402 et
715 1346 815 1420 qui
865 1344 942 1404 ad
987 1343 1324 1416 Infernum,
1381 1345 1434 1401 is
1478 1341 1756 1418 alligatur
1805 1341 2094 1402 Societati
2140 1341 2449 1412 infernali,
2498 1343 2572 1400 in

435 1463 611 1521 quam
656 1454 871 1520 postea
905 1450 1193 1503 venturus
1232 1452 1355 1519 est3
1412 1449 1475 1502 at
1510 1460 1700 1517 usque
1745 1442 2063 1501 intercedit
2101 1451 2336 1517 tempus
2377 1449 2565 1501 ante-

436 1563 612 1622 quam
632 1545 775 1604 illuc
803 1547 1064 1616 veniunt,
1100 1563 1169 1604 ex
1195 1561 1378 1602 causa
1400 1545 1724 1619 praecipue
1749 1550 1817 1602 ut
1839 1551 2293 1619 praeparentur,
2323 1542 2469 1601 boni
2493 1551 2569 1602 ut

435 1647 522 1704 eis
552 1647 971 1720 abstergantur
1000 1645 1158 1703 mala
1185 1663 1340 1720 quae
1370 1645 1458 1704 eis
1485 1644 1815 1703 adhaerent
1843 1662 1917 1702 ex
1951 1661 2198 1720 corpore
2227 1646 2286 1702 in
2316 1645 2566 1716 mundo,

435 1754 496 1805 et
547 1746 688 1804 mali
736 1752 802 1802 ut
859 1747 1194 1803 adimantur
1253 1746 1338 1803 eis
1388 1744 1548 1802 bona
1597 1762 1752 1820 quae
1801 1747 2169 1803 extrinsecus
2225 1743 2567 1804 adhaerent

432 1846 549 1906 illis
592 1865 669 1904 ex
721 1847 1021 1920 magistris
1062 1853 1121 1903 et
1156 1844 1472 1920 religione,
1523 1845 1853 1904 secundum
1892 1846 2133 1903 Domini
2171 1844 2359 1903 verba
2393 1847 2566 1920 apud

431 1947 807 2014 Matthaeum,
879 1944 1303 2024 „Quicunque
1352 1945 1535 2006 habet
1579 1943 1841 2005 dabitur
1892 1945 1952 2004 ei
1999 1953 2071 2005 ut
2120 1943 2564 2006 abundantius

430 2046 685 2116 habeat,
744 2047 1091 2125 quicunque
1137 2065 1261 2106 non
1295 2045 1501 2114 habet,
1563 2045 1759 2105 etiam
1799 2045 1967 2125 quod
2003 2045 2183 2107 habet
2222 2045 2563 2124 auferetur

433 2149 510 2210 ab
536 2150 651 2207 eo“
709 2148 885 2208 XIII:
937 2151 1045 2206 12.
1114 2147 1261 2223 Cap:
1303 2147 1508 2207 XXV:
1555 2149 1675 2221 293
1738 2148 1890 2206 haec
1933 2165 2100 2205 mora
2137 2149 2318 2205 etiam
2363 2147 2432 2205 fit
2479 2148 2562 2206 ob

431 2250 597 2308 illam
636 2266 910 2323 causam,
966 2255 1032 2305 ut
1080 2248 1455 2317 affectiones»,
1520 2264 1673 2322 quae
1713 2248 1882 2306 multi
1910 2250 2148 2324 generis
2185 2256 2342 2321 sunt,
2380 2264 2559 2307 com-

433 2357 729 2426 ponantur
766 2357 825 2409 et
859 2348 1206 2424 redigantur
1253 2349 1329 2409 ad
1373 2365 1635 2407 amorem
1673 2360 2057 2425 regnantem,
2108 2355 2169 2407 ut
2206 2348 2386 2408 homo
2424 2351 2565 2427 spi-

431 2454 579 2511 ritus
612 2453 696 2527 „sit
744 2457 905 2510 totus
950 2468 1096 2508 suus
1147 2468 1341 2509 amor:
1397 2458 1460 2507 at
1500 2466 1691 2525 usque
1731 2451 1901 2509 multi
1937 2470 2011 2509 ex
2046 2450 2193 2523 iuis,
2250 2457 2375 2508 tam
2415 2451 2570 2511 mali

432 2571 611 2628 quam
656 2552 825 2623 boni,
876 2554 1171 2610 reservati
1210 2560 1349 2609 sunt
1387 2550 1466 2608 ad
1502 2549 1787 2610 Ultimum
1824 2551 2158 2623 Judicium,
2209 2551 2318 2610 sed
2355 2551 2568 2610 solum

432 2652 519 2711 illi
559 2653 730 2726 mali,
793 2655 892 2727 qui
932 2651 1213 2709 moralem
1250 2654 1434 2709 vitam
1477 2654 1537 2709 in
1576 2654 1837 2711 externis
1886 2670 1954 2711 ex
1990 2651 2198 2709 habitu
2232 2654 2295 2709 in
2329 2652 2566 2712 mundo

432 2770 612 2828 agere
661 2761 1015 2828 potuerunt,
1082 2759 1143 2810 et
1187 2751 1277 2811 illi
1311 2751 1452 2811 boni
1503 2755 1604 2828 qui
1656 2752 1823 2811 salsis
1867 2771 1942 2811 ex
1988 2753 2325 2827 ignorantia
2373 2758 2438 2812 et
2482 2770 2566 2812 ex

429 2853 715 2928 religione
766 2854 977 2912 imbuti
1024 2860 1193 2928 sunt3
1272 2853 1487 2929 reliqui
1541 2859 1741 2911 autem
1789 2860 1929 2929 post
1984 2860 2261 2911 exactum
2310 2859 2561 2930 tempus

430 2952 505 3010 ab
541 2952 659 3008 illis
689 2955 956 3026 separati
995 2960 1165 3021 sunt,-
1214 2953 1353 3011 boni
1388 2956 1450 3012 in
1481 2952 1728 3012 Coelum
1765 2953 2018 3022 elevati,
2072 2970 2142 3011 ac
2180 2954 2323 3011 mali
2350 2956 2413 3011 in
2450 2953 2557 3013 In-

432 3053 664 3110 fernum
703 3052 985 3124 conjecti,
1039 3058 1099 3108 et
1132 3051 1244 3109 hoc
1286 3060 1423 3117 ante
1460 3052 2102 3113 Ultimum'Judicium.
2177 3053 2358 3130 Quod
2393 3054 2553 3116 Ulti-

429 3167 584 3207 mum
624 3148 923 3208 Judicium
963 3149 1192 3207 dicatur
1234 3151 1362 3209 dies
1402 3170 1653 3229 magnus
1692 3155 1817 3213 irae
1854 3154 1998 3225 Dei,
2046 3162 2139 3213 est
2177 3158 2319 3229 quia
2354 3171 2552 3231 appa·

426 3256 519 3309 ret
552 3249 753 3323 malis,
798 3252 905 3326 qui
943 3250 1302 3326 dejiciuntur
1351 3255 1414 3311 in
1449 3253 1788 3328 Infernum,
1840 3256 1995 3311 sicut
2021 3255 2192 3313 Deus
2245 3273 2318 3314 ex
2352 3257 2444 3311 ira
2487 3261 2552 3313 et

427 3351 925 3412 excandescentia
958 3351 1071 3409 hoc
1105 3352 1315 3421 faciat,
1378 3356 1518 3428 quia
1547 3361 1685 3413 tunc
1722 3353 1836 3413 illis
1876 3356 2123 3413 exitium
2160 3356 2323 3431 quod
2352 3354 2550 3413 desu-

426 3472 537 3530 per
574 3455 737 3512 venit
774 3459 835 3511 et
873 3471 1109 3529 quoque
1152 3453 1227 3512 ab
1266 3452 1540 3528 Oriente,
1596 3454 1698 3512 ubi
1743 3456 1840 3513 est
1862 3455 2153 3514 Dominus
2191 3463 2259 3515 ut
2306 3454 2435 3529 Sol,
2494 3461 2552 3514 et

428 3557 568 3631 quia
596 3562 735 3613 tunc
769 3556 831 3612 in
867 3553 1213 3629 terroribus,
1255 3554 1559 3613 doloribus
1598 3561 1658 3612 et
1694 3571 1930 3631 quoque
1969 3556 2333 3614 cruciatibus
2369 3563 2544 3631 sunt5

426 3656 538 3714 sed
574 3672 764 3729 usque
802 3672 1049 3729 prorsus
1079 3654 1244 3713 nulla
1281 3662 1373 3713 est
1408 3657 1496 3712 ira
1521 3654 1811 3725 Domino,
1859 3663 1954 3715 est
1991 3659 2147 3714 enim
2187 3654 2332 3732 Ipse
2365 3656 2552 3715 Amor

429 3762 489 3815 et
524 3754 934 3813 Misericordia
983 3761 1043 3813 et
1081 3755 1280 3828 ipsum
1324 3754 1587 3828 Bonum,
1657 3772 1727 3814 ac
1772 3773 1962 3830 purus
1998 3756 2183 3814 Amor
2237 3762 2298 3814 et
2349 3758 2554 3831 ipsum

423 3855 659 3914 Bonum
698 3871 815 3912 non
850 3861 1053 3929 potest
1087 3855 1281 3927 irasci,
1323 3862 1419 3913 est
1458 3856 1612 3913 enim
1654 3856 1717 3912 id
1762 3863 1982 3915 contra·
2006 3858 2334 3915 essentiam
2361 3856 2515 3933 Ejus
2529 3874 2548 3932 ;

426 3954 535 4014 sed
576 3956 929 4030 apparentia
971 3952 1076 4011 illa
1113 3960 1205 4011 est
1241 3953 1409 4024 inde,
1468 3955 1705 4030 quando
1742 3955 1987 4014 ultimus
2026 3963 2253 4029 statua,
2312 3958 2418 4032 qui
2458 3961 2552 4015 est

426 4054 663 4130 quando
703 4052 861 4111 mala
907 4054 968 4110 in
1003 4055 1176 4113 terris
1214 4061 1273 4111 et
1307 4055 1484 4113 simul
1524 4063 1664 4115 tunc
1710 4057 1770 4114 in
1807 4055 2029 4114 Mundo
2067 4056 2368 4132 spirituali
2405 4064 2547 4115 tan-

222 4150 384 4215 [682]
424 4160 549 4210 tum
585 4160 764 4210 aucta
797 4161 954 4226 sunt,
996 4159 1062 4210 ut
1097 4152 1416 4212 dominium
1455 4155 1716 4230 pendeat
1753 4173 1789 4213 a
1824 4164 2000 4233 parte
2037 4156 2294 4229 illorum,
2338 4161 2398 4214 et
2434 4172 2548 4232 per

421 4247 511 4313 id*
528 4255 737 4320 pereat
778 4251 1193 4323 aequilibrium
1240 4254 1394 4312 inter
1440 4253 1692 4314 Coelum
1742 4263 1802 4316 et
1835 4256 2174 4331 Infernum,
2237 4273 2356 4334 quo
2396 4273 2545 4332 per-
