2791 4778
421 334 656 396 CAPUT
698 335 1038 402 oum'rum.
1750 336 1968 391 vnns=
2028 347 2116 398 12,
2276 348 2385 398 13„

252 495 391 573 Ipsi
444 496 522 553 sit
535 514 552 570 3
623 493 781 569 quod
827 494 938 552 hoc
987 510 1098 569 per
1149 491 1390 572 digmus
1430 500 1524 554 eat
1573 494 1975 571 intelligatur,
2031 503 2265 555 constat
2313 516 2386 556 ex

250 596 383 655 illis
420 612 575 671 quae
612 612 750 652 mox
795 600 1163 670 sequuntur,
1212 612 1427 670 nempe
1466 596 1743 671 accipere
1780 603 2140 672 potestatem
2194 604 2253 654 et
2289 597 2384 655 di-

253 697 441 755 vitias
480 700 541 753 et
574 696 964 771 sapientiam,
993 700 1054 753 et
1086 694 1373 753 honorem
1411 695 1473 753 et
1506 694 1757 770 gloriam
1795 703 1856 755 et
1888 696 2386 767 benedictionem,

252 813 379 874 per
411 811 571 871 quae
606 797 667 853 in
703 793 1026 870 complexu
1073 794 1444 870 significatur
1488 812 1659 854 omne
1697 795 2013 870 Divinum5
2071 814 2144 854 ex
2195 799 2382 873 signi—

250 897 540 957 ficatione
578 895 762 972 Agni,
819 895 977 970 quod
1027 896 1104 953 sit
1142 894 1435 953 Dominus
1475 895 1671 972 quoad
1704 895 1985 955 Divinum
2022 897 2383 968 Humanum,

258 997 340 1056 de
380 1013 500 1072 qua
535 997 711 1054 etiam
752 1013 938 1071 snpra
971 1013 1044 1053 n:
1095 996 1267 1070 3143
1310 1001 1369 1054 et
1407 1013 1480 1054 ex
1519 994 1950 1071 significatione
1987 1000 2188 1071 occisi,
2227 997 2387 1073 quod

261 1100 345 1157 sit
383 1113 500 1154 non
537 1096 721 1171 agniti
757 1102 817 1154 et
853 1113 889 1152 a
925 1095 1125 1153 multis
1153 1097 1374 1172 negati,
1416 1096 1489 1153 de
1517 1113 1641 1170 qua
1678 1098 1855 1155 etiam
1893 1114 2079 1173 supra
2114 1115 2182 1155 n:
2219 1100 2381 1157 315.

265 1200 448 1257 328:
504 1213 578 1254 ex
623 1195 715 1252 his
752 1202 957 1272 patet,
1015 1194 1173 1271 quod
1231 1213 1342 1272 per
1376 1196 1646 1254 dicentes
1693 1213 1840 1254 voce
1893 1214 2109 1273 magna
2171 1198 2382 1273 dignus

259 1304 360 1356 est
396 1296 604 1372 Agnus
642 1298 876 1354 occisus
898 1341 912 1369 ,
969 1295 1336 1371 significetur
1373 1298 1595 1371 agnitio
1633 1296 1824 1355 corde
1865 1298 2022 1372 quod
2059 1315 2230 1356 omne
2268 1300 2380 1357 Di-

257 1399 470 1455 vinum
505 1398 582 1454 sit
618 1413 690 1454 ex
726 1385 945 1456 Divino
995 1397 1270 1454 Humano
1307 1396 1549 1454 Domini
1592 1414 1711 1455 non
1760 1400 1960 1473 agnito
2015 1404 2073 1456 et
2110 1415 2147 1456 a
2180 1398 2382 1457 multis

255 1505 503 1574 negato.
585 1497 762 1572 Quod
807 1515 980 1555 omne
1016 1496 1301 1555 Divinum
1352 1499 1432 1554 sit
1481 1500 1542 1555 in
1588 1496 1865 1555 Humano
1902 1498 2142 1558 Domini
2198 1505 2257 1557 et
2307 1517 2382 1556 ex

255 1598 379 1658 Illo
414 1600 475 1656 in
511 1597 696 1658 Coelo
735 1604 795 1656 et
828 1601 887 1655 in
924 1603 1121 1669 terra,
1178 1595 1452 1673 pluribus
1506 1599 1564 1654 in
1601 1596 1749 1656 Iocis
1801 1604 1895 1657 est
1930 1605 2266 1670 ostensum,
2326 1608 2385 1657 et

257 1698 328 1756 id
363 1698 769 1758 confirmatum
794 1697 1098 1756 videbitur
1137 1697 1211 1755 ad
1246 1697 1422 1754 finem
1459 1697 1640 1772 hujus
1679 1697 1911 1775 Operis
1973 1698 2149 1774 Quod
2185 1699 2384 1758 dicere

256 1816 418 1857 voce
456 1816 674 1875 magna
722 1801 800 1856 sit
845 1799 1066 1875 agnitio
1118 1797 1322 1869 corde,
1390 1796 1486 1856 hic
1524 1797 1684 1872 quod
1745 1801 1830 1856 ita
1879 1801 1956 1857 sit
2003 1807 2182 1875 prout
2228 1818 2384 1858 nunc

256 1899 487 1958 dictum
525 1907 648 1974 est,
706 1905 981 1958 constare
1019 1904 1220 1973 potest
1256 1898 1332 1956 ab
1369 1898 1859 1958 antecedentibus
1899 1905 1958 1957 et
1992 1901 2384 1976 sequentibus

254 2003 324 2059 in
358 2001 552 2073 serie3
606 2005 924 2077 praeterea
959 2016 1074 2056 vox
1111 1997 1403 2074 significat
1452 2000 1646 2057 omnia
1693 1999 1796 2057 illa
1847 2017 2000 2075 quae
2037 2008 2250 2074 postea
2286 2001 2379 2058 di-

257 2108 495 2173 cuntur,
554 2107 616 2159 et
649 2116 775 2158 vox,
804 2116 1020 2175 magna
1066 2097 1172 2156 illa
1220 2116 1308 2158 ex‘
1331 2099 1510 2157 corde
1523 2119 1541 2174 3
1597 2106 1735 2157 sunt
1779 2100 1955 2158 binae
1990 2116 2170 2158 voces
2222 2118 2384 2176 quae

255 2204 511 2276 saepius
559 2204 620 2259 in
657 2199 860 2258 Verbo
901 2207 1247 2273 occurrunt,
1302 2215 1521 2275 nempe
1558 2216 1834 2275 magnum
1875 2207 1934 2257 et
1970 2199 2261 2268 multum,
2315 2218 2385 2257 ac

257 2319 543 2378 magnum
580 2301 664 2359 ibi
699 2300 1082 2376 praedicatur
1119 2299 1192 2358 de
1228 2298 1420 2367 bono,
1476 2306 1534 2358 et
1568 2299 1816 2358 multum
1856 2298 1928 2357 de
1966 2299 2125 2356 veris
2149 2343 2162 2370 ‚
2231 2298 2388 2356 unde

257 2403 352 2476 id,
391 2402 597 2464 videas
635 2419 775 2460 mox
814 2418 1001 2479 supra
1035 2420 1101 2459 n:
1146 2403 1306 2475 3363
1345 2406 1406 2459 et
1433 2403 1573 2477 quia
1610 2401 1770 2476 quod
1803 2399 2075 2476 procedit
2111 2416 2182 2457 ex
2207 2398 2385 2471 bono,

263 2502 385 2560 hoc
418 2504 682 2576 procedit
717 2519 792 2560 ex
827 2501 1038 2578 corde,
1076 2503 1212 2562 ideo
1249 2501 1347 2560 hic
1382 2518 1497 2576 per
1532 2501 1730 2559 dicere
1765 2517 1916 2559 voce
1945 2517 2164 2575 magna
2199 2502 2385 2575 signi-

264 2602 487 2661 ficatur
530 2604 741 2678 agnitio
781 2603 989 2679 corde3
1046 2620 1148 2662 cor
1198 2605 1375 2660 etiam
1424 2619 1500 2660 ex
1537 2600 2062 2677 correspondentia
2096 2600 2388 2676 significat

264 2702 490 2761 bonum
554 2706 797 2778 amoriS,
869 2702 1145 2762 videatur
1206 2703 1265 2760 in
1328 2700 1528 2778 Opere
1578 2702 1651 2761 de
1716 2700 1925 2763 Coeno
1978 2720 2056 2760 nr
2108 2696 2386 2760 Inrnnno

260 2822 336 2860 n:
386 2803 490 2861 95.
529 2807 690 2877 4473
746 2811 808 2863 et
842 2821 1027 2879 supra
1061 2823 1129 2862 n:
1174 2807 1332 2862 167.

424 2905 582 2963 338.
641 2904 935 2979 Accipere
964 2909 1325 2979 potestatem
1365 2911 1427 2962 et
1454 2903 1690 2962 divitias
1729 2910 1789 2961 et
1813 2904 2185 2979 sapientiam,
2227 2903 2385 2978 quod

258 3004 560 3079 significet
603 3004 763 3080 quod
797 2999 922 3080 Ipsi
957 3006 1034 3062 sit
1071 3004 1549 3080 Omnipotentia‚
1610 3002 2039 3063 omniscientia
2076 3010 2136 3062 et
2168 3003 2389 3061 Divina

256 3104 683 3177 Providentia,
747 3111 981 3164 constat
1017 3122 1089 3162 ex
1119 3106 1548 3181 significatione
1585 3106 1901 3180 potestatis
1924 3149 1940 3179 ‚
1981 3121 2114 3163 eum
2153 3103 2227 3161 de
2255 3104 2386 3161 Do-

255 3206 450 3279 mino,
515 3205 676 3281 quod
726 3208 804 3265 s1t
859 3205 1338 3281 Omnipotenfia3
1424 3224 1497 3265 ex
1548 3205 1978 3281 significatione
2030 3204 2387 3273 divitiarum,

257 3321 398 3362 cum
446 3304 520 3364 de
560 3306 847 3378 Domino,
905 3305 1063 3381 quod
1110 3308 1187 3363 sit
1225 3304 1684 3369 Omniscientia‚·
1741 3312 1800 3363 et
1851 3323 1922 3363 ex
1961 3303 2391 3379 significatione

255 3407 619 3480 sapientiae,
657 3423 791 3464 cum
822 3406 895 3464 de
923 3406 1200 3481 Domino,
1240 3407 1401 3481 quod
1436 3407 1514 3464 sit
1537 3405 1758 3463 Divina
1784 3404 2196 3475 Providentia3
2237 3402 2396 3475 qnod

257 3504 414 3564 haec
441 3506 865 3582 significentur,
901 3513 998 3564 est
1022 3507 1162 3581 quia
1191 3505 1264 3565 de
1291 3506 1549 3565 Domino
1580 3522 1697 3563 non
1724 3505 1837 3562 dici
1865 3508 2066 3580 potest
2091 3501 2205 3558 nisi
2235 3499 2393 3574 quod

259 3611 356 3663 est
382 3620 569 3681 supra
601 3609 813 3679 omnia,
855 3612 1223 3682 quapropter
1251 3622 1382 3665 cum
1411 3607 1626 3665 dicitnr
1655 3605 1811 3681 quod
1838 3603 1963 3679 Ipsi
1995 3604 2073 3661 sit
2099 3606 2388 3677 potestas,
2434 3620 2594 3682 [436]

253 3704 617 3782 iutelligitur
670 3706 830 3783 quod
878 3706 1007 3782 Ipsi
1068 3709 1146 3764 sit
1200 3691 1388 3765 omnis
1443 3713 1744 3783 potestati,
1825 3720 1979 3780 quae
2036 3709 2130 3763 est
2182 3699 2391 3760 Omni-

253 3807 565 3882 potentia;
623 3814 683 3865 et
735 3823 867 3865 cum
917 3807 1130 3864 dicitur
1180 3807 1338 3882 quod
1372 3807 1504 3883 Ipsi
1550 3808 1671 3864 sint
1716 3804 1991 3875 divitiae,
2048 3801 2397 3877 intelligitur

257 3905 425 3979 quod
450 3906 582 3982 Ipsi
619 3909 739 3966 sint
777 3923 985 3965 omnes
1022 3906 1268 3966 divitiae
1306 3905 1669 3983 spiritualeS,
1709 3923 1820 3983 per
1849 3921 2000 3981 quas
2030 3902 2397 3981 significatur

253 4004 676 4083 intelligentia,
706 4007 957 4086 proinde
988 4005 1450 4082 Omniscientia3
1494 4006 1657 4083 quod
1690 4024 1802 4083 per
1829 4005 2066 4064 divitias
2101 4008 2161 4062 in
2191 4003 2395 4063 Verbo

256 4106 673 4181 significentur
720 4109 1096 4184 cognitiones
1146 4111 1276 4167 veri
1330 4115 1389 4166 et
1436 4108 1609 4181 boni,
1668 4122 1738 4165 ac
1787 4106 1926 4165 inde
1975 4104 2390 4179 intelligentia,

256 4204 539 4265 videatur
574 4224 761 4285 supra
795 4227 864 4267 n:
901 4210 1063 4283 2365
1104 4215 1165 4267 et
1192 4225 1328 4266 cum
1354 4208 1571 4267 dicitur
1607 4207 1765 4283 quod
1793 4206 1921 4282 Ipsi
1958 4207 2035 4263 sit
2070 4204 2394 4277 sapientia,
