2791 4778
460 344 570 398 474
907 333 1397 388 APOCALYPSIS
1443 332 1872 389 EXPLICATA.
1942 333 1988 401 §.
2025 342 2152 395 410·

461 512 675 572 supra,
717 509 825 551 sen
863 511 973 569 per
1013 492 1198 551 clivos
1238 500 1297 551 et
1333 493 1635 569 speculae„
1678 492 1780 550 ubi
1815 509 2061 568 gramen
2093 494 2253 550 sicut
2288 483 2558 568 pascuum
2629 505 2630 550 ξ

459 594 772 672 gregibuS,
842 593 997 652 unde
1035 593 1102 651 fit
1147 593 1307 669 quod
1340 596 1545 670 ignota
1580 594 1698 651 sint
1744 592 2149 650 habitantibus
2192 609 2387 669 super
2422 601 2562 654 terra
2631 585 2632 604 ¹

456 696 567 768 ibi,
603 694 884 770 gaudium
924 711 1282 770 onagrorum
1311 697 1490 754 etiam
1530 693 1826 769 significat
1863 674 2232 752 affectionem
2265 711 2379 752 seu
2415 676 2560 753 amoss
2633 673 2634 706 ³

460 815 585 856 rem
624 795 943 864 falsorum,
1010 812 1079 854 ac
1121 812 1411 871 pascuum
1452 812 1696 870 gregum
1734 796 2114 854 nutritionem
2168 794 2312 852 mali
2352 814 2421 853 ex
2452 796 2555 854 sal-
2633 825 2638 904 4

458 900 575 968 siS,
619 891 688 955 :Ic
720 903 1035 972 utrumque
1074 895 1548 953 devastationem
1587 897 1719 953 veri
1760 913 1869 971 per
1911 894 2098 952 falsa:
2152 913 2223 953 ex
2258 895 2345 953 his
2381 896 2548 954 videri

456 1006 658 1075 potest
693 997 988 1073 quodnam
1019 1014 1302 1055 arcanum
1339 999 1399 1054 in
1433 996 1526 1053 his
1560 995 1761 1054 verbis
1798 995 1966 1053 latet.
2034 995 2217 1071 Apud
2243 994 2545 1054 Jeremiam

458 1097 682 1173 „Num
732 1094 1031 1174 spelunca
1087 1094 1409 1157 latronum
1462 1099 1642 1171 facta
1696 1101 1791 1155 est
1839 1094 2068 1155 domus
2125 1095 2301 1169 haec,
2377 1115 2547 1175 super
2643 1115 2644 1120 ¹

455 1218 581 1278 qua
619 1197 986 1258 nominatur
1044 1196 1287 1260 Nomen
1333 1200 1586 1257 meum“
1640 1197 1788 1255 VII:
1861 1201 1979 1271 113
2055 1215 2165 1272 per
2223 1197 2553 1273 speluncam
2645 1203 2646 1208 ’

454 1301 750 1359 latronum
801 1299 1167 1374 significatur
1203 1299 1421 1356 malum
1462 1300 1620 1357 vitae
1660 1315 1734 1355 ex
1771 1298 1938 1356 salsis
1983 1297 2318 1369 doctrinae,
2374 1307 2428 1355 et
2462 1317 2557 1376 per

453 1401 693 1459 domum‘
734 1416 918 1474 super
954 1418 1073 1474 qua
1108 1403 1444 1458 nominatur
1478 1398 1709 1458 Nomen
1756 1417 1984 1473 meum,
2049 1398 2421 1475 significatur
2453 1393 2557 1460 Ec'-

459 1502 646 1561 clesia
680 1500 784 1558 ubi
831 1501 1026 1558 cultus
1067 1519 1138 1558 ex
1189 1501 1359 1559 bonis
1400 1502 1560 1558 vitae
1597 1517 1708 1576 per
1763 1517 1906 1559 vera
1960 1500 2298 1573 doctrinae,
2367 1500 2559 1559 domus

455 1610 548 1661 est
581 1600 889 1672 Ecclesia,
931 1601 1159 1658 Nomen
1200 1601 1476 1660 Jehovae
1516 1608 1610 1659 est
1651 1618 1823 1658 omne
1860 1619 1971 1675 per
2009 1599 2168 1676 quod
2204 1600 2452 1674 colitur,
2489 1604 2562 1684 ita

451 1703 670 1760 boumn
710 1709 769 1757 et
806 1718 1042 1774 verum,
1084 1702 1195 1760 hoc
1234 1701 1538 1760 doctrinae
1577 1708 1636 1760 et
1671 1700 1819 1758 illud
1858 1704 2045 1759 vitae:
2101 1700 2262 1775 quod
2297 1702 2561 1760 Ecclesia

452 1801 553 1860 ubi
589 1801 1006 1859 malumvitae
1048 1819 1120 1858 ex
1170 1801 1337 1859 falsis
1386 1801 1692 1860 doctrinae
1750 1802 1979 1860 dicatur
2038 1800 2327 1877 spelunca
2381 1802 2556 1860 latro-

454 1921 623 1975 num,
687 1909 781 1960 est
818 1903 959 1977 quia
1004 1902 1295 1977 spelunca
1328 1901 1626 1978 significat
1664 1902 1844 1971 illud,
1907 1911 1966 1960 et
1999 1902 2262 1960 latrones
2300 1901 2561 1960 dIcuntur

450 2006 550 2080 qui
585 2003 859 2061 furantur
911 2020 984 2059 ex
1037 2002 1239 2060 Verbo
1278 2021 1455 2072 vera,
1516 2020 1586 2061 ac
1639 2003 1744 2060 illa
1778 2009 2129 2078 pervertunt
2166 2009 2224 2060 et
2262 2004 2561 2078 applicant

451 2105 619 2163 falsis
658 2111 716 2162 et
753 2103 951 2175 malis,
1017 2106 1195 2160 etsie
1236 2107 1620 2180 exstinguunt
1666 2104 1788 2162 illa.
1878 2104 1967 2162 Ex
2014 2103 2106 2161 his
2160 2110 2330 2180 patet
2348 2121 2381 2177 ,·
2431 2102 2563 2179 quid

453 2204 803 2281 intelligitur
839 2221 948 2279 per
997 2205 1236 2263 Domini
1276 2205 1463 2262 verba
1512 2203 1672 2279 apud
1709 2204 2126 2280 Evangelistas
2180 2248 2217 2277 „
2245 2201 2562 2283 Scriptum

450 2312 573 2380 eat,
659 2303 829 2383 quod
890 2303 1151 2365 Domus
1203 2323 1339 2363 mea
1388 2304 1651 2364 Domus
1709 2322 1973 2383 precum
2021 2296 2386 2375 vocabitur,
2464 2322 2564 2364 voa

447 2412 658 2489 autem
705 2406 968 2485 fecistis
1027 2426 1166 2465 eam
1220 2403 1583 2484 speluncam
1637 2403 1959 2466 latronum
1985 2410 2020 2438 “
2088 2406 2312 2464 Matth:
2378 2406 2561 2467 XXI:

458 2511 565 2568 13.
624 2507 822 2566 Marc:
861 2506 982 2566 XI:
1036 2512 1137 2565 17.
1180 2508 1335 2573 Luc:
1377 2507 1559 2565 XIX:
1605 2510 1728 2581 465
1783 2525 1894 2583 per
1930 2508 2190 2566 Domum
2226 2507 2308 2565 ibi
2344 2509 2406 2566 in
2436 2508 2566 2566 uni-

446 2608 672 2667 versali
707 2625 888 2668 sensu
929 2610 1298 2683 significatur
1345 2607 1647 2683 Ecclesia3
1705 2614 1765 2665 et
1817 2611 1957 2683 quia
2009 2611 2068 2666 in
2109 2607 2365 2685 Templo
2415 2608 2560 2667 Hie·

448 2710 786 2786 rosolymae
824 2710 1226 2785 peragebatur
1264 2707 1493 2779 cultus,
1549 2708 1685 2766 ideo
1725 2717 1972 2767 vocatur
2008 2709 2239 2766 Domus
2288 2725 2529 2785 precum
2542 2726 2561 2782 ;

449 2810 606 2884 quod
673 2809 989 2884 Templum
1054 2810 1348 2886 significet
1401 2809 1770 2882 Ecclesiam,
1864 2810 2140 2868 videatur
2209 2827 2277 2867 n:
2350 2809 2559 2882 37205

449 2908 607 2984 quod
644 2926 855 2982 preces
899 2910 1235 2983 significent
1271 2910 1530 2980 cultum,
1583 2927 1767 2986 supra
1822 2929 1885 2966 n:
1943 2912 2114 2985 3253
2173 2910 2334 2986 quod
2366 2908 2557 2969 vocari

446 3008 741 3083 significet
788 3008 979 3065 simile
1034 3010 1192 3083 qnod
1240 3026 1430 3084 supra
1485 3013 1787 3070 nominare
1841 3010 2075 3071 Nomen
2129 3029 2326 3070 meum
2378 3024 2553 3085 super

445 3108 582 3176 illa,
652 3110 709 3164 in
770 3109 1046 3165 Ancams,
1120 3108 1537 3170 Connns'rmus
1611 3130 1679 3170 n:
1752 3115 1963 3171 3421.
2079 3112 2265 3186 Apud
2326 3110 2551 3187 Esajam

451 3206 712 3281 „Ludet
753 3226 985 3286 supens
1039 3227 1229 3287 super
1265 3209 1596 3288 foramine
1649 3212 1926 3291 viperae,
1982 3217 2041 3271 et
2069 3231 2265 3293 {uper
2310 3208 2548 3291 spelun-

448 3328 585 3370 cam
624 3305 916 3369 basilisci
957 3307 1316 3371 ablactatus
1354 3331 1617 3383 manum
1672 3331 1858 3373 suam
1911 3309 2189 3392 impellet
2211 3315 2248 3346 “
2309 3313 2424 3374 XI:
2471 3311 2549 3380 :85

249 3416 406 3479 [657]
447 3411 597 3472 hacc
634 3429 744 3471 nec
780 3411 1218 3488 intelliguntur,
1284 3415 1401 3472 nisi
1449 3430 1520 3471 ex
1578 3413 1730 3487 illis,
1789 3430 1941 3490 quae
1994 3416 2057 3472 in
2108 3413 2332 3473 Mundo
2379 3411 2548 3489 spiri-

450 3514 600 3574 tuali
636 3522 963 3590 apparent,
1028 3517 1284 3587 sciatur,
1341 3513 1483 3590 quid
1530 3512 1799 3573 foramen
1850 3516 2093 3592 viperae
2141 3515 2383 3591 etquid
2413 3527 2550 3588 spe-

447 3614 625 3674 lunca
675 3615 971 3690 basilisci;
1047 3632 1233 3692 supra
1283 3614 1503 3673 dictum
1555 3622 1677 3688 est,
1755 3616 1913 3691 quod
1964 3615 2160 3673 aditus
2213 3614 2291 3673 ad
2340 3616 2555 3673 inferna

449 3722 787 3791 appareant
821 3718 976 3774 sicut
1010 3717 1301 3774 foramina
1341 3717 1399 3773 in
1447 3720 1686 3790 petraS‚
1745 3723 1803 3775 et
1849 3718 2002 3774 sicut
2046 3715 2248 3774 hiatus
2291 3718 2555 3793 patentes

450 3815 527 3873 ad
563 3815 885 3891 speluncas
938 3815 1146 3890 quales
1187 3821 1324 3873 sunt
1369 3814 1512 3873 feris
1550 3817 1608 3873 in
1657 3816 1874 3893 sylvis-3
1931 3816 2018 3874 illi
2065 3817 2168 3892 qui
2217 3817 2361 3875 inibi
2404 3818 2557 3882 sunt,

450 3915 589 3973 dum
637 3922 985 3990 spectantur
1026 3917 1085 3972 in
1133 3914 1269 3973 lnce
1311 3913 1512 3989 Coeli,
1570 3923 1864 3992 apparent
1913 3919 2070 3976 sicut
2117 3924 2385 3975 monstra
2417 3910 2561 3972 varii

447 4019 702 4091 generis),
744 4022 803 4074 et
833 4031 1069 4090 quoque
1098 4017 1253 4073 sicut
1280 4016 1467 4089 ferae,
1504 4016 1591 4075 illi
1611 4018 1714 4092 qui
1737 4019 1797 4076 in
1818 4017 2076 4077 Inseruis
2104 4024 2245 4075 sunt
2273 4017 2375 4076 ubi
2409 4012 2563 4073 tales

450 4117 549 4187 qni
593 4122 800 4172 contra
838 4116 1235 4174 innocentiam
1271 4116 1478 4175 dolose
1515 4125 1727 4193 agunt,
1768 4125 2065 4194 apparent
2101 4119 2255 4177 sicut
2294 4118 2561 4194 viperae,

446 4215 507 4268 et
541 4209 626 4269 illi
665 4213 764 4285 qui
802 4219 1008 4271 contra
1035 4215 1255 4272 bonurn
1292 4218 1512 4274 amoris
1541 4219 1698 4276 sicut
1731 4218 1996 4277 basilisci
2008 4239 2025 4295 3
2080 4225 2141 4280 et
2176 4220 2318 4297 quia
2343 4225 2566 4293 sugens
