<?xml version="1.0" encoding="UTF-8"?>
<!DOCTYPE html PUBLIC "-//W3C//DTD XHTML 1.0 Transitional//EN"
    "http://www.w3.org/TR/xhtml1/DTD/xhtml1-transitional.dtd">
<html xmlns="http://www.w3.org/1999/xhtml" xml:lang="en" lang="en">
 <head>
  <title>
</title>
<meta http-equiv="Content-Type" content="text/html;charset=utf-8" />
  <meta name='ocr-system' content='tesseract 3.04.00' />
  <meta name='ocr-capabilities' content='ocr_page ocr_carea ocr_par ocr_line ocrx_word'/>
</head>
<body>
  <div class='ocr_page' id='page_1' title='image "apocalypsisexpl03swedgoog_0460.png"; bbox 0 0 2791 4778; ppageno 0'>
   <div class='ocr_carea' id='block_1_1' title="bbox 480 367 2160 437">
    <p class='ocr_par' dir='ltr' id='par_1_1' title="bbox 480 367 2160 437">
     <span class='ocr_line' id='line_1_1' title="bbox 480 367 2160 437; baseline 0 -9"><span class='ocrx_word' id='word_1_1' title='bbox 480 379 588 433; x_wconf 71' lang='lat'><strong>438</strong></span> <span class='ocrx_word' id='word_1_2' title='bbox 916 367 1407 424; x_wconf 66' lang='lat' dir='ltr'>APOCALYPSIS</span> <span class='ocrx_word' id='word_1_3' title='bbox 1454 368 1884 425; x_wconf 53' lang='lat' dir='ltr'>EKPMCATA.</span> <span class='ocrx_word' id='word_1_4' title='bbox 1954 369 1998 437; x_wconf 80' lang='lat'><strong>§.</strong></span> <span class='ocrx_word' id='word_1_5' title='bbox 2038 377 2160 433; x_wconf 63' lang='lat'><strong>405„</strong></span> 
     </span>
    </p>
   </div>
   <div class='ocr_carea' id='block_1_2' title="bbox 465 528 2535 2418">
    <p class='ocr_par' dir='ltr' id='par_1_2' title="bbox 465 528 2535 2418">
     <span class='ocr_line' id='line_1_2' title="bbox 477 528 2520 606; baseline 0.001 -19"><span class='ocrx_word' id='word_1_6' title='bbox 477 530 881 606; x_wconf 78' lang='lat' dir='ltr'><strong>praesentiam</strong></span> <span class='ocrx_word' id='word_1_7' title='bbox 916 528 1121 587; x_wconf 86' lang='lat' dir='ltr'><strong>Divini</strong></span> <span class='ocrx_word' id='word_1_8' title='bbox 1157 528 1305 588; x_wconf 87' lang='lat' dir='ltr'><strong>Veri</strong></span> <span class='ocrx_word' id='word_1_9' title='bbox 1338 529 1686 589; x_wconf 79' lang='lat' dir='ltr'><strong>revelantur</strong></span> <span class='ocrx_word' id='word_1_10' title='bbox 1720 529 1880 588; x_wconf 86' lang='lat' dir='ltr'><strong>mala</strong></span> <span class='ocrx_word' id='word_1_11' title='bbox 1919 538 1978 588; x_wconf 85' lang='lat' dir='ltr'><strong>et</strong></span> <span class='ocrx_word' id='word_1_12' title='bbox 2009 530 2182 601; x_wconf 79' lang='lat' dir='ltr'><strong>falsa,</strong></span> <span class='ocrx_word' id='word_1_13' title='bbox 2233 538 2288 587; x_wconf 84' lang='lat' dir='ltr'><strong>et</strong></span> <span class='ocrx_word' id='word_1_14' title='bbox 2319 548 2384 588; x_wconf 81' lang='lat' dir='ltr'><strong>ex</strong></span> <span class='ocrx_word' id='word_1_15' title='bbox 2416 532 2520 590; x_wconf 89' lang='lat' dir='ltr'><strong>col-</strong></span> 
     </span>
     <span class='ocr_line' id='line_1_3' title="bbox 475 625 2524 709; baseline 0.001 -21"><span class='ocrx_word' id='word_1_16' title='bbox 475 629 687 688; x_wconf 87' lang='lat' dir='ltr'><strong>lisione</strong></span> <span class='ocrx_word' id='word_1_17' title='bbox 743 635 885 685; x_wconf 85' lang='lat' dir='ltr'><strong>tunc</strong></span> <span class='ocrx_word' id='word_1_18' title='bbox 932 637 1231 705; x_wconf 83' lang='lat' dir='ltr'><strong>apparent</strong></span> <span class='ocrx_word' id='word_1_19' title='bbox 1278 632 1438 689; x_wconf 83' lang='lat' dir='ltr'><strong>sicut</strong></span> <span class='ocrx_word' id='word_1_20' title='bbox 1484 630 1749 690; x_wconf 85' lang='lat' dir='ltr'><strong>fulmina.</strong></span> <span class='ocrx_word' id='word_1_21' title='bbox 1843 625 2021 708; x_wconf 88' lang='lat' dir='ltr'><strong>Apud</strong></span> <span class='ocrx_word' id='word_1_22' title='bbox 2072 630 2266 689; x_wconf 80' lang='lat' dir='ltr'><strong>Mosen</strong></span> <span class='ocrx_word' id='word_1_23' title='bbox 2316 630 2524 709; x_wconf 71' lang='lat' dir='ltr'><strong>„Iym&#39;s</strong></span> 
     </span>
     <span class='ocr_line' id='line_1_4' title="bbox 476 727 2522 812; baseline 0 -22"><span class='ocrx_word' id='word_1_24' title='bbox 476 746 777 790; x_wconf 75' lang='lat' dir='ltr'><strong>aecensus</strong></span> <span class='ocrx_word' id='word_1_25' title='bbox 824 733 919 787; x_wconf 74' lang='lat' dir='ltr'><strong>est</strong></span> <span class='ocrx_word' id='word_1_26' title='bbox 968 727 1040 789; x_wconf 79' lang='lat' dir='ltr'><strong>in</strong></span> <span class='ocrx_word' id='word_1_27' title='bbox 1091 728 1197 790; x_wconf 82' lang='lat' dir='ltr'><strong>ira</strong></span> <span class='ocrx_word' id='word_1_28' title='bbox 1247 749 1418 805; x_wconf 81' lang='lat' dir='ltr'><strong>mea,</strong></span> <span class='ocrx_word' id='word_1_29' title='bbox 1486 735 1546 789; x_wconf 79' lang='lat' dir='ltr'><strong>et</strong></span> <span class='ocrx_word' id='word_1_30' title='bbox 1590 730 1839 802; x_wconf 72' lang='lat' dir='ltr'><strong>ardebit</strong></span> <span class='ocrx_word' id='word_1_31' title='bbox 1887 750 2080 809; x_wconf 76' lang='lat' dir='ltr'><strong>usque</strong></span> <span class='ocrx_word' id='word_1_32' title='bbox 2129 729 2210 789; x_wconf 83' lang='lat' dir='ltr'><strong>ad</strong></span> <span class='ocrx_word' id='word_1_33' title='bbox 2256 731 2522 812; x_wconf 74' lang='lat' dir='ltr'><strong>infernum</strong></span> 
     </span>
     <span class='ocr_line' id='line_1_5' title="bbox 474 828 2518 911; baseline -0.001 -19"><span class='ocrx_word' id='word_1_34' title='bbox 474 830 771 911; x_wconf 77' lang='lat' dir='ltr'><strong>infimum</strong></span> <span class='ocrx_word' id='word_1_35' title='bbox 785 873 800 902; x_wconf 92' lang='lat'><strong><em>,</em></strong></span> <span class='ocrx_word' id='word_1_36' title='bbox 862 833 921 888; x_wconf 75' lang='lat' dir='ltr'><strong>et</strong></span> <span class='ocrx_word' id='word_1_37' title='bbox 972 828 1245 890; x_wconf 75' lang='lat' dir='ltr'><strong>comedet</strong></span> <span class='ocrx_word' id='word_1_38' title='bbox 1298 838 1534 891; x_wconf 76' lang='lat' dir='ltr'><strong>terram</strong></span> <span class='ocrx_word' id='word_1_39' title='bbox 1593 839 1652 893; x_wconf 84' lang='lat' dir='ltr'><strong>et</strong></span> <span class='ocrx_word' id='word_1_40' title='bbox 1702 838 2080 911; x_wconf 78' lang='lat' dir='ltr'><strong>proventum</strong></span> <span class='ocrx_word' id='word_1_41' title='bbox 2127 830 2281 911; x_wconf 67' lang='lat' dir='ltr'><strong>ejus,</strong></span> <span class='ocrx_word' id='word_1_42' title='bbox 2350 836 2400 889; x_wconf 83' lang='lat' dir='ltr'><strong>et</strong></span> <span class='ocrx_word' id='word_1_43' title='bbox 2443 831 2518 890; x_wconf 82' lang='lat' dir='ltr'><strong>in·</strong></span> 
     </span>
     <span class='ocr_line' id='line_1_6' title="bbox 465 928 2523 1011; baseline -0.001 -20"><span class='ocrx_word' id='word_1_44' title='bbox 465 930 838 1011; x_wconf 77' lang='lat' dir='ltr'><strong>flammabit</strong></span> <span class='ocrx_word' id='word_1_45' title='bbox 863 928 1297 1010; x_wconf 80' lang='lat' dir='ltr'><strong>fundamenta</strong></span> <span class='ocrx_word' id='word_1_46' title='bbox 1321 933 1676 994; x_wconf 78' lang='lat' dir='ltr'><strong>montium“</strong></span> <span class='ocrx_word' id='word_1_47' title='bbox 1723 933 1947 993; x_wconf 82' lang='lat' dir='ltr'><strong>Deutr:</strong></span> <span class='ocrx_word' id='word_1_48' title='bbox 1985 931 2255 991; x_wconf 87' lang='lat' dir='ltr'>XXXII:</span> <span class='ocrx_word' id='word_1_49' title='bbox 2294 935 2399 1006; x_wconf 79' lang='lat'><strong>223</strong></span> <span class='ocrx_word' id='word_1_50' title='bbox 2450 932 2523 989; x_wconf 87' lang='lat' dir='ltr'><strong>di·</strong></span> 
     </span>
     <span class='ocr_line' id='line_1_7' title="bbox 479 1030 2518 1108; baseline -0.001 -17"><span class='ocrx_word' id='word_1_51' title='bbox 479 1035 634 1092; x_wconf 89' lang='lat' dir='ltr'><strong>citur</strong></span> <span class='ocrx_word' id='word_1_52' title='bbox 671 1030 827 1108; x_wconf 90' lang='lat' dir='ltr'><strong>quod</strong></span> <span class='ocrx_word' id='word_1_53' title='bbox 872 1032 1021 1106; x_wconf 88' lang='lat' dir='ltr'><strong>ignis</strong></span> <span class='ocrx_word' id='word_1_54' title='bbox 1058 1049 1350 1092; x_wconf 85' lang='lat' dir='ltr'><strong>accensus</strong></span> <span class='ocrx_word' id='word_1_55' title='bbox 1407 1035 1483 1091; x_wconf 88' lang='lat' dir='ltr'><strong>sit</strong></span> <span class='ocrx_word' id='word_1_56' title='bbox 1523 1032 1797 1093; x_wconf 85' lang='lat' dir='ltr'><strong>Jehovae</strong></span> <span class='ocrx_word' id='word_1_57' title='bbox 1833 1035 1893 1091; x_wconf 91' lang='lat' dir='ltr'><strong>in</strong></span> <span class='ocrx_word' id='word_1_58' title='bbox 1938 1036 2031 1091; x_wconf 82' lang='lat' dir='ltr'><strong>ira</strong></span> <span class='ocrx_word' id='word_1_59' title='bbox 2077 1049 2186 1091; x_wconf 86' lang='lat' dir='ltr'><strong>sua</strong></span> <span class='ocrx_word' id='word_1_60' title='bbox 2201 1077 2215 1106; x_wconf 91' lang='lat'>‚</span> <span class='ocrx_word' id='word_1_61' title='bbox 2269 1035 2355 1108; x_wconf 87' lang='lat' dir='ltr'><strong>qui</strong></span> <span class='ocrx_word' id='word_1_62' title='bbox 2381 1032 2518 1089; x_wconf 82' lang='lat' dir='ltr'><strong>arde-</strong></span> 
     </span>
     <span class='ocr_line' id='line_1_8' title="bbox 476 1130 2513 1214; baseline -0.001 -23"><span class='ocrx_word' id='word_1_63' title='bbox 476 1132 564 1192; x_wconf 86' lang='lat' dir='ltr'><strong>bit</strong></span> <span class='ocrx_word' id='word_1_64' title='bbox 601 1130 904 1208; x_wconf 77' lang='lat' dir='ltr'><strong>nsque-ad</strong></span> <span class='ocrx_word' id='word_1_65' title='bbox 940 1131 1230 1191; x_wconf 87' lang='lat' dir='ltr'><strong>infernum</strong></span> <span class='ocrx_word' id='word_1_66' title='bbox 1265 1133 1563 1207; x_wconf 83' lang='lat' dir='ltr'><strong>infimum,</strong></span> <span class='ocrx_word' id='word_1_67' title='bbox 1621 1137 1860 1193; x_wconf 87' lang='lat' dir='ltr'><strong>tametsi</strong></span> <span class='ocrx_word' id='word_1_68' title='bbox 1899 1133 2172 1193; x_wconf 71' lang='lat' dir='ltr'><strong>dehevae</strong></span> <span class='ocrx_word' id='word_1_69' title='bbox 2212 1151 2315 1192; x_wconf 90' lang='lat' dir='ltr'><strong>non</strong></span> <span class='ocrx_word' id='word_1_70' title='bbox 2348 1132 2513 1214; x_wconf 82' lang='lat' dir='ltr'><strong>aliquis</strong></span> 
     </span>
     <span class='ocr_line' id='line_1_9' title="bbox 476 1233 2519 1310; baseline -0.001 -19"><span class='ocrx_word' id='word_1_71' title='bbox 476 1233 630 1309; x_wconf 84' lang='lat' dir='ltr'><strong>ignis</strong></span> <span class='ocrx_word' id='word_1_72' title='bbox 666 1235 790 1291; x_wconf 88' lang='lat' dir='ltr'><strong>irae</strong></span> <span class='ocrx_word' id='word_1_73' title='bbox 836 1239 957 1304; x_wconf 86' lang='lat' dir='ltr'><strong>est,</strong></span> <span class='ocrx_word' id='word_1_74' title='bbox 1014 1234 1209 1291; x_wconf 85' lang='lat' dir='ltr'><strong>minus</strong></span> <span class='ocrx_word' id='word_1_75' title='bbox 1248 1237 1348 1310; x_wconf 84' lang='lat' dir='ltr'><strong>qui</strong></span> <span class='ocrx_word' id='word_1_76' title='bbox 1406 1234 1578 1293; x_wconf 90' lang='lat' dir='ltr'><strong>ardet</strong></span> <span class='ocrx_word' id='word_1_77' title='bbox 1632 1234 1708 1292; x_wconf 87' lang='lat' dir='ltr'><strong>ad</strong></span> <span class='ocrx_word' id='word_1_78' title='bbox 1757 1235 2054 1293; x_wconf 82' lang='lat' dir='ltr'><strong>infernum</strong></span> <span class='ocrx_word' id='word_1_79' title='bbox 2110 1233 2373 1306; x_wconf 85' lang='lat' dir='ltr'><strong>infimum,</strong></span> <span class='ocrx_word' id='word_1_80' title='bbox 2416 1249 2519 1289; x_wconf 76' lang='lat' dir='ltr'><strong>nam</strong></span> 
     </span>
     <span class='ocr_line' id='line_1_10' title="bbox 477 1331 2525 1407; baseline 0 -15"><span class='ocrx_word' id='word_1_81' title='bbox 477 1331 786 1406; x_wconf 79' lang='lat' dir='ltr'><strong>Jehovah‚</strong></span> <span class='ocrx_word' id='word_1_82' title='bbox 842 1332 957 1391; x_wconf 89' lang='lat' dir='ltr'><strong>hoc</strong></span> <span class='ocrx_word' id='word_1_83' title='bbox 1003 1341 1124 1407; x_wconf 86' lang='lat' dir='ltr'><strong>est,</strong></span> <span class='ocrx_word' id='word_1_84' title='bbox 1193 1335 1486 1394; x_wconf 84' lang='lat' dir='ltr'>Dominus</span> <span class='ocrx_word' id='word_1_85' title='bbox 1534 1335 1685 1394; x_wconf 84' lang='lat' dir='ltr'><strong>nulli</strong></span> <span class='ocrx_word' id='word_1_86' title='bbox 1733 1337 2015 1394; x_wconf 75' lang='lat' dir='ltr'><strong>irascitur</strong></span> <span class='ocrx_word' id='word_1_87' title='bbox 2066 1343 2123 1392; x_wconf 87' lang='lat' dir='ltr'><strong>et</strong></span> <span class='ocrx_word' id='word_1_88' title='bbox 2172 1334 2309 1392; x_wconf 89' lang='lat' dir='ltr'><strong>nulli</strong></span> <span class='ocrx_word' id='word_1_89' title='bbox 2352 1332 2525 1392; x_wconf 83' lang='lat' dir='ltr'><strong>malum</strong></span> 
     </span>
     <span class='ocr_line' id='line_1_11' title="bbox 477 1431 2530 1512; baseline -0.001 -21"><span class='ocrx_word' id='word_1_90' title='bbox 477 1432 651 1507; x_wconf 77' lang='lat' dir='ltr'><strong>facit,</strong></span> <span class='ocrx_word' id='word_1_91' title='bbox 725 1431 884 1509; x_wconf 90' lang='lat' dir='ltr'><strong>quod</strong></span> <span class='ocrx_word' id='word_1_92' title='bbox 935 1450 1047 1491; x_wconf 88' lang='lat' dir='ltr'><strong>nec</strong></span> <span class='ocrx_word' id='word_1_93' title='bbox 1101 1434 1356 1510; x_wconf 78' lang='lat' dir='ltr'><strong>aliquem</strong></span> <span class='ocrx_word' id='word_1_94' title='bbox 1421 1437 1483 1493; x_wconf 89' lang='lat' dir='ltr'><strong>in</strong></span> <span class='ocrx_word' id='word_1_95' title='bbox 1519 1436 1814 1495; x_wconf 83' lang='lat' dir='ltr'><strong>infernum</strong></span> <span class='ocrx_word' id='word_1_96' title='bbox 1862 1436 2135 1512; x_wconf 83' lang='lat' dir='ltr'><strong>dejiciat,</strong></span> <span class='ocrx_word' id='word_1_97' title='bbox 2202 1435 2438 1492; x_wconf 85' lang='lat' dir='ltr'><strong>videatur</strong></span> <span class='ocrx_word' id='word_1_98' title='bbox 2486 1433 2530 1488; x_wconf 89' lang='lat' dir='ltr'><strong>in</strong></span> 
     </span>
     <span class='ocr_line' id='line_1_12' title="bbox 481 1531 2527 1610; baseline -0.003 -18"><span class='ocrx_word' id='word_1_99' title='bbox 481 1531 682 1610; x_wconf 82' lang='lat' dir='ltr'><strong>Opere</strong></span> <span class='ocrx_word' id='word_1_100' title='bbox 730 1532 802 1590; x_wconf 85' lang='lat' dir='ltr'><strong>dc.</strong></span> <span class='ocrx_word' id='word_1_101' title='bbox 857 1531 1064 1592; x_wconf 69' lang='lat' dir='ltr'><strong>Coeno</strong></span> <span class='ocrx_word' id='word_1_102' title='bbox 1130 1553 1205 1592; x_wconf 75' lang='lat' dir='ltr'><strong>m·</strong></span> <span class='ocrx_word' id='word_1_103' title='bbox 1258 1535 1540 1594; x_wconf 66' lang='lat' dir='ltr'><strong>Inmnno</strong></span> <span class='ocrx_word' id='word_1_104' title='bbox 1591 1554 1659 1594; x_wconf 75' lang='lat' dir='ltr'><strong>nt</strong></span> <span class='ocrx_word' id='word_1_105' title='bbox 1717 1539 1852 1596; x_wconf 83' lang='lat'><strong>545</strong></span> <span class='ocrx_word' id='word_1_106' title='bbox 1903 1537 1982 1595; x_wconf 86' lang='lat' dir='ltr'><strong>ad</strong></span> <span class='ocrx_word' id='word_1_107' title='bbox 2034 1538 2200 1610; x_wconf 81' lang='lat'>5503</span> <span class='ocrx_word' id='word_1_108' title='bbox 2267 1535 2363 1593; x_wconf 84' lang='lat' dir='ltr'><strong>sed</strong></span> <span class='ocrx_word' id='word_1_109' title='bbox 2393 1538 2460 1590; x_wconf 83' lang='lat' dir='ltr'><strong>ita</strong></span> <span class='ocrx_word' id='word_1_110' title='bbox 2482 1533 2527 1587; x_wconf 93' lang='lat' dir='ltr'><strong>in</strong></span> 
     </span>
     <span class='ocr_line' id='line_1_13' title="bbox 479 1631 2529 1714; baseline -0.003 -22"><span class='ocrx_word' id='word_1_111' title='bbox 479 1649 663 1692; x_wconf 89' lang='lat' dir='ltr'><strong>sensu</strong></span> <span class='ocrx_word' id='word_1_112' title='bbox 699 1631 910 1690; x_wconf 83' lang='lat' dir='ltr'><strong>literae</strong></span> <span class='ocrx_word' id='word_1_113' title='bbox 962 1632 1149 1691; x_wconf 90' lang='lat' dir='ltr'><strong>Verbi</strong></span> <span class='ocrx_word' id='word_1_114' title='bbox 1186 1635 1434 1705; x_wconf 84' lang='lat' dir='ltr'><strong>dicitur,</strong></span> <span class='ocrx_word' id='word_1_115' title='bbox 1490 1639 1631 1711; x_wconf 86' lang='lat' dir='ltr'><strong>quia</strong></span> <span class='ocrx_word' id='word_1_116' title='bbox 1679 1639 1764 1695; x_wconf 86' lang='lat' dir='ltr'><strong>ita</strong></span> <span class='ocrx_word' id='word_1_117' title='bbox 1812 1643 2070 1714; x_wconf 85' lang='lat' dir='ltr'><strong>apparet</strong></span> <span class='ocrx_word' id='word_1_118' title='bbox 2118 1654 2306 1695; x_wconf 81' lang='lat' dir='ltr'><strong>coram</strong></span> <span class='ocrx_word' id='word_1_119' title='bbox 2344 1634 2529 1691; x_wconf 77' lang='lat' dir='ltr'><strong>homine</strong></span> 
     </span>
     <span class='ocr_line' id='line_1_14' title="bbox 476 1732 2531 1813; baseline -0.002 -21"><span class='ocrx_word' id='word_1_120' title='bbox 476 1734 666 1808; x_wconf 81' lang='lat' dir='ltr'><strong>male,</strong></span> <span class='ocrx_word' id='word_1_121' title='bbox 725 1742 782 1792; x_wconf 88' lang='lat' dir='ltr'><strong>et</strong></span> <span class='ocrx_word' id='word_1_122' title='bbox 831 1750 1068 1808; x_wconf 88' lang='lat' dir='ltr'><strong>quoque</strong></span> <span class='ocrx_word' id='word_1_123' title='bbox 1123 1752 1321 1793; x_wconf 87' lang='lat' dir='ltr'><strong>coram</strong></span> <span class='ocrx_word' id='word_1_124' title='bbox 1367 1736 1606 1795; x_wconf 88' lang='lat' dir='ltr'><strong>homine</strong></span> <span class='ocrx_word' id='word_1_125' title='bbox 1659 1738 1950 1813; x_wconf 86' lang='lat' dir='ltr'><strong>simplici,</strong></span> <span class='ocrx_word' id='word_1_126' title='bbox 2018 1737 2274 1796; x_wconf 81' lang='lat' dir='ltr'><strong>Verbum</strong></span> <span class='ocrx_word' id='word_1_127' title='bbox 2324 1732 2531 1793; x_wconf 83' lang='lat' dir='ltr'><strong>enimin</strong></span> 
     </span>
     <span class='ocr_line' id='line_1_15' title="bbox 470 1831 2531 1913; baseline -0.001 -23"><span class='ocrx_word' id='word_1_128' title='bbox 470 1832 649 1890; x_wconf 85' lang='lat' dir='ltr'><strong>litera</strong></span> <span class='ocrx_word' id='word_1_129' title='bbox 686 1841 779 1891; x_wconf 88' lang='lat' dir='ltr'><strong>est</strong></span> <span class='ocrx_word' id='word_1_130' title='bbox 814 1833 1140 1892; x_wconf 88' lang='lat' dir='ltr'><strong>secundum</strong></span> <span class='ocrx_word' id='word_1_131' title='bbox 1176 1840 1622 1912; x_wconf 83' lang='lat' dir='ltr'><strong>apparentiam,</strong></span> <span class='ocrx_word' id='word_1_132' title='bbox 1664 1840 1804 1913; x_wconf 88' lang='lat' dir='ltr'><strong>quia</strong></span> <span class='ocrx_word' id='word_1_133' title='bbox 1840 1838 2169 1898; x_wconf 87' lang='lat' dir='ltr'><strong>secundum</strong></span> <span class='ocrx_word' id='word_1_134' title='bbox 2206 1845 2417 1912; x_wconf 86' lang='lat' dir='ltr'><strong>captum</strong></span> <span class='ocrx_word' id='word_1_135' title='bbox 2445 1831 2531 1889; x_wconf 88' lang='lat' dir='ltr'><strong>ho-</strong></span> 
     </span>
     <span class='ocr_line' id='line_1_16' title="bbox 478 1933 2533 2015; baseline -0 -25"><span class='ocrx_word' id='word_1_136' title='bbox 478 1933 701 1993; x_wconf 88' lang='lat' dir='ltr'><strong>minum</strong></span> <span class='ocrx_word' id='word_1_137' title='bbox 736 1933 1125 2009; x_wconf 75' lang='lat' dir='ltr'><strong>naturalium3</strong></span> <span class='ocrx_word' id='word_1_138' title='bbox 1183 1944 1244 1992; x_wconf 87' lang='lat' dir='ltr'><strong>at</strong></span> <span class='ocrx_word' id='word_1_139' title='bbox 1282 1938 1425 2012; x_wconf 88' lang='lat' dir='ltr'><strong>quia</strong></span> <span class='ocrx_word' id='word_1_140' title='bbox 1462 1937 1707 2015; x_wconf 64' lang='lat' dir='ltr'><strong>Augen,</strong></span> <span class='ocrx_word' id='word_1_141' title='bbox 1748 1942 1848 2014; x_wconf 90' lang='lat' dir='ltr'><strong>qui</strong></span> <span class='ocrx_word' id='word_1_142' title='bbox 1887 1938 2229 2015; x_wconf 85' lang='lat' dir='ltr'><strong>spirituales</strong></span> <span class='ocrx_word' id='word_1_143' title='bbox 2262 1942 2398 2006; x_wconf 88' lang='lat' dir='ltr'><strong>sunt,</strong></span> <span class='ocrx_word' id='word_1_144' title='bbox 2434 1936 2533 2008; x_wconf 84' lang='lat' dir='ltr'><strong>ipsa</strong></span> 
     </span>
     <span class='ocr_line' id='line_1_17' title="bbox 475 2032 2534 2113; baseline 0.004 -22"><span class='ocrx_word' id='word_1_145' title='bbox 475 2049 622 2092; x_wconf 74' lang='lat' dir='ltr'><strong>vera</strong></span> <span class='ocrx_word' id='word_1_146' title='bbox 657 2032 846 2093; x_wconf 87' lang='lat' dir='ltr'><strong>Verbi</strong></span> <span class='ocrx_word' id='word_1_147' title='bbox 885 2052 1003 2092; x_wconf 88' lang='lat' dir='ltr'><strong>non</strong></span> <span class='ocrx_word' id='word_1_148' title='bbox 1042 2036 1246 2095; x_wconf 88' lang='lat' dir='ltr'><strong>vident</strong></span> <span class='ocrx_word' id='word_1_149' title='bbox 1280 2045 1645 2113; x_wconf 87' lang='lat' dir='ltr'><strong>apparenter</strong></span> <span class='ocrx_word' id='word_1_150' title='bbox 1685 2040 2017 2097; x_wconf 87' lang='lat' dir='ltr'><strong>secundum</strong></span> <span class='ocrx_word' id='word_1_151' title='bbox 2052 2039 2297 2097; x_wconf 85' lang='lat' dir='ltr'><strong>hominis</strong></span> <span class='ocrx_word' id='word_1_152' title='bbox 2326 2042 2534 2110; x_wconf 71' lang='lat' dir='ltr'><strong>captum,</strong></span> 
     </span>
     <span class='ocr_line' id='line_1_18' title="bbox 478 2133 2534 2212; baseline -0.003 -20"><span class='ocrx_word' id='word_1_153' title='bbox 478 2133 589 2193; x_wconf 86' lang='lat' dir='ltr'><strong>sed</strong></span> <span class='ocrx_word' id='word_1_154' title='bbox 637 2135 1052 2212; x_wconf 77' lang='lat' dir='ltr'><strong>spiritualiter,</strong></span> <span class='ocrx_word' id='word_1_155' title='bbox 1108 2137 1243 2196; x_wconf 88' lang='lat' dir='ltr'><strong>ideo</strong></span> <span class='ocrx_word' id='word_1_156' title='bbox 1291 2138 1499 2199; x_wconf 86' lang='lat' dir='ltr'><strong>talium</strong></span> <span class='ocrx_word' id='word_1_157' title='bbox 1548 2140 1868 2198; x_wconf 83' lang='lat' dir='ltr'><strong>verborum</strong></span> <span class='ocrx_word' id='word_1_158' title='bbox 1915 2157 2134 2199; x_wconf 87' lang='lat' dir='ltr'><strong>sensus</strong></span> <span class='ocrx_word' id='word_1_159' title='bbox 2179 2141 2422 2197; x_wconf 79' lang='lat' dir='ltr'><strong>inversus</strong></span> <span class='ocrx_word' id='word_1_160' title='bbox 2465 2137 2534 2189; x_wconf 77' lang='lat' dir='ltr'><strong>est</strong></span> 
     </span>
     <span class='ocr_line' id='line_1_19' title="bbox 478 2232 2531 2314; baseline -0.002 -22"><span class='ocrx_word' id='word_1_161' title='bbox 478 2235 639 2311; x_wconf 88' lang='lat' dir='ltr'><strong>apud</strong></span> <span class='ocrx_word' id='word_1_162' title='bbox 694 2235 861 2310; x_wconf 68' lang='grc'><strong>11105,</strong></span> <span class='ocrx_word' id='word_1_163' title='bbox 938 2240 1037 2312; x_wconf 91' lang='lat' dir='ltr'><strong>qui</strong></span> <span class='ocrx_word' id='word_1_164' title='bbox 1093 2239 1272 2297; x_wconf 86' lang='lat' dir='ltr'><strong>etiam</strong></span> <span class='ocrx_word' id='word_1_165' title='bbox 1328 2246 1422 2297; x_wconf 87' lang='lat' dir='ltr'><strong>est</strong></span> <span class='ocrx_word' id='word_1_166' title='bbox 1465 2256 1682 2298; x_wconf 85' lang='lat' dir='ltr'><strong>sensus</strong></span> <span class='ocrx_word' id='word_1_167' title='bbox 1741 2242 2015 2299; x_wconf 90' lang='lat' dir='ltr'><strong>internus</strong></span> <span class='ocrx_word' id='word_1_168' title='bbox 2077 2258 2182 2301; x_wconf 89' lang='lat' dir='ltr'><strong>seu</strong></span> <span class='ocrx_word' id='word_1_169' title='bbox 2241 2232 2531 2314; x_wconf 52' lang='lat' dir='ltr'><strong>spiritualis</strong></span> 
     </span>
     <span class='ocr_line' id='line_1_20' title="bbox 476 2336 2535 2418; baseline -0 -24"><span class='ocrx_word' id='word_1_170' title='bbox 476 2352 692 2413; x_wconf 86' lang='lat' dir='ltr'><strong>nempe</strong></span> <span class='ocrx_word' id='word_1_171' title='bbox 734 2337 892 2413; x_wconf 89' lang='lat' dir='ltr'><strong>quod</strong></span> <span class='ocrx_word' id='word_1_172' title='bbox 927 2340 1111 2397; x_wconf 86' lang='lat' dir='ltr'><strong>Amor</strong></span> <span class='ocrx_word' id='word_1_173' title='bbox 1146 2338 1451 2398; x_wconf 85' lang='lat' dir='ltr'><strong>infernalis</strong></span> <span class='ocrx_word' id='word_1_174' title='bbox 1491 2341 1651 2418; x_wconf 88' lang='lat' dir='ltr'><strong>apud</strong></span> <span class='ocrx_word' id='word_1_175' title='bbox 1688 2340 1990 2401; x_wconf 88' lang='lat' dir='ltr'><strong>hominem</strong></span> <span class='ocrx_word' id='word_1_176' title='bbox 2029 2343 2163 2402; x_wconf 88' lang='lat' dir='ltr'><strong>talis</strong></span> <span class='ocrx_word' id='word_1_177' title='bbox 2198 2341 2339 2417; x_wconf 83' lang='lat' dir='ltr'><strong>ignis</strong></span> <span class='ocrx_word' id='word_1_178' title='bbox 2374 2337 2458 2404; x_wconf 85' lang='lat' dir='ltr'><strong>sit,</strong></span> <span class='ocrx_word' id='word_1_179' title='bbox 2488 2336 2535 2388; x_wconf 72' lang='lat' dir='ltr'><strong>et</strong></span> 
     </span>
    </p>
   </div>
   <div class='ocr_carea' id='block_1_3' title="bbox 478 2435 2646 2722">
    <p class='ocr_par' dir='ltr' id='par_1_3' title="bbox 478 2435 2646 2722">
     <span class='ocr_line' id='line_1_21' title="bbox 478 2435 2646 2518; baseline -0.002 -24"><span class='ocrx_word' id='word_1_180' title='bbox 478 2436 687 2496; x_wconf 85' lang='lat' dir='ltr'><strong>ardeat</strong></span> <span class='ocrx_word' id='word_1_181' title='bbox 722 2454 913 2514; x_wconf 88' lang='lat' dir='ltr'><strong>usque</strong></span> <span class='ocrx_word' id='word_1_182' title='bbox 955 2438 1029 2496; x_wconf 84' lang='lat' dir='ltr'><strong>ad</strong></span> <span class='ocrx_word' id='word_1_183' title='bbox 1067 2442 1355 2499; x_wconf 85' lang='lat' dir='ltr'><strong>infernum</strong></span> <span class='ocrx_word' id='word_1_184' title='bbox 1393 2441 1684 2518; x_wconf 83' lang='lat' dir='ltr'><strong>infimum3</strong></span> <span class='ocrx_word' id='word_1_185' title='bbox 1768 2448 1828 2500; x_wconf 90' lang='lat' dir='ltr'><strong>et</strong></span> <span class='ocrx_word' id='word_1_186' title='bbox 1878 2445 2023 2518; x_wconf 83' lang='lat' dir='ltr'><strong>quia</strong></span> <span class='ocrx_word' id='word_1_187' title='bbox 2077 2444 2175 2501; x_wconf 90' lang='lat' dir='ltr'><strong>ille</strong></span> <span class='ocrx_word' id='word_1_188' title='bbox 2228 2441 2392 2517; x_wconf 84' lang='lat' dir='ltr'><strong>ignis,</strong></span> <span class='ocrx_word' id='word_1_189' title='bbox 2448 2435 2535 2492; x_wconf 76' lang='lat' dir='ltr'><strong>hoc</strong></span> <span class='ocrx_word' id='word_1_190' title='bbox 2645 2496 2646 2503; x_wconf 8' lang='grc' dir='ltr'>χ</span> 
     </span>
     <span class='ocr_line' id='line_1_22' title="bbox 478 2534 2646 2618; baseline 0.001 -24"><span class='ocrx_word' id='word_1_191' title='bbox 478 2544 601 2610; x_wconf 89' lang='lat' dir='ltr'><strong>est,</strong></span> <span class='ocrx_word' id='word_1_192' title='bbox 657 2539 758 2597; x_wconf 88' lang='lat' dir='ltr'><strong>ille</strong></span> <span class='ocrx_word' id='word_1_193' title='bbox 796 2557 961 2599; x_wconf 87' lang='lat' dir='ltr'><strong>amor</strong></span> <span class='ocrx_word' id='word_1_194' title='bbox 1014 2543 1209 2599; x_wconf 86' lang='lat' dir='ltr'><strong>omnia</strong></span> <span class='ocrx_word' id='word_1_195' title='bbox 1252 2541 1563 2601; x_wconf 81' lang='lat' dir='ltr'><strong>Ecclesiae</strong></span> <span class='ocrx_word' id='word_1_196' title='bbox 1616 2542 1777 2618; x_wconf 86' lang='lat' dir='ltr'><strong>apud</strong></span> <span class='ocrx_word' id='word_1_197' title='bbox 1823 2543 2126 2604; x_wconf 88' lang='lat' dir='ltr'><strong>hominem</strong></span> <span class='ocrx_word' id='word_1_198' title='bbox 2165 2542 2404 2602; x_wconf 83' lang='lat' dir='ltr'><strong>funditus</strong></span> <span class='ocrx_word' id='word_1_199' title='bbox 2450 2534 2536 2591; x_wconf 80' lang='lat' dir='ltr'><strong>de·</strong></span> <span class='ocrx_word' id='word_1_200' title='bbox 2645 2552 2646 2585; x_wconf 52' lang='grc'><strong>1</strong></span> 
     </span>
     <span class='ocr_line' id='line_1_23' title="bbox 478 2636 2646 2722; baseline 0 -28"><span class='ocrx_word' id='word_1_201' title='bbox 478 2642 678 2712; x_wconf 81' lang='lat' dir='ltr'><strong>struit,</strong></span> <span class='ocrx_word' id='word_1_202' title='bbox 734 2640 868 2699; x_wconf 83' lang='lat' dir='ltr'><strong>ideo</strong></span> <span class='ocrx_word' id='word_1_203' title='bbox 907 2641 1121 2699; x_wconf 90' lang='lat' dir='ltr'><strong>dicitur</strong></span> <span class='ocrx_word' id='word_1_204' title='bbox 1157 2641 1314 2717; x_wconf 87' lang='lat' dir='ltr'><strong>quod</strong></span> <span class='ocrx_word' id='word_1_205' title='bbox 1352 2642 1627 2701; x_wconf 88' lang='lat' dir='ltr'><strong>comedet</strong></span> <span class='ocrx_word' id='word_1_206' title='bbox 1662 2651 1881 2701; x_wconf 84' lang='lat' dir='ltr'><strong>terram</strong></span> <span class='ocrx_word' id='word_1_207' title='bbox 1932 2654 1992 2702; x_wconf 85' lang='lat' dir='ltr'><strong>et</strong></span> <span class='ocrx_word' id='word_1_208' title='bbox 2040 2650 2376 2722; x_wconf 84' lang='lat' dir='ltr'><strong>proventum</strong></span> <span class='ocrx_word' id='word_1_209' title='bbox 2416 2636 2536 2712; x_wconf 81' lang='lat' dir='ltr'><strong>ejus,</strong></span> <span class='ocrx_word' id='word_1_210' title='bbox 2645 2636 2646 2663; x_wconf 64' lang='lat'>¹</span> 
     </span>
    </p>
   </div>
   <div class='ocr_carea' id='block_1_4' title="bbox 475 2740 2538 3122">
    <p class='ocr_par' dir='ltr' id='par_1_4' title="bbox 475 2740 2538 3122">
     <span class='ocr_line' id='line_1_24' title="bbox 480 2740 2534 2817; baseline 0 -20"><span class='ocrx_word' id='word_1_211' title='bbox 480 2744 542 2797; x_wconf 87' lang='lat' dir='ltr'><strong>et</strong></span> <span class='ocrx_word' id='word_1_212' title='bbox 578 2740 964 2799; x_wconf 87' lang='lat' dir='ltr'><strong>inflammabit</strong></span> <span class='ocrx_word' id='word_1_213' title='bbox 1000 2741 1386 2801; x_wconf 81' lang='lat' dir='ltr'><strong>fundamenta</strong></span> <span class='ocrx_word' id='word_1_214' title='bbox 1422 2746 1735 2817; x_wconf 83' lang='lat' dir='ltr'><strong>montium,</strong></span> <span class='ocrx_word' id='word_1_215' title='bbox 1776 2750 1936 2802; x_wconf 86' lang='lat' dir='ltr'><strong>terra</strong></span> <span class='ocrx_word' id='word_1_216' title='bbox 1972 2753 2069 2803; x_wconf 88' lang='lat' dir='ltr'><strong>est</strong></span> <span class='ocrx_word' id='word_1_217' title='bbox 2106 2743 2390 2809; x_wconf 82' lang='lat' dir='ltr'><strong>Ecclesia,</strong></span> <span class='ocrx_word' id='word_1_218' title='bbox 2422 2752 2534 2812; x_wconf 85' lang='lat' dir='ltr'><strong>pro-</strong></span> 
     </span>
     <span class='ocr_line' id='line_1_25' title="bbox 478 2844 2538 2909; baseline 0.002 -16"><span class='ocrx_word' id='word_1_219' title='bbox 478 2845 695 2896; x_wconf 78' lang='lat' dir='ltr'><strong>ventus</strong></span> <span class='ocrx_word' id='word_1_220' title='bbox 739 2846 829 2897; x_wconf 85' lang='lat' dir='ltr'><strong>cst</strong></span> <span class='ocrx_word' id='word_1_221' title='bbox 880 2859 1051 2899; x_wconf 87' lang='lat' dir='ltr'><strong>omne</strong></span> <span class='ocrx_word' id='word_1_222' title='bbox 1102 2844 1449 2909; x_wconf 79' lang='lat' dir='ltr'><strong>Ecclesiae,</strong></span> <span class='ocrx_word' id='word_1_223' title='bbox 1500 2844 1886 2901; x_wconf 81' lang='lat' dir='ltr'><strong>fundamenta</strong></span> <span class='ocrx_word' id='word_1_224' title='bbox 1926 2849 2215 2904; x_wconf 83' lang='lat' dir='ltr'><strong>montium</strong></span> <span class='ocrx_word' id='word_1_225' title='bbox 2264 2850 2386 2901; x_wconf 84' lang='lat' dir='ltr'><strong>sunt</strong></span> <span class='ocrx_word' id='word_1_226' title='bbox 2427 2848 2538 2893; x_wconf 67' lang='lat' dir='ltr'><strong>vera</strong></span> 
     </span>
     <span class='ocr_line' id='line_1_26' title="bbox 478 2938 2534 3020; baseline 0.001 -27"><span class='ocrx_word' id='word_1_227' title='bbox 478 2950 662 3012; x_wconf 85' lang='lat' dir='ltr'><strong>super</strong></span> <span class='ocrx_word' id='word_1_228' title='bbox 699 2938 914 3012; x_wconf 88' lang='lat' dir='ltr'><strong>quibus</strong></span> <span class='ocrx_word' id='word_1_229' title='bbox 955 2941 1276 3001; x_wconf 87' lang='lat' dir='ltr'><strong>fundantur</strong></span> <span class='ocrx_word' id='word_1_230' title='bbox 1314 2944 1473 3001; x_wconf 87' lang='lat' dir='ltr'><strong>bona</strong></span> <span class='ocrx_word' id='word_1_231' title='bbox 1508 2947 1725 3003; x_wconf 88' lang='lat' dir='ltr'><strong>amoris</strong></span> <span class='ocrx_word' id='word_1_232' title='bbox 1744 2989 1759 3018; x_wconf 88' lang='lat'>‚</span> <span class='ocrx_word' id='word_1_233' title='bbox 1801 2963 1953 3020; x_wconf 87' lang='lat' dir='ltr'><strong>quae</strong></span> <span class='ocrx_word' id='word_1_234' title='bbox 1989 2945 2335 3004; x_wconf 81' lang='lat' dir='ltr'><strong>inflammari</strong></span> <span class='ocrx_word' id='word_1_235' title='bbox 2366 2940 2534 2997; x_wconf 85' lang='lat' dir='ltr'><strong>dicun·</strong></span> 
     </span>
     <span class='ocr_line' id='line_1_27' title="bbox 475 3037 2535 3122; baseline 0.005 -29"><span class='ocrx_word' id='word_1_236' title='bbox 475 3044 574 3094; x_wconf 88' lang='lat' dir='ltr'><strong>tur</strong></span> <span class='ocrx_word' id='word_1_237' title='bbox 614 3037 690 3094; x_wconf 92' lang='lat' dir='ltr'><strong>ab</strong></span> <span class='ocrx_word' id='word_1_238' title='bbox 725 3040 859 3112; x_wconf 86' lang='lat' dir='ltr'><strong>igne</strong></span> <span class='ocrx_word' id='word_1_239' title='bbox 897 3043 1115 3098; x_wconf 86' lang='lat' dir='ltr'><strong>amoris</strong></span> <span class='ocrx_word' id='word_1_240' title='bbox 1153 3044 1247 3099; x_wconf 89' lang='lat' dir='ltr'><strong>sui</strong></span> <span class='ocrx_word' id='word_1_241' title='bbox 1292 3050 1351 3100; x_wconf 91' lang='lat' dir='ltr'><strong>et</strong></span> <span class='ocrx_word' id='word_1_242' title='bbox 1386 3044 1608 3103; x_wconf 89' lang='lat' dir='ltr'><strong>mundi.</strong></span> <span class='ocrx_word' id='word_1_243' title='bbox 1664 3045 1845 3122; x_wconf 89' lang='lat' dir='ltr'><strong>Apud</strong></span> <span class='ocrx_word' id='word_1_244' title='bbox 1884 3046 2182 3105; x_wconf 85' lang='lat' dir='ltr'><strong>Davidem</strong></span> <span class='ocrx_word' id='word_1_245' title='bbox 2222 3042 2535 3119; x_wconf 73' lang='lat' dir='ltr'><em>„wa88⁰</em></span> 
     </span>
    </p>
   </div>
   <div class='ocr_carea' id='block_1_5' title="bbox 474 3142 2533 3324">
    <p class='ocr_par' dir='ltr' id='par_1_5' title="bbox 474 3142 2533 3324">
     <span class='ocr_line' id='line_1_28' title="bbox 474 3142 2533 3222; baseline 0.003 -28"><span class='ocrx_word' id='word_1_246' title='bbox 474 3143 569 3196; x_wconf 77' lang='lat' dir='ltr'><strong>est</strong></span> <span class='ocrx_word' id='word_1_247' title='bbox 612 3143 672 3196; x_wconf 82' lang='lat' dir='ltr'><strong>et</strong></span> <span class='ocrx_word' id='word_1_248' title='bbox 712 3142 1018 3197; x_wconf 83' lang='lat' dir='ltr'><strong>commota</strong></span> <span class='ocrx_word' id='word_1_249' title='bbox 1058 3145 1258 3214; x_wconf 63' lang='lat' dir='ltr'><strong>twa,</strong></span> <span class='ocrx_word' id='word_1_250' title='bbox 1327 3149 1386 3201; x_wconf 78' lang='lat' dir='ltr'><strong>et</strong></span> <span class='ocrx_word' id='word_1_251' title='bbox 1426 3144 1859 3222; x_wconf 75' lang='lat' dir='ltr'><strong>fundamenta</strong></span> <span class='ocrx_word' id='word_1_252' title='bbox 1893 3148 2203 3208; x_wconf 75' lang='lat' dir='ltr'><strong>montium</strong></span> <span class='ocrx_word' id='word_1_253' title='bbox 2239 3147 2533 3206; x_wconf 75' lang='lat' dir='ltr'><strong>contremu-</strong></span> 
     </span>
     <span class='ocr_line' id='line_1_29' title="bbox 475 3237 2531 3324; baseline 0.005 -28"><span class='ocrx_word' id='word_1_254' title='bbox 475 3242 658 3297; x_wconf 68' lang='lat' dir='ltr'><strong>erunt</strong></span> <span class='ocrx_word' id='word_1_255' title='bbox 704 3243 763 3297; x_wconf 76' lang='lat' dir='ltr'><strong>et</strong></span> <span class='ocrx_word' id='word_1_256' title='bbox 819 3247 1278 3302; x_wconf 75' lang='lat' dir='ltr'><strong>commoverunt</strong></span> <span class='ocrx_word' id='word_1_257' title='bbox 1332 3261 1432 3317; x_wconf 77' lang='lat' dir='ltr'><strong>se,</strong></span> <span class='ocrx_word' id='word_1_258' title='bbox 1501 3245 1752 3324; x_wconf 78' lang='lat' dir='ltr'><strong>quando</strong></span> <span class='ocrx_word' id='word_1_259' title='bbox 1814 3246 2067 3307; x_wconf 72' lang='lat' dir='ltr'><strong>exarsit</strong></span> <span class='ocrx_word' id='word_1_260' title='bbox 2129 3245 2272 3307; x_wconf 62' lang='lat' dir='ltr'><strong>itm</strong></span> <span class='ocrx_word' id='word_1_261' title='bbox 2344 3237 2531 3301; x_wconf 72' lang='lat' dir='ltr'><strong>PSalffl³</strong></span> 
     </span>
    </p>
   </div>
   <div class='ocr_carea' id='block_1_6' title="bbox 470 3335 2532 3624">
    <p class='ocr_par' dir='ltr' id='par_1_6' title="bbox 470 3335 2532 3624">
     <span class='ocr_line' id='line_1_30' title="bbox 472 3335 2530 3424; baseline 0.005 -29"><span class='ocrx_word' id='word_1_262' title='bbox 472 3335 716 3398; x_wconf 83' lang='lat' dir='ltr'><strong>XVIII:</strong></span> <span class='ocrx_word' id='word_1_263' title='bbox 763 3343 828 3413; x_wconf 79' lang='lat'><strong>83</strong></span> <span class='ocrx_word' id='word_1_264' title='bbox 884 3359 993 3416; x_wconf 88' lang='lat' dir='ltr'><strong>per</strong></span> <span class='ocrx_word' id='word_1_265' title='bbox 1033 3340 1184 3401; x_wconf 87' lang='lat' dir='ltr'><strong>haec</strong></span> <span class='ocrx_word' id='word_1_266' title='bbox 1225 3343 1443 3402; x_wconf 87' lang='lat' dir='ltr'><strong>similia</strong></span> <span class='ocrx_word' id='word_1_267' title='bbox 1478 3347 1912 3422; x_wconf 83' lang='lat' dir='ltr'><strong>intelliguntur3</strong></span> <span class='ocrx_word' id='word_1_268' title='bbox 1969 3347 2077 3407; x_wconf 91' lang='lat' dir='ltr'><strong>sed</strong></span> <span class='ocrx_word' id='word_1_269' title='bbox 2124 3364 2273 3424; x_wconf 88' lang='lat' dir='ltr'><strong>quae</strong></span> <span class='ocrx_word' id='word_1_270' title='bbox 2308 3336 2530 3416; x_wconf 79' lang='lat' dir='ltr'><strong>singilla-</strong></span> 
     </span>
     <span class='ocr_line' id='line_1_31' title="bbox 474 3438 2532 3523; baseline 0.004 -26"><span class='ocrx_word' id='word_1_271' title='bbox 474 3441 576 3498; x_wconf 88' lang='lat' dir='ltr'><strong>tim</strong></span> <span class='ocrx_word' id='word_1_272' title='bbox 617 3440 915 3518; x_wconf 84' lang='lat' dir='ltr'><strong>explicata</strong></span> <span class='ocrx_word' id='word_1_273' title='bbox 953 3442 1268 3502; x_wconf 87' lang='lat' dir='ltr'><strong>videantur</strong></span> <span class='ocrx_word' id='word_1_274' title='bbox 1304 3460 1490 3520; x_wconf 86' lang='lat' dir='ltr'><strong>supra</strong></span> <span class='ocrx_word' id='word_1_275' title='bbox 1527 3465 1583 3506; x_wconf 84' lang='lat' dir='ltr'><strong>n:</strong></span> <span class='ocrx_word' id='word_1_276' title='bbox 1625 3450 1788 3507; x_wconf 89' lang='lat'>400.</span> <span class='ocrx_word' id='word_1_277' title='bbox 1847 3447 2027 3523; x_wconf 90' lang='lat' dir='ltr'><strong>Apud</strong></span> <span class='ocrx_word' id='word_1_278' title='bbox 2053 3448 2313 3506; x_wconf 88' lang='lat' dir='ltr'><strong>Eundem</strong></span> <span class='ocrx_word' id='word_1_279' title='bbox 2342 3438 2532 3518; x_wconf 58' lang='lat' dir='ltr'><strong>„Dm</strong></span> 
     </span>
     <span class='ocr_line' id='line_1_32' title="bbox 470 3533 2531 3624; baseline 0 -25"><span class='ocrx_word' id='word_1_280' title='bbox 470 3539 650 3613; x_wconf 76' lang='lat' dir='ltr'><strong>nobis</strong></span> <span class='ocrx_word' id='word_1_281' title='bbox 697 3541 1054 3622; x_wconf 67' lang='lat' dir='ltr'><strong>rqfaye&#39;um,</strong></span> <span class='ocrx_word' id='word_1_282' title='bbox 1112 3550 1443 3624; x_wconf 78' lang='lat' dir='ltr'><strong>propterea</strong></span> <span class='ocrx_word' id='word_1_283' title='bbox 1495 3564 1619 3606; x_wconf 76' lang='lat' dir='ltr'><strong>non</strong></span> <span class='ocrx_word' id='word_1_284' title='bbox 1673 3548 2062 3623; x_wconf 72' lang='lat' dir='ltr'><strong>timebimus,</strong></span> <span class='ocrx_word' id='word_1_285' title='bbox 2130 3566 2266 3610; x_wconf 76' lang='lat' dir='ltr'><strong>cum</strong></span> <span class='ocrx_word' id='word_1_286' title='bbox 2301 3533 2531 3602; x_wconf 73' lang='lat' dir='ltr'><strong>mutabi-</strong></span> 
     </span>
    </p>
   </div>
   <div class='ocr_carea' id='block_1_7' title="bbox 362 3643 2528 3718">
    <p class='ocr_par' dir='ltr' id='par_1_7' title="bbox 362 3643 2528 3718">
     <span class='ocr_line' id='line_1_33' title="bbox 362 3643 2528 3718; baseline 0.004 -20"><span class='ocrx_word' id='word_1_287' title='bbox 362 3658 373 3669; x_wconf 81' lang='lat'>·</span> <span class='ocrx_word' id='word_1_288' title='bbox 474 3644 583 3701; x_wconf 75' lang='lat' dir='ltr'><strong>tur</strong></span> <span class='ocrx_word' id='word_1_289' title='bbox 634 3647 834 3718; x_wconf 74' lang='lat' dir='ltr'><strong>terra,</strong></span> <span class='ocrx_word' id='word_1_290' title='bbox 902 3648 960 3702; x_wconf 78' lang='lat' dir='ltr'><strong>et</strong></span> <span class='ocrx_word' id='word_1_291' title='bbox 1014 3662 1155 3706; x_wconf 67' lang='lat' dir='ltr'><strong>&lt;rum</strong></span> <span class='ocrx_word' id='word_1_292' title='bbox 1204 3646 1744 3708; x_wconf 75' lang='lat' dir='ltr'><strong>commovebuntur</strong></span> <span class='ocrx_word' id='word_1_293' title='bbox 1796 3657 2037 3710; x_wconf 77' lang='lat' dir='ltr'><strong>montes</strong></span> <span class='ocrx_word' id='word_1_294' title='bbox 2087 3649 2154 3709; x_wconf 74' lang='lat' dir='ltr'><strong>in</strong></span> <span class='ocrx_word' id='word_1_295' title='bbox 2210 3643 2382 3708; x_wconf 75' lang='lat' dir='ltr'><strong>corde</strong></span> <span class='ocrx_word' id='word_1_296' title='bbox 2422 3653 2528 3697; x_wconf 72' lang='lat' dir='ltr'><strong>ma‘</strong></span> 
     </span>
    </p>
   </div>
   <div class='ocr_carea' id='block_1_8' title="bbox 469 3740 2531 4329">
    <p class='ocr_par' dir='ltr' id='par_1_8' title="bbox 469 3740 2531 4329">
     <span class='ocr_line' id='line_1_34' title="bbox 469 3740 2528 3830; baseline -0 -25"><span class='ocrx_word' id='word_1_297' title='bbox 469 3740 644 3800; x_wconf 76' lang='lat' dir='ltr'><strong>rium</strong></span> <span class='ocrx_word' id='word_1_298' title='bbox 658 3762 688 3814; x_wconf 89' lang='lat'><strong>,·</strong></span> <span class='ocrx_word' id='word_1_299' title='bbox 742 3742 1325 3815; x_wconf 75' lang='lat' dir='ltr'><strong>tumultuabuntur,</strong></span> <span class='ocrx_word' id='word_1_300' title='bbox 1385 3747 1806 3809; x_wconf 74' lang='lat' dir='ltr'><strong>turbabantur</strong></span> <span class='ocrx_word' id='word_1_301' title='bbox 1855 3769 2056 3828; x_wconf 82' lang='lat' dir='ltr'><strong>aquae</strong></span> <span class='ocrx_word' id='word_1_302' title='bbox 2105 3749 2236 3830; x_wconf 53' lang='lat' dir='ltr'><strong>ejus</strong></span> <span class='ocrx_word' id='word_1_303' title='bbox 2249 3792 2266 3822; x_wconf 82' lang='lat'><em>,</em></span> <span class='ocrx_word' id='word_1_304' title='bbox 2335 3743 2528 3804; x_wconf 66' lang='lat' dir='ltr'><strong>contre·</strong></span> 
     </span>
     <span class='ocr_line' id='line_1_35' title="bbox 470 3836 2526 3930; baseline 0.002 -31"><span class='ocrx_word' id='word_1_305' title='bbox 470 3840 733 3902; x_wconf 69' lang='lat' dir='ltr'><strong>miscent</strong></span> <span class='ocrx_word' id='word_1_306' title='bbox 766 3849 1005 3903; x_wconf 76' lang='lat' dir='ltr'><strong>montes</strong></span> <span class='ocrx_word' id='word_1_307' title='bbox 1047 3845 1116 3904; x_wconf 75' lang='lat' dir='ltr'><strong>in</strong></span> <span class='ocrx_word' id='word_1_308' title='bbox 1169 3844 1560 3907; x_wconf 67' lang='lat' dir='ltr'><strong>eoealtatiorw</strong></span> <span class='ocrx_word' id='word_1_309' title='bbox 1608 3848 1786 3930; x_wconf 55' lang='lat' dir='ltr'><strong>eju-9⁶²</strong></span> <span class='ocrx_word' id='word_1_310' title='bbox 1829 3849 2063 3909; x_wconf 83' lang='lat' dir='ltr'><strong>Psalm:</strong></span> <span class='ocrx_word' id='word_1_311' title='bbox 2111 3847 2334 3908; x_wconf 86' lang='lat' dir='ltr'><strong>XLVI:</strong></span> <span class='ocrx_word' id='word_1_312' title='bbox 2398 3845 2445 3899; x_wconf 75' lang='lat'><strong>2·</strong></span> <span class='ocrx_word' id='word_1_313' title='bbox 2481 3836 2526 3891; x_wconf 90' lang='lat'><strong>3·</strong></span> 
     </span>
     <span class='ocr_line' id='line_1_36' title="bbox 476 3931 2531 4026; baseline 0.002 -25"><span class='ocrx_word' id='word_1_314' title='bbox 476 3943 551 4013; x_wconf 77' lang='lat'><strong>45</strong></span> <span class='ocrx_word' id='word_1_315' title='bbox 622 3941 772 4001; x_wconf 86' lang='lat' dir='ltr'><strong>haec</strong></span> <span class='ocrx_word' id='word_1_316' title='bbox 833 3962 1069 4019; x_wconf 87' lang='lat' dir='ltr'><strong>quoque</strong></span> <span class='ocrx_word' id='word_1_317' title='bbox 1122 3945 1421 4020; x_wconf 83' lang='lat' dir='ltr'><strong>explicata</strong></span> <span class='ocrx_word' id='word_1_318' title='bbox 1474 3948 1788 4007; x_wconf 89' lang='lat' dir='ltr'><strong>videantur</strong></span> <span class='ocrx_word' id='word_1_319' title='bbox 1835 3953 2033 4026; x_wconf 87' lang='lat' dir='ltr'><strong>prius,</strong></span> <span class='ocrx_word' id='word_1_320' title='bbox 2115 3969 2182 4008; x_wconf 87' lang='lat' dir='ltr'><strong>n:</strong></span> <span class='ocrx_word' id='word_1_321' title='bbox 2248 3948 2372 4008; x_wconf 87' lang='grc'><strong>304</strong></span> <span class='ocrx_word' id='word_1_322' title='bbox 2387 3962 2402 4017; x_wconf 85' lang='lat'>3</span> <span class='ocrx_word' id='word_1_323' title='bbox 2467 3931 2531 3994; x_wconf 70' lang='lat' dir='ltr'><strong>ibi</strong></span> 
     </span>
     <span class='ocr_line' id='line_1_37' title="bbox 470 4036 2528 4122; baseline 0 -26"><span class='ocrx_word' id='word_1_324' title='bbox 470 4055 710 4114; x_wconf 88' lang='lat' dir='ltr'><strong>quoque</strong></span> <span class='ocrx_word' id='word_1_325' title='bbox 749 4042 891 4114; x_wconf 89' lang='lat' dir='ltr'><strong>quid</strong></span> <span class='ocrx_word' id='word_1_326' title='bbox 925 4042 1294 4116; x_wconf 85' lang='lat' dir='ltr'><strong>significatur</strong></span> <span class='ocrx_word' id='word_1_327' title='bbox 1329 4063 1442 4118; x_wconf 88' lang='lat' dir='ltr'><strong>per</strong></span> <span class='ocrx_word' id='word_1_328' title='bbox 1491 4048 1649 4122; x_wconf 88' lang='lat' dir='ltr'><strong>quod</strong></span> <span class='ocrx_word' id='word_1_329' title='bbox 1684 4058 1917 4108; x_wconf 88' lang='lat' dir='ltr'><strong>montes</strong></span> <span class='ocrx_word' id='word_1_330' title='bbox 1963 4048 2456 4110; x_wconf 75' lang='lat' dir='ltr'><strong>commovebuntur</strong></span> <span class='ocrx_word' id='word_1_331' title='bbox 2483 4036 2528 4090; x_wconf 83' lang='lat'><strong>1‘11</strong></span> 
     </span>
     <span class='ocr_line' id='line_1_38' title="bbox 472 4135 2527 4213; baseline 0.007 -26"><span class='ocrx_word' id='word_1_332' title='bbox 472 4135 649 4190; x_wconf 85' lang='lat' dir='ltr'><strong>corde</strong></span> <span class='ocrx_word' id='word_1_333' title='bbox 695 4139 973 4211; x_wconf 86' lang='lat' dir='ltr'><strong>marium,</strong></span> <span class='ocrx_word' id='word_1_334' title='bbox 1031 4145 1090 4196; x_wconf 89' lang='lat' dir='ltr'><strong>et</strong></span> <span class='ocrx_word' id='word_1_335' title='bbox 1138 4142 1295 4213; x_wconf 88' lang='lat' dir='ltr'><strong>quod</strong></span> <span class='ocrx_word' id='word_1_336' title='bbox 1336 4154 1567 4204; x_wconf 86' lang='lat' dir='ltr'><strong>montes</strong></span> <span class='ocrx_word' id='word_1_337' title='bbox 1605 4153 2064 4211; x_wconf 85' lang='lat' dir='ltr'><strong>contremiscent</strong></span> <span class='ocrx_word' id='word_1_338' title='bbox 2102 4154 2161 4210; x_wconf 90' lang='lat' dir='ltr'><strong>in</strong></span> <span class='ocrx_word' id='word_1_339' title='bbox 2199 4142 2527 4209; x_wconf 69' lang='lat' dir='ltr'><strong>exaltatione,</strong></span> 
     </span>
     <span class='ocr_line' id='line_1_39' title="bbox 471 4233 2530 4329; baseline 0.008 -43"><span class='ocrx_word' id='word_1_340' title='bbox 471 4242 685 4302; x_wconf 76' lang='lat' dir='ltr'><strong>nempe</strong></span> <span class='ocrx_word' id='word_1_341' title='bbox 723 4233 886 4303; x_wconf 82' lang='lat' dir='ltr'><strong>quod</strong></span> <span class='ocrx_word' id='word_1_342' title='bbox 927 4235 1086 4292; x_wconf 85' lang='lat' dir='ltr'><strong>mala</strong></span> <span class='ocrx_word' id='word_1_343' title='bbox 1136 4252 1401 4298; x_wconf 88' lang='lat' dir='ltr'><strong>amorum</strong></span> <span class='ocrx_word' id='word_1_344' title='bbox 1439 4246 1533 4301; x_wconf 86' lang='lat' dir='ltr'><strong>sui</strong></span> <span class='ocrx_word' id='word_1_345' title='bbox 1583 4251 1641 4304; x_wconf 86' lang='lat' dir='ltr'><strong>ct</strong></span> <span class='ocrx_word' id='word_1_346' title='bbox 1683 4236 1882 4307; x_wconf 83' lang='lat' dir='ltr'><strong>mundi</strong></span> <span class='ocrx_word' id='word_1_347' title='bbox 1922 4253 2317 4329; x_wconf 76' lang='lat' dir='ltr'><strong>pei-stringent</strong></span> <span class='ocrx_word' id='word_1_348' title='bbox 2347 4252 2530 4302; x_wconf 77' lang='lat' dir='ltr'><strong>secun·</strong></span> 
     </span>
    </p>
   </div>
  </div>
 </body>
</html>
