2791 4778
466 361 535 412 12
642 426 649 433 ο
790 346 1284 403 APOCALYPSIS
1326 347 1763 405 EXPLICATA.
1830 347 1878 416 §.
1920 357 2049 409 299·
2094 356 2224 410 3002

466 514 530 569 et
579 508 878 567 hominem
931 506 1008 566 ad
1055 508 1373 584 imaginem
1412 503 1609 580 Coeli,
1679 512 2044 583 quapropter
2089 505 2151 566 Is
2208 509 2323 567 scit
2384 510 2585 568 omnia

467 607 640 668 Coeli
663 609 724 666 in
753 610 1066 681 communi,
1107 613 1167 666 et
1204 609 1303 683 qui
1331 608 1445 665 seit
1470 608 1669 679 omnia
1697 605 1867 666 Coeli
1899 609 1957 665 in
1988 608 2304 681 communi,
2337 610 2389 667 is
2427 625 2580 684 quo-

465 725 584 785 que
621 709 735 766 scit
770 709 1227 784 unumquemvis
1265 709 1326 765 in
1359 706 1741 782 particulari,
1793 723 1930 764 nam
1965 706 2142 765 homo
2192 709 2293 782 qui
2326 709 2387 773 in
2421 709 2580 766 veris

465 825 544 868 ex
574 806 732 866 bono
771 814 866 866 est
901 814 961 865 et
986 805 1257 883 Angelus
1287 811 1381 864 est
1405 808 1603 882 imago
1635 805 1820 880 Coeli,
1864 812 1956 864 est
1993 809 2147 866 enim
2183 807 2373 866 forma
2411 807 2577 884 ejus3

463 907 605 967 inde
643 924 879 985 quoque
907 908 1204 983 sequitur,
1244 904 1407 981 quod
1439 922 1612 965 nemo
1649 907 1802 964 sciat
1836 905 2089 984 alicujus
2118 912 2310 965 status
2348 909 2407 965 in
2434 924 2579 983 par-

463 1006 719 1081 ticulari,
759 1009 879 1066 nisi
912 1007 1013 1082 qui
1049 1008 1163 1065 scit
1191 1012 1410 1064 statum
1449 1008 1709 1064 omnium
1745 1023 2134 1080 communem,
2172 1006 2395 1082 pendet
2425 1009 2582 1065 enim

461 1106 757 1167 indivulse
809 1124 993 1165 unum
1040 1106 1116 1164 ab
1154 1106 1375 1165 altero:
1432 1105 1542 1164 sed
1574 1105 1727 1165 haec
1763 1122 1879 1164 non
1916 1109 2128 1182 paucis
2163 1113 2418 1182 possunt
2469 1105 2579 1165 de-

461 1206 675 1279 scribi,
734 1223 919 1282 quare
956 1206 1269 1265 videantur
1305 1223 1460 1281 quae
1495 1207 1557 1263 in
1594 1204 1794 1282 Opere
1831 1205 1905 1264 de
1946 1204 2152 1265 Cor-Lo
2184 1224 2261 1265 m·
2297 1207 2581 1265 Inmane

464 1311 712 1366 ostensa
771 1312 942 1378 sunt,
999 1305 1104 1364 ubi
1165 1305 1497 1364 distinctius
1548 1311 1608 1364 et
1650 1307 2028 1382 perspicuius
2080 1305 2230 1364 baec
2278 1306 2583 1382 descripta

259 1405 422 1469 [350]
463 1413 638 1482 sunt,
692 1407 755 1464 in
791 1406 1181 1483 sequentibus
1216 1405 1308 1464 his
1346 1406 1613 1465 articulis
1635 1449 1652 1480 ,
1693 1406 1853 1483 quod
1886 1406 2172 1464 Divinum
2207 1407 2448 1466 Domini
2482 1406 2577 1464 fa-

463 1508 583 1567 ciat
633 1505 911 1580 Coelum,
965 1526 1038 1565 n:
1086 1513 1117 1566 7
1179 1504 1258 1564 ad
1298 1508 1417 1565 12:
1482 1505 1640 1582 quod
1699 1508 2109 1583 unusquisque
2170 1505 2440 1583 Angelus
2502 1506 2582 1564 sit

462 1605 709 1666 Coelum
753 1608 815 1664 in
862 1609 1103 1665 minima
1152 1606 1376 1680 forma,
1433 1624 1507 1665 n:
1562 1607 1643 1666 51
1701 1606 1778 1666 ad
1831 1608 1954 1666 58:
2018 1606 2179 1682 quod
2232 1609 2580 1669 universum

463 1704 712 1767 Ocelum
756 1709 819 1764 in
855 1706 1170 1783 complexu
1221 1706 1444 1765 referat
1491 1724 1672 1765 unum
1708 1707 2036 1781 hominem,
2091 1724 2164 1764 n:
2209 1708 2294 1766 59
2348 1706 2424 1765 ad
2466 1708 2580 1765 67:

457 1807 686 1882 pariter
712 1809 1081 1884 unaquaevis
1113 1808 1371 1864 societas
1399 1806 1500 1877 ibi,
1538 1823 1612 1864 n:
1651 1809 1738 1866 68
1771 1807 1851 1866 ad
1884 1812 1915 1865 7
1931 1810 1993 1866 2:
2033 1806 2194 1882 quod
2220 1807 2359 1865 inde
2389 1822 2579 1864 unus-

463 1907 718 1982 quisque
747 1906 1018 1982 Angelus
1055 1908 1131 1964 sit
1165 1908 1224 1964 in
1261 1907 1532 1982 perfecta
1566 1905 1757 1965 forma
1788 1907 2078 1982 humana,
2116 1925 2185 1966 n:
2223 1909 2307 1966 73
2349 1905 2425 1965 ad
2468 1911 2500 1964 7
2519 1910 2578 1964 7:

465 2005 626 2082 quod
662 2004 908 2064 Coelum
943 2007 1004 2063 in
1040 2012 1161 2064 toto
1202 2010 1262 2064 et
1294 2007 1355 2065 in
1388 2013 1562 2083 parte
1597 2007 1822 2067 reserat
1844 2007 2162 2082 hominem,
2202 2007 2361 2083 quod
2395 2007 2474 2065 sit
2510 2023 2581 2067 ex

462 2105 684 2168 Divino
720 2105 996 2164 Humano
1032 2105 1289 2179 Domini,
1329 2123 1403 2164 n:
1449 2110 1533 2167 78
1575 2105 1651 2164 ad
1693 2110 1805 2166 87:
1859 2106 2019 2183 quod
2055 2105 2583 2183 correspondentia

464 2206 542 2264 sit
579 2206 839 2263 omnium
877 2204 1043 2264 Coeli
1096 2223 1231 2264 cum
1269 2206 1539 2265 omnibus
1574 2206 1858 2283 hominia,
1908 2225 1985 2265 n:
2028 2208 2111 2266 87
2157 2206 2233 2265 ad
2279 2208 2448 2266 102:
2506 2206 2581 2266 de

464 2305 879 2382 conjunctione
935 2304 1102 2364 Coeli
1161 2323 1293 2364 cum
1338 2306 1615 2365 Humano
1678 2324 1935 2384 genere,
1997 2325 2073 2365 n:
2117 2309 2248 2366 291
2297 2307 2373 2366 ad
2416 2307 2578 2366 302.

465 2404 786 2466 Sciendum
824 2412 950 2477 est,
1005 2406 1163 2483 quod
1197 2406 1294 2466 hic
1331 2414 1390 2465 et
1427 2407 1570 2466 alibi
1603 2410 1665 2467 in
1700 2408 1903 2468 Verbo
1953 2407 2184 2466 dicatur
2219 2393 2580 2486 Liber,’sed

463 2506 622 2582 quod
655 2524 768 2583 per
799 2506 966 2566 illum
1003 2507 1375 2584 intelligatur
1409 2506 1741 2581 Volumen;
1797 2510 2055 2584 antiquis
2094 2510 2246 2567 enim
2284 2507 2577 2582 tempori-

460 2606 573 2665 bus
610 2610 900 2683 scriptum
936 2608 1047 2666 fuit
1082 2624 1268 2683 super
1300 2608 1704 2682 Membranis,
1748 2625 1902 2684 quae
1939 2608 2482 2681 convolvebantur,
2521 2612 2583 2665 et

462 2705 809 2764 membrana
843 2706 1171 2766 vocabatur
1204 2706 1387 2766 Liber
1425 2714 1486 2767 et
1521 2707 1819 2767 Volumen
1851 2707 2016 2783 libri,
2056 2715 2122 2767 ut
2162 2724 2399 2785 quoque
2436 2723 2581 2789 con-

464 2810 626 2864 stare
660 2811 861 2881 potest
897 2823 970 2864 ex
1005 2805 1243 2881 Verb03
1300 2814 1368 2865 ut
1404 2808 1565 2883 apud
1599 2808 1979 2870 Ezechielem
2016 2850 2054 2881 ,‚
2078 2806 2235 2870 Vidi
2274 2826 2415 2871 oum
2451 2823 2581 2866 ecce
2655 2797 2664 2800 “

462 2922 693 2966 manus
726 2904 964 2965 emissa
1002 2903 1092 2965 ad
1125 2923 1238 2979 me,
1275 2910 1334 2964 et
1371 2924 1501 2966 ecce
1537 2907 1606 2967 in
1631 2926 1706 2967 ea
1746 2905 2047 2969 Volumen
2080 2905 2233 2969 libri
2266 2908 2583 2987 scriptum

464 3010 612 3066 ante
643 3010 704 3065 et
727 3007 929 3083 φορμ(
965 3003 1058 3064 II:
1097 3007 1155 3063 9.
1193 3008 1315 3065 10:
1356 3012 1416 3066 et
1453 3008 1616 3083 apud
1649 3007 1946 3067 Davidem
1985 3006 2207 3082 „Tum
2236 3007 2417 3078 dioei,
2454 3024 2584 3068 ecce

463 3103 640 3165 venio
652 3149 670 3180 ,
708 3104 780 3164 in
820 3101 1151 3167 Volumina
1175 3102 1326 3167 libri
1349 3106 1658 3186 scriptum
1694 3106 1893 3168 estole
1917 3110 2059 3168 me“
2095 3108 2318 3168 Psalm:
2346 3108 2480 3169 XL:
2515 3108 2577 3165 8:

464 3213 832 3283 quapropter
858 3205 1073 3264 dicitur
1098 3206 1258 3282 apud
1281 3207 1526 3284 Esajam
1554 3251 1593 3283 „
1606 3206 2003 3269 Cantabescet
2030 3208 2235 3269 omnis
2263 3205 2581 3269 exereitus

366 3321 381 3338 ⁸
464 3301 801 3380 coelorum,
855 3309 916 3365 et
961 3300 1133 3366 Coeli
1173 3304 1612 3370 convolveretur
1648 3308 1817 3369 siout
1869 3304 2172 3371 Volumen
2194 3311 2232 3343 “
2280 3306 2578 3368 XXXIV:

468 3409 544 3464 4:
598 3404 870 3465 similiter
903 3406 964 3463 in
997 3404 1370 3484 Apocalypsi
1405 3450 1444 3481 „
1457 3404 1712 3468 Ocelum
1747 3407 2053 3469 abscessit
2085 3407 2253 3469 sicut
2287 3405 2443 3469 liber
2468 3404 2580 3485 qui

463 3501 900 3566 convolvitur“
942 3504 1060 3565 VI:
1121 3509 1238 3583 143
1295 3525 1371 3566 ex
1414 3508 1508 3566 his
1565 3509 1707 3567 sciri
1748 3513 1979 3585 potest,
2038 3508 2332 3584 quomodo
2378 3506 2579 3577 Liber,

464 3606 570 3682 qui
601 3605 864 3666 Johanni
897 3606 1097 3679 visuS,
1153 3608 1414 3685 scriptus
1452 3612 1546 3667 est
1577 3609 1739 3666 intus
1779 3615 1840 3667 et
1873 3625 1910 3667 a
1945 3614 2132 3685 tergo.

621 3706 782 3764 300.
838 3704 1230 3782 Obsignatum
1266 3706 1480 3782 sigillis
1522 3712 1774 3783 septem,
1813 3707 1972 3785 quod
2001 3708 2296 3785 significet
2329 3721 2580 3784 prorsus

464 3804 862 3877 reconditum,
914 3822 1130 3882 nempe
1166 3812 1389 3865 statum
1426 3810 1584 3866 vitae
1623 3810 1882 3866 omnium
1916 3810 1975 3866 in
2006 3807 2189 3867 Coelo
2228 3809 2371 3867 etin
2399 3812 2577 3881 terra,

462 3910 702 3964 constat
749 3920 823 3964 ex
859 3904 1289 3981 significatione
1339 3907 1639 3985 obsignari
1689 3908 1933 3984 sigilliS,
2001 3908 2158 3985 quod
2204 3910 2285 3968 sit
2317 3905 2579 3981 recondi,

460 4021 598 4063 nam
661 4004 802 4081 quid
849 4007 912 4064 in
952 4005 1116 4065 -libro
1166 4007 1481 4083 obsignato
1534 4007 1745 4083 sigillis
1802 4010 2174 4083 continetur,
2239 4023 2413 4068 nemo
2466 4007 2581 4065 scit

459 4105 811 4182 priusquam
874 4108 1140 4183 aperitur
1189 4112 1249 4166 et
1288 4105 1541 4183 legitur3
1611 4113 1669 4166 et
1717 4126 1792 4167 ex
1843 4108 2274 4186 significatione
2325 4111 2577 4183 septem,

464 4205 623 4283 quod
674 4208 793 4267 sint
845 4221 1050 4266 omnes
1106 4213 1166 4266 et
1218 4207 1443 4284 omnia,
1509 4222 1578 4267 ac
1624 4205 1868 4283 plenum
1931 4216 1990 4269 et
2033 4215 2251 4286 totum,
2326 4207 2400 4267 de
2464 4222 2583 4283 qua
