2791 4778
418 388 451 440 8
814 371 1305 429 APOCALYPSIS
1346 370 1780 429 EXPLICATA.
1861 372 1909 440 §.
1947 379 2075 434 298.

416 536 490 597 in
528 551 690 595 auro
744 531 982 612 optimo
1023 529 1334 611 Ophir-iffi
1390 529 1622 589 Psalm:
1660 528 1850 589 XLV:
1891 532 1955 587 4.
1997 531 2056 588 5.
2102 532 2188 588 10
2201 549 2219 606 ;
2271 529 2424 590 haec
2460 531 2535 590 de

414 636 704 708 Domin03
760 634 1075 709 accingere
1126 630 1388 708 gladium
1425 646 1609 706 super
1642 631 1862 705 femur,
1918 629 2216 705 significat
2249 630 2534 690 Divinum

416 734 645 795 Verum
679 748 957 808 pugnans
1010 748 1084 790 ex
1118 731 1338 795 Divino
1371 731 1574 804 Bon0,
1631 746 1814 812 quare
1868 729 2111 801 dicitur,
2161 730 2384 789 Potens
2421 730 2531 791 de-

418 851 557 894 core
595 839 654 893 et
687 832 749 890 in
781 831 1007 891 honore
1043 837 1176 904 tuo,
1213 849 1323 908 per
1358 831 1545 889 decus
1581 828 1946 906 significatur
1970 829 2255 888 Divinum
2281 830 2529 905 Verum,

418 941 480 994 et
513 951 627 1010 per
661 932 949 992 honorem
984 931 1268 990 Divinum
1302 930 1571 1004 Bonum,
1624 929 1901 988 videatur
1946 945 2132 1005 supra
2176 948 2246 988 n:
2296 932 2424 991 131
2473 936 2533 988 et

423 1035 564 1093 288
586 1052 603 1108 3
657 1041 785 1090 tum
843 1034 1021 1090 etiam
1066 1031 1306 1106 dicitur,
1361 1032 1425 1088 in
1472 1030 1697 1088 honore
1755 1037 1861 1087 tuo
1912 1031 2278 1099 conscende,
2332 1031 2535 1105 equita

419 1150 606 1210 super
640 1131 823 1191 verbo
861 1133 1164 1200 veritam,
1215 1149 1325 1207 per
1359 1133 1420 1189 in
1455 1130 1680 1190 honore
1732 1128 2133 1189 conscendere
2169 1129 2533 1205 significatur

414 1249 685 1311 pugnare
723 1248 800 1290 ex
831 1231 1051 1290 Divino
1085 1230 1284 1306 Bono,
1341 1236 1402 1290 et
1445 1247 1558 1306 per
1592 1231 1862 1304 equitare
1914 1246 2100 1305 super
2143 1228 2329 1288 verbo
2366 1230 2529 1287 veri-

415 1335 557 1392 tatis
593 1330 960 1408 significatur
992 1347 1262 1407 pugnare
1301 1348 1378 1388 ex
1412 1329 1631 1390 Divino
1667 1329 1860 1398 Vero,
1896 1331 1979 1386 ita
2016 1346 2087 1387 ex
2115 1329 2334 1388 Divino
2360 1328 2532 1387 Bono

411 1450 526 1510 per
579 1432 859 1491 Divinum
895 1429 1160 1506 Verum3
1217 1429 1669 1505 Omnipotentia
1713 1435 1774 1488 et
1827 1427 2255 1488 Omniscientla
2288 1430 2530 1488 Domini

411 1531 820 1609 significantur
843 1547 955 1607 per
982 1530 1218 1590 docebit
1246 1530 1337 1590 Τε
1372 1529 1665 1588 mirabilia
1688 1529 1921 1587 Dextra
1954 1535 2086 1604 tua3
2123 1529 2282 1588 filiae
2315 1546 2526 1604 regum

415 1649 570 1709 quae
602 1634 758 1691 inter
781 1632 1109 1707 pretiosas,
1158 1629 1493 1707 significant
1519 1629 1863 1688 affectiones
1891 1630 2050 1704 veri3
2101 1628 2333 1706 Regina
2370 1645 2527 1704 quae

412 1731 492 1791 ad
527 1731 796 1790 dextram
830 1734 894 1789 in
928 1747 1076 1790 auro
1113 1732 1338 1806 optimo
1376 1727 1652 1805 OphiriS,
1694 1727 1989 1804 significat
2026 1727 2273 1788 Coelum
2311 1737 2371 1787 et
2407 1729 2526 1786 Ec-

412 1831 692 1900 clesiam,
757 1837 816 1890 et
863 1830 947 1889 ibi
1005 1830 1140 1890 illos
1204 1831 1402 1905 quiin
1438 1831 1596 1889 veris
1654 1847 1731 1889 ex
1777 1828 1933 1887 bono
1968 1834 2134 1902 sunt,
2191 1828 2402 1888 dextra
2438 1835 2530 1886 est

412 1948 622 1990 verum
672 1935 734 1988 in
777 1930 942 2006 luce,
998 1936 1059 1989 et
1093 1947 1307 1988 aurum
1352 1928 1578 2006 ophitis
1627 1935 1721 1988 est
1763 1928 1983 1987 bonum
2032 1929 2264 1987 amoris,
2345 1923 2530 2006 Apud

411 2028 686 2090 Eundem
735 2027 1069 2104 „Dictum
1102 2027 1377 2089 Jelzovae
1425 2027 1515 2088 ad
1556 2027 1918 2089 Dominum
1952 2046 2191 2102 meum,
2246 2016 2392 2089 eede
2441 2027 2531 2089 ad

413 2124 716 2189 dextram
758 2146 991 2205 meam,
1045 2147 1242 2208 usque
1284 2128 1440 2190 dum
1471 2147 1744 2208 posuero
1782 2127 2076 2188 inimicos
2117 2133 2261 2190 tuos
2288 2127 2523 2190 scabel-

411 2225 550 2291 lum
571 2213 812 2307 pedum
836 2233 1106 2291 tuorum.
1154 2227 1488 2290 Dominus
1511 2227 1602 2289 ad
1626 2227 1959 2290 Dextram
1984 2233 2178 2303 tuam,
2206 2226 2531 2309 pereueeit

411 2330 486 2392 in
534 2327 643 2389 die
673 2326 811 2391 irae
849 2332 1085 2410 φοροῦ(
1147 2329 1380 2389 Psalm:
1422 2328 1566 2392 CX:
1624 2331 1683 2387 1.
1731 2330 1789 2389 5.
1858 2328 2081 2388 Matth:
2135 2329 2357 2391 XXII:
2410 2332 2524 2388 42.
2645 2393 2650 2396 ,

408 2430 609 2491 Marc:
660 2429 823 2492 XII:
866 2431 974 2490 36.
1029 2431 1184 2491 Luc:
1221 2429 1369 2491 XX:
1411 2433 1525 2489 42.
1581 2432 1709 2506 433
1763 2430 1923 2507 quod
1964 2430 2115 2488 haec
2163 2430 2235 2488 de
2269 2429 2526 2488 Domino

412 2530 571 2592 dicta
606 2533 723 2590 sint
737 2576 753 2605 ,
816 2537 1020 2590 notum
1057 2539 1152 2592 est
1164 2551 1182 2607 3
1236 2515 1349 2608 per
1391 2530 1499 2590 illa
1536 2530 1893 2589 describitur
1940 2547 2146 2606 pugna
2176 2529 2417 2588 Domini
2466 2531 2529 2587 in

408 2629 630 2688 mundo
667 2637 872 2689 contra
904 2630 1146 2691 Inferna
1181 2637 1243 2689 et
1277 2631 1617 2708 subjugatio
1654 2647 1893 2703 eorum,
1936 2647 2090 2706 quae
2126 2630 2287 2689 facta
2323 2635 2417 2688 est
2454 2646 2529 2689 ex

409 2728 632 2787 Divino
668 2728 837 2787 Bono
872 2747 983 2805 per
1016 2732 1304 2789 Divinum
1337 2730 1596 2804 Verum,
1654 2730 1864 2789 dextra
1897 2729 1980 2787 ibi
2015 2729 2313 2805 significat
2346 2729 2522 2788 Divi-

406 2845 551 2886 num
578 2827 839 2899 Verum,
878 2845 1062 2903 quare
1103 2830 1340 2902 dicitur,
1380 2846 1572 2905 usque
1610 2830 1749 2887 dum
1785 2835 2064 2905 posuero
2087 2831 2354 2889 inimicos
2392 2836 2527 2887 tuos

408 2926 742 2987 scabellum
792 2927 1012 3003 pedum
1049 2934 1314 3002 tuorum3
1367 2936 1477 3004 per
1510 2930 1779 2989 inimicos
1825 2930 2230 3007 significantur
2263 2929 2521 3002 Inferna,

407 3044 522 3105 per
552 3044 777 3105 ponere
820 3027 956 3087 illos
1003 3027 1331 3087 scabellum
1363 3028 1588 3105 pedum
1649 3029 2012 3106 significatur
2072 3047 2315 3105 prorsus
2376 3028 2525 3088 sub-

400 3127 652 3204 jugare,
691 3127 884 3187 simile
909 3127 1275 3204 significatur
1300 3147 1411 3205 per
1436 3129 1727 3189 Dominus
1757 3129 1834 3187 ad
1861 3130 2133 3189 dextram
2160 3136 2339 3204 tuam,
2376 3146 2521 3205 per-

408 3230 600 3286 cussit
633 3230 693 3285 in
729 3228 825 3287 die
860 3229 987 3287 irae
1023 3244 1225 3304 reges,
1266 3228 1392 3289 dies
1427 3232 1554 3288 irae
1592 3235 1687 3290 est
1721 3235 1914 3288 status
1950 3246 2208 3307 pugnae,
2250 3237 2309 3290 et
2342 3244 2520 3305 reges

406 3333 547 3385 sunt
608 3329 710 3403 qui
767 3330 827 3386 in
862 3326 1032 3387 falsis
1082 3345 1156 3386 ex
1205 3329 1392 3388 malo:
1448 3330 1607 3405 quod
1639 3329 1968 3400 DominuS,
2022 3348 2157 3388 cum
2208 3334 2272 3388 in
2306 3328 2525 3388 mundo

407 3425 553 3501 fuit,
608 3426 864 3512 induerit
897 3427 1183 3487 Divinum
1218 3428 1448 3487 Verum
1503 3446 1578 3487 ex
1610 3429 1831 3487 Divino
1865 3430 2033 3488 Bono
2053 3475 2070 3505 ,
2128 3437 2187 3489 et
2224 3430 2381 3507 quod
2415 3446 2529 3505 per

407 3526 469 3584 id
502 3527 916 3604 subjugaverit
948 3526 1218 3600 Inferna,
1256 3547 1325 3587 ac
1365 3532 1562 3588 omnia
1597 3531 1657 3587 in
1694 3528 1892 3588 Coelis
1930 3529 2293 3607 disposuerit
2325 3531 2388 3587 in
2423 3546 2524 3587 or-

407 3626 638 3702 dinem,
693 3627 967 3686 videatur
1011 3630 1073 3686 in
1110 3626 1419 3703 Opusculo
1471 3629 1545 3688 de
1581 3626 1831 3689 Ummo
1873 3630 2120 3690 Jummo
2171 3647 2242 3688 n:
2285 3631 2409 3704 463
2466 3634 2527 3689 et

405 3727 470 3785 in
504 3726 829 3785 Docrnmn
863 3726 1076 3787 NovAn
1106 3728 1607 3803 ΙΙιΕιιοεοιῩΜΑκ,
1647 3747 1715 3786 n:
1759 3732 1920 3788 293.
1960 3732 2120 3788 294.
2159 3731 2319 3791 301.
2358 3729 2522 3789 303.

406 3824 592 3901 Apud
627 3826 1040 3904 Evangelistas
1078 3825 1320 3902 „Jesue
1356 3826 1565 3902 dimit,
1621 3847 1699 3889 ex
1743 3847 1910 3889 nune
1949 3827 2247 3889 videbitis
2273 3825 2529 3890 Filium

402 3921 680 3986 hominis
715 3923 1025 3988 sedentem
1058 3945 1139 3989 ex
1181 3926 1435 3989 deoetrz's
1460 3926 1831 4007 potentiae“
1867 3929 2092 3989 Matth:
2120 3928 2373 3989 XXVI:
2409 3930 2521 3989 63.

413 4026 523 4083 64.
578 4024 779 4086 Marc:
818 4026 989 4087 XIV:
1025 4030 1134 4088 61.
1173 4032 1280 4087 62.
1335 4028 1494 4087 Luc:
1532 4027 1749 4087 XXII:
1787 4032 1911 4089 69:
1969 4036 2029 4089 et
2065 4029 2227 4106 apud
2253 4030 2526 4088 Marcum

406 4167 445 4199 „
467 4111 798 4186 Dominus
833 4132 1178 4207 postquam
1225 4123 1524 4206 loquutus
1577 4131 1672 4186 eet
1728 4124 1900 4204 illis,
1958 4126 2252 4192 sublatus
2303 4134 2399 4189 est
2459 4128 2530 4189 in

405 4219 691 4302 Coelum,
760 4229 820 4287 et
865 4225 1145 4290 eomedit
1184 4243 1265 4289 ex
1306 4225 1538 4289 dextra
1577 4225 1761 4288 Dei“
1813 4229 2000 4291 XVI:
2061 4232 2182 4308 193
2238 4230 2453 4290 sedere
2491 4245 2528 4286 a
