2791 4778
454 338 563 387 πο
884 323 1383 377 APOCALYPSffi
1429 322 1857 377 EXPLICATA2
1911 322 1956 401 §-
1997 331 2120 382 375.
2187 356 2194 361 .

452 484 592 545 tes“
640 481 874 541 Thren:
910 480 1033 540 IV:
1079 484 1187 539 19.
1234 484 1323 540 20
1343 501 1359 555 3
1400 481 1482 540 ibi
1519 484 1700 540 etiam
1732 499 1847 558 per
1878 480 2137 542 Unctum
2160 478 2405 539 Jehovae
2434 481 2507 536 in·

453 582 740 658 telligitur
790 581 1113 656 Dominae,
1188 583 1387 656 agitur
1439 583 1599 639 enim
1647 580 1731 638 ibi
1780 581 1854 639 de
1888 581 2322 657 impugnatione
2350 579 2513 636 Divini

452 682 603 742 Veri
636 698 674 739 a
707 679 876 740 falsis
913 688 974 741 et
999 681 1203 754 malis,
1244 681 1406 756 quod
1442 680 1812 758 significatur
1846 699 1957 758 per
1984 680 2144 757 quod
2177 695 2344 753 super
2374 695 2511 736 mon-

450 782 612 841 tibus
659 782 941 840 insectati
986 783 1137 853 sint,
1202 788 1263 840 et
1299 783 1362 839 in
1410 781 1649 840 deserto
1699 781 1992 856 insidiati3
2049 781 2289 857 spiritus
2334 780 2516 835 narium

456 888 554 943 est
587 884 727 957 ipsa
759 882 887 940 vita
921 881 1202 941 coelestis
1240 898 1397 956 quae
1428 899 1464 938 a
1490 880 1768 959 Domino,
1796 900 1865 939 n:
1911 883 2127 940 9818.
2180 880 2269 936 Ex
2291 879 2374 936 his
2398 892 2516 932 nunc

453 984 597 1042 sciri
632 986 866 1057 potest,
924 999 1029 1039 cur
1066 989 1185 1038 tam
1235 988 1688 1039 sacrosanctum
1727 981 1838 1039 fuit
1871 982 2118 1041 laedere
2165 979 2405 1043 Unctum
2433 975 2517 1034 Je-

457 1083 683 1156 hovae,
753 1088 821 1138 ut
871 1084 1047 1139 etiam
1092 1086 1263 1156 patet
1316 1097 1389 1140 ex
1440 1080 1676 1152 Verbo,
1743 1087 1806 1139 ut
1853 1084 1914 1139 in
1961 1080 2145 1139 Libro
2194 1079 2225 1136 I
2276 1074 2519 1136 Samuelis

457 1180 718 1256 „Dz‘oeit
759 1179 1025 1256 David,
1081 1179 1252 1240 absit
1298 1198 1341 1240 a
1392 1178 1678 1241 Jehovalz
1728 1180 1918 1255 mihi,
1974 1180 2040 1240 si
2078 1180 2286 1259 fecero
2318 1175 2520 1235 verbu-m

451 1280 567 1341 hoc
605 1279 895 1341 Domino
920 1299 1054 1340 meo
1067 1324 1085 1355 ,
1132 1279 1330 1340 Uncto
1354 1279 1658 1353 Jelwvae,
1712 1287 1773 1342 ct
1797 1281 2058 1341 mittam
2085 1295 2337 1338 manum
2358 1289 2521 1331 meam

453 1381 525 1442 in
560 1400 729 1454 cum,
783 1380 938 1458 quia
978 1380 1217 1440 Unctus
1244 1378 1521 1441 Jelzovae
1556 1378 1712 1442 ille“
1757 1381 2005 1440 XXIV:
2054 1386 2112 1439 7.
2160 1383 2189 1437 1
2212 1383 2281 1454 13
2333 1382 2386 1433 et
2413 1371 2523 1430 alibi

451 1480 714 1556 „Dioeit
754 1479 990 1540 David
1033 1478 1122 1540 ad
1169 1479 1618 1562 Abischajum,
1670 1500 1749 1542 ne
1774 1480 1976 1559 perde
2029 1498 2193 1549 cam,
2232 1494 2372 1536 nam
2409 1469 2522 1550 quis

450 1579 704 1641 miserit
764 1599 1023 1640 manum
1077 1579 1148 1639 in
1220 1579 1490 1641 Unctum
1542 1580 1849 1654 Jelzovae,
1937 1588 1999 1641 ct
2066 1579 2353 1639 innocens
2414 1570 2519 1630 εἰει(

449 1679 699 1742 XXVI:
749 1683 823 1738 9:
876 1682 934 1737 in
976 1680 1158 1738 Libro
1206 1680 1267 1739 11
1308 1680 1608 1740 Samuelis
1660 1680 1921 1756 „Dixit
1973 1677 2213 1740 David
2260 1674 2343 1735 ad
2377 1667 2523 1732 illum

450 1778 563 1860 qui
592 1778 769 1839 dixit
807 1798 874 1839 sc
917 1778 1226 1840 occidisse
1270 1777 1565 1855 Saulem,
1627 1780 1900 1860 sanquis
1950 1786 2106 1841 tuus
2146 1794 2331 1855 super
2362 1768 2524 1849 capite

454 1886 598 1952 tuo,
651 1878 804 1956 quia
833 1878 1078 1939 dixisti
1104 1879 1309 1940 occidi
1353 1879 1624 1941 Unctum
1658 1879 1974 1941 Jehovae“
2021 1880 2090 1938 I:
2141 1881 2257 1937 16:
2316 1881 2368 1933 et
2398 1869 2532 1935 alibi,-

451 1976 712 2054 „Dioeit
746 1977 1080 2054 Abischai,
1135 2000 1288 2040 num
1309 1987 1574 2059 propter
1608 1979 1721 2040 hoc
1752 1999 1878 2040 non
1913 1979 2240 2040 occidetur
2276 1965 2520 2036 semmei,

449 2076 619 2159 quod
670 2076 1016 2139 maledixit
1065 2078 1261 2140 Uncto
1304 2076 1628 2140 Jehovae“
1672 2081 1860 2141 XIX:
1918 2084 2042 2139 22:
2104 2078 2262 2157 quod
2313 2067 2525 2133 Schimei

448 2180 585 2240 ideo
627 2177 962 2239 Salomonis
992 2181 1174 2256 jussu
1213 2182 1562 2239 interfectus
1598 2183 1703 2255 sit,
1754 2181 2036 2239 videatur
2091 2181 2122 2240 I
2149 2179 2307 2253 Reg:
2341 2172 2419 2232 11:
2454 2169 2521 2227 36

449 2281 528 2339 ad
566 2280 605 2339 f:
674 2278 981 2355 Ssrwm03
1030 2280 1188 2356 quod
1223 2297 1336 2339 usu
1375 2283 1672 2339 communi
1707 2288 2016 2356 receptum
2053 2280 2238 2342 fuerit
2282 2276 2450 2338 semet
2479 2273 2523 2324 et

452 2381 602 2442 alios
648 2399 873 2458 ungere
909 2380 985 2439 ad
1034 2380 1473 2440 testificandum
1521 2383 1701 2439 animi
1745 2381 2032 2440 laetitiam
2081 2399 2157 2440 ac
2201 2371 2523 2436 benevolen-

448 2484 627 2556 tiam,
684 2489 917 2541 constat
954 2500 990 2539 a
1025 2481 1417 2556 sequentibus
1458 2480 1552 2540 his
1582 2482 1762 2550 lociS‚
1811 2481 1973 2557 apud
2013 2482 2204 2539 Amos
2242 2472 2416 2551 „Qui
2449 2465 2523 2528 bi·

446 2581 600 2642 bunt
636 2600 715 2641 ccc
756 2580 1016 2661 scyphis
1058 2581 1223 2654 vini,
1281 2587 1342 2640 et
1391 2598 1474 2640 θα]
1514 2581 1838 2659 primitiis
1876 2578 2159 2641 oleorum
2197 2597 2264 2638 sc
2301 2572 2524 2652 ungunt,

448 2679 563 2740 sed
612 2699 803 2759 super
864 2680 1289 2761 confractione
1351 2679 1619 2760 Josephi
1672 2701 1796 2741 non
1849 2680 2233 2762 afficiuntur
2303 2666 2523 2735 dolore“

452 2779 572 2838 VI:
628 2783 685 2839 6.
741 2780 924 2855 Apud
957 2781 1211 2840 Micham
1256 2778 1596 2856 „Calcabis
1644 2779 1900 2851 olivam,
1938 2780 2052 2841 sed
2088 2800 2218 2841 non
2254 2790 2436 2854 unges
2481 2771 2524 2826 ²50

450 2874 630 2940 oleo“
676 2878 797 2939 VI:
846 2882 967 2954 153
1023 2900 1129 2955 pro
1183 2899 1300 2939 non
1344 2882 1690 2940 laetaberis,
1767 2882 1947 2957 Apud
1998 2882 2288 2940 Moschen
2326 2866 2525 2950 „Olea‘3

449 2983 633 3040 crunt
684 2979 801 3039 tibi
844 2979 915 3038 in
956 2980 1130 3039 omni
1188 2981 1451 3042 termino
1494 2986 1632 3056 tuo,
1691 2982 1804 3041 scd
1855 2979 1988 3041 oleo
2037 2999 2164 3041 non
2205 2994 2392 3058 anycs
2443 2966 2520 3027 te“

449 3081 651 3140 Deut:
688 3078 995 3138 XXVIII:
1039 3082 1166 3156 403
1222 3082 1511 3141 similiter.
1594 3082 1778 3159 Apud
1813 3083 2053 3158 Esajam
2094 3080 2258 3156 „Ad
2284 3069 2525 3138 dandum

449 3176 592 3240 illis
634 3177 911 3240 cidarim
946 3198 1072 3257 pro
1115 3181 1344 3256 cincre,
1402 3179 1607 3242 oleum
1649 3181 1886 3261 qaudii
1932 3201 2057 3261 pro
2107 3178 2327 3242 l·uctu“
2384 3165 2521 3233 LX1²

349 3299 357 3307 ·
458 3282 519 3339 3.
577 3279 755 3355 Apud
783 3280 1078 3339 Davidem
1118 3280 1379 3355 „Unam
1426 3287 1484 3341 te
1509 3280 1702 3342 Deus
1738 3288 1891 3342 tuus
1926 3279 2057 3341 olco
2099 3278 2378 3342 lactitiae
2396 3279 2525 3352 prae

455 3378 651 3440 sociis
689 3380 872 3442 tuis“
923 3381 1158 3440 Psalm:
1212 3381 1419 3441 XLV:
1454 3384 1536 3440 .8.
1616 3382 1801 3459 Apud
1846 3382 2116 3441 Eundem
2165 3364 2525 3455 „Eoealtabis

453 3480 624 3543 sicut
655 3481 1066 3542 monocerotis
1102 3500 1294 3542 cornu
1343 3500 1550 3541 mcum
1567 3526 1586 3557 ,
1643 3500 2074 3543 consenescam
2118 3480 2187 3540 in
2227 3478 2354 3540 olco
2399 3463 2524 3532 viri-

456 3580 573 3642 di“
624 3582 861 3641 Psalm:
924 3580 1126 3641 XCII:
1167 3571 1297 3639 '11.
1362 3581 1545 3657 Apud
1588 3582 1860 3640 Eundem
1923 3626 1960 3656 „
1985 3580 2219 3645 Vinum
2266 3564 2525 3653 laetificat

450 3700 557 3744 cor
600 3681 907 3755 hominis,
965 3681 1055 3741 ad
1096 3678 1597 3743 emhilarandum
1628 3679 1865 3760 facies
1889 3679 2067 3742 oleo“
2123 3682 2355 3741 Psalm:
2392 3664 2501 3731 CIV
2511 3681 2521 3718 ²

463 3784 568 3841 15.
646 3781 827 3857 Apud
860 3782 1082 3841 Lucam
1134 3780 1377 3854 „Jcsus
1418 3780 1506 3842 ad
1542 3779 1890 3856 Simonem,
1945 3781 2278 3860 inyrcssus
2318 3790 2444 3837 sam
2474 3764 2526 3824 ²⁰⁷²

454 3878 717 3941 domum
779 3886 989 3956 tuam,
1060 3885 1119 3940 et
1172 3879 1301 3941 oleo
1356 3887 1548 3961 caput
1609 3900 1818 3943 mcum
1882 3900 2007 3943 non
2057 3880 2339 3953 unoeisti,
2408 3870 2526 3931 '2⁰80

450 3997 594 4040 vcro
621 3984 938 4057 unquento
964 3978 1160 4041 unoeit
1167 3981 1365 4060 pedes
1398 3984 1614 4043 meos“
1641 3981 1781 4041 VII:
1816 3985 1928 4042 46.
1981 3981 2163 4059 Apud
2197 3977 2526 4042 Matthaeum

453 4076 612 4154 „Tu
651 4076 904 4157 quando
944 4077 1241 4161 jejunas,
1295 4102 1462 4162 unqe
1508 4089 1701 4162 caput
1737 4088 1950 4153 tuum,
2001 4087 2062 4141 ct
2092 4080 2335 4163 faciem
2382 4080 2524 4135 tuam

443 4176 634 4254 lava,
689 4197 765 4239 nc
818 4194 1133 4255 appareas
1175 4178 1536 4243 hominibus
1573 4180 1916 4263 jejunam-ff
1963 4167 2080 4243 VI:
2126 4187 2154 4242 1
2177 4189 2244 4257 73
2289 4179 2525 4258 jejunare

2624 492 2660 601 Ἴ
