2791 4778
392 354 631 411 CAPUT
660 353 973 414 SEXTUM.
1770 356 1984 412 VERS:
2029 367 2083 421 4.
2246 368 2357 422 219

235 514 519 575 ίὶοειιιῑιπ
549 533 657 592 per
699 533 909 593 pacem
926 536 942 592 3
998 521 1060 575 et
1103 516 1192 575 flli
1245 518 1348 594 qui
1389 522 1751 594 receperunt
1794 516 2204 593 intelliguntur
2248 534 2359 594 per

234 615 388 675 filios
440 619 648 692 paciS,
716 633 900 693 super
947 616 1163 693 quibus
1208 634 1329 694 pax
1379 620 1818 693 requiesceret;
1886 620 1939 676 si
1987 623 2188 676 autem
2239 635 2359 677 non

232 723 639 791 agnoscerent
686 716 1036 790 Dominum,
1091 723 1151 775 et
1193 717 1331 776 inde
1368 734 1487 775 non
1521 720 1861 794 reciperent
1893 717 1998 776 illa
2032 734 2186 792 quae
2222 717 2355 776 Do-

228 817 369 873 mini
399 823 551 874 sunt
585 833 695 875 seu
732 833 885 892 quae
920 817 1121 891 pacis,
1168 817 1329 893 quod
1364 817 1441 875 ab
1475 818 1549 876 iis
1587 818 1954 887 auferretur,
1989 817 2359 892 significatur

226 933 336 992 per
371 919 427 974 si
467 916 682 974 domus
720 922 826 974 aut
858 916 1001 975 urbs
1042 934 1161 975 non
1197 916 1376 992 digna
1412 923 1604 989 esset,
1668 917 1823 993 quod
1858 934 1979 994 pax
2013 924 2355 976 revertere-

225 1021 324 1074 tur
358 1032 556 1092 super
593 1033 724 1090 eos3
778 1033 853 1074 ne
894 1022 1035 1075 tunc
1073 1034 1110 1074 a
1143 1016 1315 1075 malis
1353 1023 1415 1076 et
1436 1017 1604 1076 salsis
1634 1035 1789 1094 quae
1813 1019 1874 1074 in
1910 1016 2014 1075 illa
2038 1017 2212 1075 domo
2250 1023 2355 1075 aut

223 1117 285 1172 in
309 1115 422 1173 illa
450 1116 627 1186 urbe,
655 1115 1067 1191 laederentur,
1104 1116 1448 1174 mandatum
1478 1123 1569 1176 est
1601 1124 1669 1175 ut
1696 1123 1980 1176 exeuntes
2009 1124 2358 1177 excuterent

224 1215 548 1297 pulverem
574 1216 796 1293 pedum
835 1233 1111 1290 suorum,
1162 1232 1273 1293 per
1314 1217 1474 1293 quod
1503 1217 1872 1293 significatur
1898 1234 1972 1275 ne
2011 1217 2354 1276 damnatum

220 1314 360 1373 inde
398 1316 794 1385 adhaereret,
840 1333 950 1392 per
983 1316 1295 1392 pulverem
1330 1317 1553 1393 pedum
1591 1319 1743 1376 enim
1780 1316 2147 1392 significatur
2183 1316 2356 1374 dam-

227 1421 454 1490 natum,
475 1433 617 1473 nam
645 1416 916 1474 ultimum
940 1416 1102 1492 apud
1128 1416 1444 1490 hominem,
1466 1417 1621 1491 quod
1643 1423 1736 1475 est
1755 1416 2035 1476 sensuale
2061 1417 2351 1490 naturale,

223 1516 662 1592 correspondet
694 1516 915 1591 plantis
942 1516 1182 1592 pedum,
1210 1522 1269 1574 et
1298 1518 1439 1591 quia
1467 1517 1604 1576 huic
1633 1516 1921 1576 adhaeret
1948 1517 2188 1586 malum,
2214 1517 2352 1576 ideo

227 1616 385 1689 apud
414 1616 561 1674 illos
606 1616 708 1691 qui
749 1617 808 1672 in
842 1617 1368 1692 repraesentativis
1403 1616 1713 1675 Ecclesiae
1743 1623 1940 1691 erant,
1980 1623 2046 1674 ut
2080 1619 2352 1692 plerique

227 1731 298 1773 eo
335 1722 636 1792 tempore,
665 1716 1047 1774 excutiebant
1074 1716 1385 1792 pulverem
1417 1717 1637 1793 pedum
1676 1735 1808 1775 cum
1845 1734 1962 1774 non
1996 1719 2346 1793 reciperen-

226 1819 320 1871 tur
344 1833 498 1874 vera
525 1815 857 1890 doetrinae3
887 1818 947 1874 in
972 1816 1190 1874 mundo
1218 1819 1374 1874 enim
1401 1817 1712 1894 spirituali,
1737 1817 1972 1892 quando
1993 1817 2208 1892 aliquis
2236 1817 2350 1876 bo-

223 1930 334 1972 nus
370 1918 545 1974 venit
578 1915 653 1972 ad
681 1915 901 1988 malos,
942 1916 1130 1973 influit
1167 1916 1390 1974 malum
1422 1917 1497 1974 ab
1525 1917 1651 1992 his,
1712 1924 1772 1976 et
1799 1917 2166 1992 aliquantum
2203 1933 2348 1993 per·-

227 2014 453 2088 turbat,
516 2015 625 2073 sed
673 2016 786 2073 hoc
827 2015 1019 2073 solum
1057 2017 1371 2092 perturbat
1420 2017 1628 2075 ultima
1670 2035 1823 2093 quae
1875 2017 2344 2092 correspondent

226 2112 448 2188 plantis
466 2115 709 2191 pedum,
726 2115 863 2173 inde
888 2133 1020 2174 cum
1051 2132 1117 2174 se
1138 2122 1466 2180 vertuntet
1483 2117 1722 2183 abeunt,
1747 2123 2000 2193 apparet
2026 2117 2183 2175 sicut
2207 2118 2350 2193 pul-

229 2229 428 2272 verem
464 2214 689 2291 pedum
725 2232 965 2273 suorum
1003 2221 1162 2274 retro
1192 2219 1530 2288 excutiant,
1568 2217 1728 2293 quod
1755 2222 1848 2275 est
1875 2215 2152 2274 indicium
2190 2215 2350 2291 quod

228 2310 466 2372 liberati
497 2317 643 2389 sint,
697 2323 757 2374 et
794 2316 951 2392 quod
977 2315 1196 2374 malum
1227 2316 1557 2375 adhaereat
1591 2317 1708 2375 illis
1750 2317 1852 2393 qui
1888 2316 1947 2372 in
1983 2314 2138 2372 malo
2177 2321 2346 2372 sunt:

240 2414 396 2486 quod
438 2415 681 2491 plantae
736 2415 957 2492 pedum
1009 2417 1520 2494 correspondeant
1557 2417 1772 2475 infimis
1824 2413 2223 2487 naturalibus,
2290 2423 2351 2473 et
2382 2424 2402 2439 ‘

245 2513 403 2586 quod
434 2516 566 2573 inde
601 2518 659 2573 in
688 2515 891 2575 Verbo
920 2518 1253 2594 significent
1281 2517 1410 2590 illa,
1455 2517 1729 2575 videatur
1763 2534 1834 2573 n:
1887 2518 1966 2573 21
1988 2517 2097 2573 62.
2134 2516 2346 2572 3147.

241 2612 449 2673 3761.
494 2616 699 2675 3986.
743 2619 958 2675 4280.
1001 2620 1192 2677 4938
1233 2617 1307 2675 ad
1340 2618 1567 2676 4952:
1624 2623 1683 2676 et
1720 2616 1879 2692 quod
1913 2615 2129 2692 pulviS,
2170 2631 2348 2689 quem

231 2720 597 2788 excuterent,
631 2716 927 2793 significet
957 2718 1320 2792 damnatum,
1358 2736 1428 2776 n:
1473 2720 1636 2777 249.
1674 2719 1885 2776 7418.
1919 2721 1949 2775 7
1970 2716 2127 2774 522.
2163 2716 2348 2791 Apud

233 2809 456 2873 Lucam
498 2814 939 2895 „Jesusflevit
986 2835 1178 2897 super
1202 2819 1377 2893 urbe,
1420 2817 1665 2892 dicens,
1712 2817 1774 2877 ai
1810 2833 2056 2890 nosces,
2103 2821 2164 2875 et
2200 2815 2346 2893 qui·
2430 2874 2438 2885 ,

227 2908 359 2972 dem
384 2914 458 2974 in
487 2914 593 2974 die
629 2917 760 2992 hoc,
802 2937 962 2997 quae
987 2917 1077 2978 ad
1113 2917 1349 2977 Pacem
1390 2923 1570 2978 tuam
1589 2937 1618 2989 ,·
1654 2916 1768 2977 sed
1804 2934 1969 2977 nunc
2007 2915 2340 2976 abscondi-

228 3014 359 3072 tum
385 3021 486 3075 est
512 3015 590 3074 ab
617 3015 819 3078 oculis
858 3018 1039 3079 tui3“
1069 3018 1256 3078 XIX:
1300 3009 1472 3106 [41.]
1493 3022 1616 3094 423
1672 3020 1774 3093 qui
1810 3018 1882 3076 de
1918 3017 2011 3076 his
2050 3017 2248 3076 verbis
2287 3023 2347 3076 et

230 3127 356 3170 mox
391 3118 789 3190 sequentibus
824 3118 908 3177 ibi
944 3118 1134 3177 solum
1174 3121 1439 3194 cogitant
1476 3136 1547 3177 ex
1585 3135 1763 3177 sensu
1802 3118 2030 3192 literae,
2071 3116 2339 3190 credunt,

226 3215 357 3285 quia
389 3232 514 3272 non
552 3218 717 3276 aliud
750 3219 981 3290 vident,
1044 3218 1203 3294 quod
1248 3236 1285 3276 a
1317 3219 1575 3278 Domino
1612 3218 1717 3275 illa
1754 3217 1913 3276 dicta
1946 3220 2065 3275 sint
2117 3216 2191 3275 de
2230 3217 2337 3275 de·

226 3316 548 3374 structione
584 3318 1074 3395 Hierosolymae3
1134 3319 1244 3376 sed
1279 3321 1509 3386 omnia,
1546 3335 1700 3393 quae
1733 3317 2024 3376 Dominus
2051 3318 2340 3391 loquutus

226 3418 339 3485 est,
399 3417 545 3491 quia
581 3435 616 3474 a
650 3417 900 3492 Divin0,
957 3437 1075 3476 non
1122 3419 1478 3493 spectabant
1524 3418 1824 3475 mundana
1859 3423 1919 3472 et
1954 3416 2336 3489 temporaria,

226 3511 327 3568 sed
358 3513 654 3574 coelestia
691 3525 751 3577 et
785 3524 1062 3592 aeterna,
1105 3535 1292 3594 quare
1328 3537 1440 3595 per
1475 3516 1971 3592 Hierosolymam,
2006 3529 2193 3588 super
2222 3530 2340 3587 qua

221 3606 511 3672 Dominus
547 3617 740 3690 flevit,
786 3618 881 3677 hic
916 3626 984 3677 ut
1019 3618 1185 3691 alibi,
1237 3618 1606 3695 significatur
1641 3615 1949 3681 Ecclesia,
2002 3628 2158 3689 quae
2195 3618 2338 3670 tunc

221 3724 463 3783 prorsus
491 3723 729 3777 vastata
754 3718 882 3793 suit,
921 3700 988 3776 ut
1014 3719 1271 3795 amplius
1308 3737 1426 3776 non
1454 3734 1665 3776 verum
1702 3723 1762 3774 et
1795 3714 1932 3773 inde
1969 3731 2084 3772 non
2112 3710 2333 3770 bonum

224 3821 407 3887 esset,
450 3822 510 3874 et
549 3818 635 3875 sic
672 3818 831 3892 quod
859 3821 1109 3894 perituri
1139 3822 1199 3877 in
1235 3826 1541 3877 aeternum
1555 3837 1571 3892 3
1614 3832 1798 3891 quare
1837 3815 1995 3886 dicit,
2034 3816 2085 3872 si
2119 3829 2335 3872 nosses

224 3915 281 3966 et
314 3914 553 3989 quidem
591 3919 653 3975 in
688 3919 783 3977 die
819 3919 932 3978 hoc
968 3936 1122 3995 quae
1152 3919 1227 3976 ad
1255 3935 1471 3997 pacem
1500 3924 1696 3991 tuam,
1749 3916 1863 3973 hoc
1902 3922 2026 3990 est,
2067 3932 2222 3992 quae
2260 3915 2337 3974 ad

221 4011 393 4072 vitam
432 4023 493 4074 et
527 4016 875 4078 felicitatem
911 4026 1214 4078 aeternam
1255 4037 1411 4094 quae
1449 4035 1487 4075 a
1521 4016 1665 4077 Solo
1699 4016 1987 4093 Domin03
2035 4034 2173 4075 nam
2222 4032 2335 4092 per

222 4124 458 4190 pacem,
509 4124 576 4175 ut
615 4118 838 4181 dictum
874 4125 998 4195 est,
1053 4120 1402 4196 intelligitur
1436 4117 1667 4177 coelum
1706 4123 1766 4176 et
1800 4117 2083 4192 gaudium
2121 4116 2329 4175 coele-

222 4214 306 4270 sste
339 4231 447 4290 per
482 4218 960 4296 conjunctionem
996 4236 1129 4278 cum
1156 4219 1432 4280 Domino.
1500 4218 1685 4294 Apud
1709 4216 1976 4277 Eundem
2017 4213 2331 4290 „Zacbw
2433 4300 2439 4307 ῃ
