2791 4778
480 386 590 437 250
926 374 1420 430 APOCALYPSIS
1463 375 1894 432 EXPLICATA.
1940 377 1986 444 ς.
2032 384 2160 438 374.

485 536 754 596 omiserit
779 550 885 592 eos
908 540 968 593 et
994 551 1113 593 non
1136 533 1442 604 occiderit,
1468 533 1835 611 significatur
1861 534 2019 610 quod
2044 552 2160 593 non
2180 534 2458 611 prophani,
2481 537 2545 593 ita

480 652 601 695 non
628 634 909 708 damnati;
936 652 1047 711 per
1063 634 1384 693 Ismaelem
1415 640 1950 711 repraesentantur
1973 637 2162 711 quiin
2185 638 2433 712 genuinis
2454 653 2540 693 ve·

476 738 560 795 ris
591 734 900 796 Ecclesiae
940 741 1095 809 sunt,
1138 735 1297 810 quod
1332 737 1513 793 etiam
1552 734 1919 811 significatur
1949 753 2064 812 per
2104 752 2301 794 semen
2330 733 2494 811 Regni
2519 751 2543 793 e

479 853 597 913 qua
627 841 782 910 erat3
811 835 957 893 talia
983 834 1297 893 involvunt
1319 834 1470 894 haec
1486 835 1808 909 Historica,
1831 852 1966 894 nam
1986 836 2290 897 Historica
2311 838 2365 893 in
2382 834 2547 894 Verbo

478 953 673 1013 aeque
714 934 940 994 habent
982 952 1225 995 sensum
1262 937 1556 1009 internum
1606 952 1676 994 ac
1708 936 2094 1012 Prophetica.
2166 935 2341 1012 Apud
2376 936 2547 994 Mosen

480 1028 811 1111 „Jeho'vah
856 1033 1046 1095 Deae
1085 1042 1237 1095 tuus
1277 1033 1589 1095 deducens
1637 1042 1696 1095 te
1739 1035 1830 1095 ad
1877 1042 2118 1096 terram
2159 1035 2397 1110 bonam,
2451 1040 2543 1094 ter-

477 1156 621 1198 ram
641 1135 997 1213 fluviorum
1029 1153 1260 1214 aquae,
1301 1135 1590 1214 fontium
1628 1142 1688 1195 et
1724 1136 2109 1215 abyssorum
2160 1135 2490 1196 exeuntium
2527 1151 2549 1190 ο

476 1233 644 1298 valle
683 1242 745 1296 et
790 1254 822 1294 e
862 1242 1094 1310 monte,
1142 1241 1378 1297 tem-am
1415 1235 1620 1296 Mticz‘
1658 1240 1716 1295 et
1755 1235 1994 1306 hordei,
2036 1245 2098 1297 et
2134 1237 2289 1297 vitis
2321 1241 2376 1294 et
2402 1235 2550 1314 ficar,

477 1341 539 1396 et
564 1332 1017 1415 maloyranati,
1046 1340 1282 1395 terram
1305 1333 1511 1396 olivae
1537 1334 1659 1396 olei
1684 1341 1743 1395 et
1778 1334 2038 1396 mellis“
2085 1339 2282 1396 Dent:
2318 1335 2472 1394 VIII:
2503 1339 2545 1391 7.

485 1439 555 1511 83
594 1436 950 1495 describitur
987 1438 1070 1493 ita
1107 1442 1265 1494 terra
1304 1436 1551 1496 Canaan
1588 1440 1650 1494 in
1694 1454 1876 1496 sensu
1905 1437 2158 1513 literae,
2224 1444 2286 1495 at
2323 1440 2375 1494 in
2407 1451 2550 1493 sensu

477 1536 778 1612 spirituali
814 1536 1171 1594 describitur
1198 1537 1473 1596 Ecclesia
1510 1538 1780 1612 Domini,
1822 1539 2110 1613 quoniam
2146 1539 2298 1596 haec
2334 1553 2431 1613 per
2458 1541 2551 1593 ter-

475 1654 605 1696 ram
646 1635 886 1695 Canaan
931 1637 998 1693 in
1033 1635 1148 1694 hoc
1194 1653 1376 1694 sensu
1429 1638 1826 1713 significatur;
1884 1648 1943 1695 et
1977 1646 2369 1698 recensentur
2402 1636 2554 1694 omnia

476 1754 700 1813 genera
736 1737 875 1794 boni
913 1744 972 1794 ct
1011 1739 1137 1794 veri
1175 1756 1329 1813 quae
1368 1737 1680 1796 Ecclesiae
1731 1746 1899 1811 sunt3
1958 1738 2124 1813 quod
2180 1739 2399 1798 dicatur
2431 1744 2553 1794 terra

472 1837 791 1895 fluviorum
828 1853 1021 1910 aquae
1044 1881 1058 1909 ,
1118 1845 1209 1896 cst
1247 1840 1386 1913 quia
1424 1838 1587 1895 ssuvii
1626 1855 1818 1912 aquae
1865 1839 2208 1914 significant
2251 1833 2553 1897 doctrinalia

474 1938 603 1999 veri
614 1956 631 2011 3
667 1952 777 2011 per
813 1935 1007 1994 fontes
1047 1944 1108 1994 et
1143 1937 1394 2014 abyssos
1426 1945 1715 1996 exeuntes
1744 1956 1776 1998 e
1805 1938 1964 1997 valle
1995 1948 2059 1997 et
2090 1958 2123 1999 e
2154 1946 2366 2011 monte,
2403 1936 2551 2011 signi-

471 2019 723 2095 ficantur
755 2037 1039 2095 interiora
1077 2045 1136 2095 et
1173 2041 1471 2095 exteriora
1508 2055 1653 2096 vera
1699 2057 1773 2097 ex
1811 2037 2048 2113 Verbo,
2106 2055 2220 2116 per
2267 2039 2443 2097 fontes
2474 2037 2547 2093 in·

473 2138 694 2196 teriora
728 2153 870 2194 vera
905 2137 1069 2210 inde,
1118 2145 1176 2194 et
1209 2155 1319 2214 per
1356 2137 1610 2214 abyssos
1651 2140 1950 2198 exteriora
1985 2157 2164 2214 vera,
2204 2139 2352 2198 haec
2380 2137 2552 2194 dicun-

469 2243 569 2295 tur
604 2254 677 2297 ex
714 2235 872 2294 valle
912 2239 1104 2309 exire,
1159 2240 1298 2312 quia
1337 2238 1514 2297 vallis
1552 2238 1853 2314 significat
1882 2240 2171 2298 inferiora
2209 2247 2268 2299 et
2304 2238 2556 2297 exteriora

469 2338 572 2400 ubi
614 2337 787 2412 talia,
843 2342 904 2396 et
937 2336 1042 2396 illa
1076 2337 1352 2396 dicuntur
1381 2355 1454 2396 ex
1493 2346 1693 2399 monte
1733 2342 1893 2399 exire
1922 2342 2065 2416 quia
2094 2357 2266 2400 mons
2304 2335 2554 2415 significat

471 2443 784 2517 superiora
825 2445 885 2498 et
928 2440 1236 2510 interiora,
1279 2439 1379 2497 ubi
1418 2439 1591 2514 talia3
1639 2458 1750 2516 per
1784 2446 2001 2500 terram
2046 2445 2231 2500 tritici
2275 2446 2331 2498 et
2364 2435 2553 2505 hordei,

472 2547 532 2600 et
566 2542 703 2599 vitis
743 2545 801 2597 et
838 2537 1015 2612 ficuS,
1072 2546 1134 2597 et
1177 2538 1602 2615 malogranati,
1658 2540 2026 2616 significatur
2077 2542 2357 2601 Ecclesia
2390 2531 2554 2613 quoad

466 2631 685 2699 bonum
730 2646 791 2697 et
828 2657 1039 2697 verum
1076 2642 1261 2697 omnis
1313 2642 1581 2715 generis,
1637 2643 1891 2698 triticum
1934 2649 1994 2700 et
2028 2641 2327 2701 hordeum
2364 2632 2555 2713 signifi-

470 2744 609 2798 cant
641 2738 860 2797 bonum
892 2746 951 2798 et
980 2757 1187 2798 verum
1219 2758 1291 2797 ex
1329 2740 1580 2800 coelesti
1611 2744 1855 2817 origine,
1904 2744 2041 2799 vitis
2084 2749 2147 2801 et
2188 2743 2336 2802 ficus
2370 2740 2553 2797 bonum

272 2859 429 2923 [511]
473 2843 534 2897 et
567 2854 772 2896 verum
810 2856 882 2896 ex
930 2840 1227 2915 spirituali
1279 2843 1536 2917 origine,
1597 2849 1655 2899 et
1700 2842 2179 2918 malogranatum
2228 2840 2556 2917 cognitiones

468 2938 612 2997 boni
650 2945 709 2995 et
752 2940 904 3012 veri;
970 2946 1029 2996 et
1075 2957 1184 3014 per
1230 2947 1449 3000 terram
1501 2940 1694 3000 olivae
1746 2941 1859 3001 olei
1898 2951 1957 3000 et
1992 2942 2192 3002 meliis
2230 2938 2555 3019 significatur

467 3037 744 3097 Ecclesia
784 3037 981 3111 quoad
1015 3038 1233 3097 bonum
1269 3044 1487 3099 amoris
1526 3049 1584 3097 et
1623 3042 1752 3117 ejus
1781 3043 2160 3117 jucundum:
2201 3046 2303 3120 qui
2335 3056 2444 3098 non
2468 3035 2557 3094 scit

469 3154 713 3196 sensum
758 3121 1124 3212 spiritualem
1175 3140 1393 3215 Verbi,
1458 3145 1508 3199 is
1550 3158 1667 3199 non
1722 3142 1896 3202 aliter
1940 3143 2160 3216 credit,
2220 3160 2395 3220 quam
2428 3131 2555 3213 quod

468 3237 662 3296 solum
717 3244 875 3297 terra
925 3237 1171 3297 Canaan
1216 3258 1327 3316 per
1375 3241 1481 3299 illa
1529 3241 1715 3299 verba
1761 3242 2184 3318 describatur,
2249 3242 2403 3300 unde
2432 3238 2556 3296 foret

469 3336 736 3397 Verbum
777 3337 949 3398 modo
986 3339 1258 3398 naturale
1297 3347 1354 3399 et
1402 3358 1519 3399 non
1568 3341 1918 3417 spirituale,
1975 3350 2036 3401 et
2084 3350 2288 3403 tamen
2324 3338 2552 3400 Verbum

466 3439 663 3499 ubivis
698 3441 761 3498 in
796 3441 931 3497 sinu
966 3456 1076 3497 suo
1116 3446 1210 3498 est
1252 3441 1599 3517 spirituale,
1657 3447 1718 3499 et
1767 3442 2083 3518 spirituale
2135 3450 2229 3501 est
2266 3459 2439 3519 quum
2468 3447 2554 3512 per

465 3541 652 3601 verba
685 3540 791 3599 illa
825 3539 1237 3615 intelliguntur
1282 3541 1619 3617 spiritualia
1668 3559 1820 3617 quae
1872 3542 2312 3618 significantur,
2374 3547 2552 3609 nempe

422 3696 429 3708 ,
469 3639 629 3738 bssna
666 3647 726 3701 et
757 3658 905 3699 vera.
935 3641 1123 3699 omnis
1161 3643 1431 3717 generis:
1473 3642 1615 3717 quid
1645 3647 1845 3699 autem
1882 3645 1941 3701 in
1973 3645 2180 3719 specie
2215 3661 2328 3719 per
2351 3637 2550 3702 fluvios

401 3711 701 3809 *fonteffi
755 3740 1038 3816 abyssos,
1095 3741 1343 3815 vallem,
1401 3747 1693 3817 montem,
1750 3744 1964 3817 vitem,
2019 3742 2229 3818 ficum,
2287 3741 2549 3813 malogra-

470 3845 703 3912 natum,
760 3838 1009 3912 olivam,
1066 3839 1263 3899 oleum
1312 3847 1372 3899 et
1420 3841 1538 3899 mel
1585 3842 1987 3918 significatur,
2046 3850 2351 3901 ostensum
2387 3835 2554 3897 estin

467 3936 744 3996 Auernus
791 3935 1240 4012 conns-rmus,
1307 3958 1462 4015 quae
1503 3944 1702 4000 omnia
1744 3942 2043 4002 adducere
2079 3943 2373 4020 prolixum
2408 3932 2550 3996 nimis

465 4036 655 4109 foret,
709 4036 1000 4113 pleraque
1038 4042 1238 4095 tamen
1275 4055 1349 4097 ex
1383 4039 1504 4100 illis
1534 4048 1780 4102 ostensa
1818 4049 1958 4102 sunt
2001 4049 2062 4102 et
2105 4043 2475 4103 ostendentur
2503 4034 2550 4090 in

464 4136 581 4194 hac
616 4152 802 4213 super
836 4135 1247 4212 Apocalypsin
1283 4137 1725 4216 Explicatione,
1767 4160 1925 4219 quae
1953 4142 2336 4203 consulantur
2367 4143 2424 4199 in
2448 4132 2550 4194 suis

466 4235 638 4294 locis.
725 4235 905 4311 Apud
941 4234 1202 4295 Hiobum
1255 4236 1380 4313 „Si
1422 4240 1551 4300 vim
1587 4247 1791 4301 terrae
1839 4241 2088 4304 comedi
2131 4242 2265 4304 eine
2302 4239 2546 4318 amento:
