2791 4778
525 355 597 416 56
784 371 786 375 ν
910 346 1403 403 APOCALvPffls
1446 345 1881 403 EXPLICATA.
1960 346 2009 415 §.
2053 356 2184 408 316.

521 506 738 569 Dabit
788 505 979 567 robur
1035 503 1210 584 Reyz·
1272 521 1417 578 auo,
1495 508 1556 563 et
1604 499 1918 564 ewaltabit
1961 500 2173 564 Cornu
2233 503 2422 566 Uncti
2472 506 2592 567 eui
2612 510 2656 540 α

522 609 619 669 II:
666 612 726 666 1.
773 608 895 681 103
947 604 1362 683 propheticum
1419 604 1693 680 Cannae:
1746 621 1859 680 per
1893 603 2183 662 exaltavit
2234 621 2302 665 se
2351 622 2541 666 cornu
2589 611 2661 666 in

522 706 839 779 Jehovah,
890 705 1258 783 significatur
1305 705 1466 780 quod
1498 704 1663 763 illam
1695 703 2036 780 impleverit
2069 704 2354 765 Divinum
2393 705 2655 781 Verum,

523 815 589 870 et
620 808 683 866 id
714 814 929 884 potens
976 805 1303 866 reddiderit
1349 812 1560 865 contra
1607 805 1762 864 falsa
1775 824 1792 881 3
1849 811 1909 863 et
1954 806 2097 881 quia
2141 805 2202 863 id
2252 806 2656 883 significatur,

520 909 658 970 ideo
694 908 909 967 dicitur
946 906 1257 965 dilatatum
1295 912 1390 965 est
1423 922 1492 966 os
1526 922 1724 964 meum
1760 911 1966 965 contra
2001 906 2269 966 inimicos
2306 923 2509 974 meos,
2549 908 2653 966 di-

519 1011 729 1070 latatio
764 1010 884 1067 oris
921 1014 1015 1066 est
1047 1005 1417 1083 praedicatio
1453 1007 1578 1065 veri
1631 1023 1763 1064 cum
1798 1007 2100 1082 potentia,
2149 1012 2210 1065 et
2241 1009 2465 1066 inimici
2503 1016 2653 1068 sunt

519 1110 677 1170 falsa
713 1127 868 1187 quae
902 1109 1184 1167 Divinum
1213 1107 1441 1167 Verum
1478 1105 1828 1183 dispergunt
1839 1125 1856 1181 3
1906 1122 2017 1182 per
2062 1104 2226 1164 dabit
2259 1107 2451 1166 ⁴robur
2486 1107 2654 1186 Regi

524 1228 666 1285 suo,
725 1216 784 1268 et
821 1207 1110 1269 exaltabit
1148 1206 1346 1268 Cornu
1381 1206 1557 1268 Uncti
1607 1208 1729 1279 sui,
1786 1205 2159 1281 significatur
2196 1205 2653 1284 Omnipotentia

522 1311 765 1370 Domini
819 1327 892 1369 ex
923 1309 1142 1368 Divino
1177 1308 1346 1367 Bono
1398 1324 1510 1384 per
1545 1307 1833 1365 Divinum
1870 1305 2127 1374 Verum,
2179 1324 2316 1366 nam
2362 1308 2551 1367 robur
2584 1312 2652 1367 in

526 1410 731 1471 Verbo
768 1410 985 1469 dicitur
1019 1409 1094 1467 de
1130 1409 1401 1486 potentia
1436 1407 1606 1478 boni,
1662 1413 1721 1465 et
1757 1423 1940 1466 cornu
1977 1406 2049 1464 de
2086 1410 2355 1483 potentia
2392 1410 2541 1482 veri,
2583 1416 2650 1468 et

524 1510 754 1573 Unctus
789 1510 1065 1570 Jehovae
1102 1516 1194 1568 est
1227 1510 1521 1568 Dominus
1560 1506 1757 1584 quoad
1790 1506 2074 1565 Divinum
2111 1509 2469 1582 Humanum,
2530 1509 2650 1570 Cui

524 1610 997 1689 Omnipotentia3
1052 1609 1328 1668 videatur
1380 1627 1450 1667 n:
1496 1610 1706 1668 3008.
1747 1608 1962 1666 3009.
2009 1610 2220 1667 9954.
2293 1609 2472 1686 Apud
2507 1611 2645 1668 Da-

522 1711 722 1771 videm
757 1709 1090 1786 „Jehovalz
1126 1706 1441 1781 exaltavit
1478 1705 1689 1769 Cornu
1706 1703 1937 1788 populi
1972 1707 2107 1780 sui,
2147 1705 2405 1770 laudem
2429 1711 2645 1771 omni-

523 1812 642 1872 bue
679 1809 922 1871 sanctie
965 1809 1136 1883 cui-5,
1192 1806 1366 1890 filii-s
1404 1805 1711 1882 lemelia,
1777 1803 2018 1888 populo
2062 1809 2417 1888 propinquo
2473 1815 2643 1872 euo“

525 1911 761 1971 Psalm:
800 1909 1145 1970 CXLVIII:
1184 1913 1303 1984 143
1359 1927 1472 1986 per
1508 1910 1794 1968 exaltavit
1829 1925 2012 1967 cornu
2048 1909 2256 1985 populi
2290 1913 2405 1985 sui,
2444 1914 2640 1988 signi-

525 2012 744 2071 ficatur
779 2010 939 2087 quod
972 2010 1311 2086 impleverit
1344 2010 1576 2069 Divinis
1614 2011 1808 2084 veris;
1849 2026 2046 2086 -quare
2095 2010 2338 2082 dicitnr,
2398 2012 2642 2072 laudem

528 2112 754 2171 sanctis
790 2112 950 2184 suis,
1005 2108 1139 2169 filiis
1174 2109 1453 2184 Israelis»,
1512 2118 1572 2169 et
1606 2108 1833 2186 populo
1868 2111 2204 2186 propinquo
2241 2127 2350 2169 suo
2374 2157 2389 2180 ‚
2446 2117 2645 2173 sancti

527 2212 684 2271 enim
721 2211 998 2271 dicuntur
1049 2214 1153 2294 qui
1211 2213 1272 2269 in
1304 2210 1542 2270 Divinis
1599 2212 1762 2269 veris
1804 2218 1968 2286 sunt,
2024 2213 2311 2289 quoniam
2355 2212 2643 2272 Divinum

524 2312 754 2372 Verum
796 2318 894 2372 ‘est
941 2311 1100 2388 quod
1151 2317 1398 2371 vocatur
1459 2317 1759 2385 sanctum,
1815 2310 2089 2371 videatur
2139 2327 2326 2388 supra
2361 2332 2430 2370 n:
2474 2316 2636 2388 204,

520 2414 712 2475 Israe‘l
749 2422 840 2476 est
872 2412 1149 2474 Ecclesia
1184 2429 1339 2491 quae
1374 2414 1434 2471 in
1472 2413 1660 2486 veris»,
1714 2411 1820 2471 filii
1855 2412 1987 2490 ejus
2022 2419 2163 2473 sunt
2187 2429 2352 2489 vera,
2408 2431 2476 2472 ac
2505 2431 2626 2489 po-

522 2516 702 2592 pulus
739 2518 916 2577 etiam
952 2514 1335 2592 praedicatur
1371 2513 1444 2571 do
1480 2512 1599 2571 illis
1636 2514 1737 2589 qui
1771 2513 1832 2571 in
1857 2516 2017 2573 veris
2054 2520 2229 2587 sunt,
2290 2521 2351 2573 et
2384 2516 2633 2591 propin·-

523 2610 677 2693 quu&
707 2615 919 2676 dicitur
947 2617 1046 2692 qui
1072 2633 1186 2692 per
1209 2615 1314 2673 illa
1341 2613 1693 2691 conjunctus
1721 2620 1813 2671 est
1837 2613 2115 2674 Domine.
2159 2614 2338 2691 Apud
2368 2615 2639 2674 Eundem

525 2713 857 2790 „Jehovah
880 2714 1071 2776 Deus
1111 2712 1397 2775 Zebaoth
1435 2713 1625 2775 decas
1648 2713 2078 2792 fortitudinis
2125 2734 2340 2775 eorum
2392 2713 2525 2790 Tu,
2578 2722 2642 2776 et

515 2833 636 2895 per
679 2811 1140 2895 beneplacitum
1181 2821 1362 2875 tuum
1408 2811 1729 2875 exaltabis
1769 2811 1978 2876 Cornu
2014 2818 2351 2875 nostrum“
2403 2816 2640 2875 Psalm:

523 2914 891 2974 LXXXIX:
949 2918 1067 2989 183
1135 2915 1403 2974 exaltare
1460 2932 1645 2973 cornu
1694 2917 1873 2973 etiam
1908 2915 2007 2975 hic
2057 2915 2351 2993 significat
2388 2916 2641 2993 implere

523 3015 745 3077 Divino
773 3014 937 3074 Vero
973 3022 1033 3073 et
1071 3033 1181 3092 per
1213 3016 1273 3075 id
1306 3017 1578 3092 potentia
1612 3015 1811 3075 facere
1836 3022 2043 3074 centra
2066 3016 2224 3075 falsa
2242 3036 2259 3091 3
2316 3035 2505 3094 quare
2542 3018 2637 3076 di·

524 3117 681 3173 citur
734 3114 1015 3177 Jehovah
1060 3116 1230 3175 Deus
1279 3115 1551 3175 Zebaoth
1605 3115 1789 3174 decus
1853 3116 2213 3176 fortitudinis
2262 3135 2471 3177 eorum
2522 3119 2636 3192 Tu,

525 3215 713 3274 decus
753 3217 931 3274 etiam
967 3218 1026 3276 in
1063 3216 1265 3277 Verbo
1302 3217 1519 3275 dicitur
1554 3215 1627 3274 de
1661 3215 1935 3275 Ecclesia
1989 3224 2050 3276 et
2095 3217 2169 3275 de
2206 3217 2477 3277 doctrina
2509 3222 2642 3278 veri

520 3314 624 3373 ibi.
696 3316 878 3393 Apud
911 3316 1182 3377 Eundem
1251 3361 1289 3393 ‚,
1311 3315 1542 3377 Bonus
1584 3316 1686 3376 vir
1730 3315 2045 3377 miserans
2095 3322 2155 3378 et
2193 3323 2411 3379 mutuo
2452 3317 2638 3392 dam,

503 3414 780 3499 justitia
814 3416 952 3501 ejue
994 3423 1131 3478 stat
1165 3417 1644 3496 inperpetuum,
1683 3414 1893 3477 Cornu
1917 3416 2055 3500 ejus
2080 3416 2473 3478 exalta-bitur
2498 3437 2641 3480 cum

323 3524 484 3589 [380]
521 3513 787 3598 ‚oloricffl
843 3519 1078 3579 Psalm:
1121 3518 1326 3578 CXII:
1376 3518 1432 3576 5.
1484 3519 1555 3592 93
1612 3517 1772 3594 quod
1808 3534 1993 3576 cornu
2029 3518 2322 3595 significet
2355 3518 2639 3579 Divinum

521 3618 750 3679 Verum
771 3663 789 3690 ‚
839 3628 1011 3697 patet
1046 3636 1124 3678 ex
1161 3637 1260 3693 eo,
1319 3618 1480 3695 quod
1516 3618 1748 3677 dicatur
1774 3619 2011 3695 justitia
2046 3620 2177 3696 ejus
2228 3625 2350 3678 stat
2396 3622 2457 3678 in
2493 3638 2637 3697 per-

515 3724 762 3795 petuum
799 3727 860 3779 et
893 3736 1076 3778 cornu
1107 3719 1237 3795 ejus
1267 3718 1625 3778 exaltabitur
1661 3736 1795 3780 cum
1822 3718 2030 3795 gloria,
2060 3720 2300 3796 justitia
2332 3722 2393 3777 in
2432 3721 2640 3781 Verbo

517 3819 732 3879 dicitur
769 3819 842 3879 de
880 3818 1063 3892 bono,
1124 3835 1308 3893 quare
1347 3834 1530 3878 cornu
1568 3819 1641 3878 de
1680 3835 2028 3894 vero,.nam
2068 3822 2130 3878 in
2165 3819 2415 3897 singulis
2452 3820 2639 3880 Verbi

517 3931 611 3979 est
663 3919 1005 3996 conjugium
1049 3917 1192 3976 boni
1236 3924 1295 3976 et
1339 3922 1497 3995 veri3
1555 3922 1731 3979 etiam
1787 3918 1979 3996 gloria
2024 3921 2319 3997 significat
2351 3921 2633 3980 Divinum

516 4018 768 4078 Verum.
836 4017 1020 4097 Apud
1052 4017 1353 4077 Habakuk
1400 4016 1774 4100 „Splendor
1813 4016 2087 4081 Jehovae
2124 4019 2265 4081 Dei
2312 4020 2481 4083 eicut
2519 4015 2639 4082 lucc

490 4108 669 4191 erit,
710 4112 962 4180 Cornua
1009 4138 1043 4179 e
1084 4137 1278 4182 manu
1314 4117 1542 4200 Ipsius
1578 4119 1753 4199 Ipsi,
1792 4124 1853 4180 et
1893 4120 1986 4181 ihi
2022 4118 2370 4183 occultatio·
2395 4121 2638 4183 roboris

512 4214 785 4300 Ipsiu8“
828 4218 948 4282 111:
990 4224 1064 4298 43
1122 4223 1263 4301 quia
1299 4238 1524 4281 cornua
1560 4220 1892 4299 significant
1918 4221 2205 4284 Divinum
2232 4222 2459 4283 Verum
2496 4239 2632 4283 cum
