<?xml version="1.0" encoding="UTF-8"?>
<!DOCTYPE html PUBLIC "-//W3C//DTD XHTML 1.0 Transitional//EN"
    "http://www.w3.org/TR/xhtml1/DTD/xhtml1-transitional.dtd">
<html xmlns="http://www.w3.org/1999/xhtml" xml:lang="en" lang="en">
 <head>
  <title>
</title>
<meta http-equiv="Content-Type" content="text/html;charset=utf-8" />
  <meta name='ocr-system' content='tesseract 3.04.00' />
  <meta name='ocr-capabilities' content='ocr_page ocr_carea ocr_par ocr_line ocrx_word'/>
</head>
<body>
  <div class='ocr_page' id='page_1' title='image "apocalypsisexpl03swedgoog_0200.png"; bbox 0 0 2791 4778; ppageno 0'>
   <div class='ocr_carea' id='block_1_1' title="bbox 429 343 2117 415">
    <p class='ocr_par' dir='ltr' id='par_1_1' title="bbox 429 343 2117 415">
     <span class='ocr_line' id='line_1_1' title="bbox 429 343 2117 415; baseline -0.009 0"><span class='ocrx_word' id='word_1_1' title='bbox 429 358 538 415; x_wconf 75' lang='lat' dir='ltr'><strong>us</strong></span> <span class='ocrx_word' id='word_1_2' title='bbox 843 344 1333 404; x_wconf 72' lang='lat' dir='ltr'>APOCALYPSIS</span> <span class='ocrx_word' id='word_1_3' title='bbox 1374 343 1812 405; x_wconf 76' lang='lat' dir='ltr'><strong>EXPLICATA.</strong></span> <span class='ocrx_word' id='word_1_4' title='bbox 1891 344 1944 414; x_wconf 72' lang='lat' dir='ltr'><strong>i.</strong></span> <span class='ocrx_word' id='word_1_5' title='bbox 1984 354 2117 408; x_wconf 79' lang='lat'><strong>855.</strong></span> 
     </span>
    </p>
   </div>
   <div class='ocr_carea' id='block_1_2' title="bbox 239 487 2552 4269">
    <p class='ocr_par' dir='ltr' id='par_1_2' title="bbox 239 487 2552 4269">
     <span class='ocr_line' id='line_1_2' title="bbox 424 487 2537 584; baseline -0.002 -17"><span class='ocrx_word' id='word_1_6' title='bbox 424 514 523 568; x_wconf 89' lang='lat' dir='ltr'><strong>tur</strong></span> <span class='ocrx_word' id='word_1_7' title='bbox 557 487 1019 584; x_wconf 68' lang='lat' dir='ltr'><strong>negotiationes</strong></span> <span class='ocrx_word' id='word_1_8' title='bbox 1048 521 1184 564; x_wconf 89' lang='lat' dir='ltr'><strong>cum</strong></span> <span class='ocrx_word' id='word_1_9' title='bbox 1228 502 1453 562; x_wconf 88' lang='lat' dir='ltr'><strong>talibus</strong></span> <span class='ocrx_word' id='word_1_10' title='bbox 1471 546 1489 577; x_wconf 94' lang='lat'><strong>,</strong></span> <span class='ocrx_word' id='word_1_11' title='bbox 1543 507 1611 562; x_wconf 89' lang='lat' dir='ltr'><strong>ut</strong></span> <span class='ocrx_word' id='word_1_12' title='bbox 1645 519 1781 561; x_wconf 88' lang='lat' dir='ltr'><strong>cum</strong></span> <span class='ocrx_word' id='word_1_13' title='bbox 1815 502 1978 561; x_wconf 81' lang='lat' dir='ltr'><strong>vasis</strong></span> <span class='ocrx_word' id='word_1_14' title='bbox 2028 503 2218 575; x_wconf 83' lang='lat' dir='ltr'><strong>aeris,</strong></span> <span class='ocrx_word' id='word_1_15' title='bbox 2275 503 2445 579; x_wconf 84' lang='lat' dir='ltr'><strong>equis</strong></span> <span class='ocrx_word' id='word_1_16' title='bbox 2477 508 2537 563; x_wconf 83' lang='lat' dir='ltr'><strong>et</strong></span> 
     </span>
     <span class='ocr_line' id='line_1_3' title="bbox 425 600 2538 681; baseline -0.003 -13"><span class='ocrx_word' id='word_1_17' title='bbox 425 606 635 681; x_wconf 83' lang='lat' dir='ltr'><strong>mulis,</strong></span> <span class='ocrx_word' id='word_1_18' title='bbox 685 610 748 665; x_wconf 86' lang='lat' dir='ltr'><strong>et</strong></span> <span class='ocrx_word' id='word_1_19' title='bbox 781 620 915 663; x_wconf 90' lang='lat' dir='ltr'><strong>cum</strong></span> <span class='ocrx_word' id='word_1_20' title='bbox 948 602 1223 681; x_wconf 88' lang='lat' dir='ltr'><strong>pluribus</strong></span> <span class='ocrx_word' id='word_1_21' title='bbox 1261 603 1426 677; x_wconf 87' lang='lat' dir='ltr'><strong>aliis,</strong></span> <span class='ocrx_word' id='word_1_22' title='bbox 1481 601 1592 662; x_wconf 89' lang='lat' dir='ltr'><strong>sed</strong></span> <span class='ocrx_word' id='word_1_23' title='bbox 1627 600 1789 678; x_wconf 91' lang='lat' dir='ltr'><strong>quod</strong></span> <span class='ocrx_word' id='word_1_24' title='bbox 1821 601 2233 678; x_wconf 79' lang='lat' dir='ltr'><strong>intelligantur</strong></span> <span class='ocrx_word' id='word_1_25' title='bbox 2266 604 2538 679; x_wconf 82' lang='lat' dir='ltr'><strong>negotia-</strong></span> 
     </span>
     <span class='ocr_line' id='line_1_4' title="bbox 296 701 2542 781; baseline 0 -21"><span class='ocrx_word' id='word_1_26' title='bbox 296 759 299 760; x_wconf 19' lang='grc'><strong>.</strong></span> <span class='ocrx_word' id='word_1_27' title='bbox 425 709 622 767; x_wconf 85' lang='lat' dir='ltr'><strong>tiones</strong></span> <span class='ocrx_word' id='word_1_28' title='bbox 681 703 1059 781; x_wconf 81' lang='lat' dir='ltr'><strong>spirituales,</strong></span> <span class='ocrx_word' id='word_1_29' title='bbox 1120 719 1277 779; x_wconf 86' lang='lat' dir='ltr'><strong>quae</strong></span> <span class='ocrx_word' id='word_1_30' title='bbox 1323 701 1473 761; x_wconf 85' lang='lat' dir='ltr'><strong>fiunt</strong></span> <span class='ocrx_word' id='word_1_31' title='bbox 1530 719 1641 778; x_wconf 89' lang='lat' dir='ltr'><strong>per</strong></span> <span class='ocrx_word' id='word_1_32' title='bbox 1687 703 2058 778; x_wconf 80' lang='lat' dir='ltr'><strong>cognitiones</strong></span> <span class='ocrx_word' id='word_1_33' title='bbox 2101 702 2232 762; x_wconf 88' lang='lat' dir='ltr'><strong>veri</strong></span> <span class='ocrx_word' id='word_1_34' title='bbox 2279 708 2344 760; x_wconf 90' lang='lat' dir='ltr'><strong>et</strong></span> <span class='ocrx_word' id='word_1_35' title='bbox 2375 701 2542 777; x_wconf 88' lang='lat' dir='ltr'><strong>boni;</strong></span> 
     </span>
     <span class='ocr_line' id='line_1_5' title="bbox 427 800 2544 877; baseline -0.002 -12"><span class='ocrx_word' id='word_1_36' title='bbox 427 804 697 866; x_wconf 82' lang='lat' dir='ltr'><strong>Verbum</strong></span> <span class='ocrx_word' id='word_1_37' title='bbox 734 804 890 863; x_wconf 88' lang='lat' dir='ltr'><strong>enim</strong></span> <span class='ocrx_word' id='word_1_38' title='bbox 927 809 1022 863; x_wconf 82' lang='lat' dir='ltr'><strong>est</strong></span> <span class='ocrx_word' id='word_1_39' title='bbox 1054 803 1340 861; x_wconf 90' lang='lat' dir='ltr'><strong>Divinum</strong></span> <span class='ocrx_word' id='word_1_40' title='bbox 1378 807 1440 860; x_wconf 87' lang='lat' dir='ltr'><strong>et</strong></span> <span class='ocrx_word' id='word_1_41' title='bbox 1476 800 1550 859; x_wconf 89' lang='lat' dir='ltr'><strong>de</strong></span> <span class='ocrx_word' id='word_1_42' title='bbox 1586 801 1822 859; x_wconf 86' lang='lat' dir='ltr'><strong>Divinis</strong></span> <span class='ocrx_word' id='word_1_43' title='bbox 1859 802 2014 877; x_wconf 85' lang='lat' dir='ltr'><strong>agit,</strong></span> <span class='ocrx_word' id='word_1_44' title='bbox 2055 807 2116 859; x_wconf 89' lang='lat' dir='ltr'><strong>et</strong></span> <span class='ocrx_word' id='word_1_45' title='bbox 2150 818 2267 860; x_wconf 91' lang='lat' dir='ltr'><strong>non</strong></span> <span class='ocrx_word' id='word_1_46' title='bbox 2306 801 2383 861; x_wconf 88' lang='lat' dir='ltr'><strong>de</strong></span> <span class='ocrx_word' id='word_1_47' title='bbox 2418 808 2544 861; x_wconf 88' lang='lat' dir='ltr'><strong>ter·</strong></span> 
     </span>
     <span class='ocr_line' id='line_1_6' title="bbox 427 898 2550 979; baseline -0.002 -14"><span class='ocrx_word' id='word_1_48' title='bbox 427 904 754 978; x_wconf 75' lang='lat' dir='ltr'><strong>rostribus,</strong></span> <span class='ocrx_word' id='word_1_49' title='bbox 810 919 994 979; x_wconf 89' lang='lat' dir='ltr'><strong>quare</strong></span> <span class='ocrx_word' id='word_1_50' title='bbox 1031 903 1293 961; x_wconf 88' lang='lat' dir='ltr'><strong>continet</strong></span> <span class='ocrx_word' id='word_1_51' title='bbox 1326 900 1692 977; x_wconf 82' lang='lat' dir='ltr'><strong>spiritualia,</strong></span> <span class='ocrx_word' id='word_1_52' title='bbox 1749 916 1901 975; x_wconf 89' lang='lat' dir='ltr'><strong>quae</strong></span> <span class='ocrx_word' id='word_1_53' title='bbox 1950 906 2090 959; x_wconf 88' lang='lat' dir='ltr'><strong>sunt</strong></span> <span class='ocrx_word' id='word_1_54' title='bbox 2125 898 2298 960; x_wconf 85' lang='lat' dir='ltr'><strong>Coeli</strong></span> <span class='ocrx_word' id='word_1_55' title='bbox 2335 907 2399 960; x_wconf 85' lang='lat' dir='ltr'><strong>et</strong></span> <span class='ocrx_word' id='word_1_56' title='bbox 2431 901 2550 961; x_wconf 87' lang='lat' dir='ltr'><strong>Ec-</strong></span> 
     </span>
     <span class='ocr_line' id='line_1_7' title="bbox 431 999 2547 1080; baseline -0.002 -16"><span class='ocrx_word' id='word_1_57' title='bbox 431 1004 686 1079; x_wconf 74' lang='lat' dir='ltr'><strong>clasiae,</strong></span> <span class='ocrx_word' id='word_1_58' title='bbox 742 1019 899 1080; x_wconf 88' lang='lat' dir='ltr'><strong>quae</strong></span> <span class='ocrx_word' id='word_1_59' title='bbox 945 1004 1358 1079; x_wconf 85' lang='lat' dir='ltr'><strong>exprimuntur</strong></span> <span class='ocrx_word' id='word_1_60' title='bbox 1408 1001 1469 1057; x_wconf 92' lang='lat' dir='ltr'><strong>in</strong></span> <span class='ocrx_word' id='word_1_61' title='bbox 1517 1015 1700 1058; x_wconf 87' lang='lat' dir='ltr'><strong>sensu</strong></span> <span class='ocrx_word' id='word_1_62' title='bbox 1738 999 1976 1074; x_wconf 85' lang='lat' dir='ltr'><strong>ultimo,</strong></span> <span class='ocrx_word' id='word_1_63' title='bbox 2043 1001 2148 1076; x_wconf 92' lang='lat' dir='ltr'><strong>qui</strong></span> <span class='ocrx_word' id='word_1_64' title='bbox 2197 1006 2293 1059; x_wconf 88' lang='lat' dir='ltr'><strong>est</strong></span> <span class='ocrx_word' id='word_1_65' title='bbox 2332 1016 2547 1060; x_wconf 87' lang='lat' dir='ltr'><strong>sensus</strong></span> 
     </span>
     <span class='ocr_line' id='line_1_8' title="bbox 427 1089 2551 1181; baseline -0.002 -17"><span class='ocrx_word' id='word_1_66' title='bbox 427 1105 656 1178; x_wconf 88' lang='lat' dir='ltr'><strong>literae,</strong></span> <span class='ocrx_word' id='word_1_67' title='bbox 692 1119 803 1181; x_wconf 90' lang='lat' dir='ltr'><strong>per</strong></span> <span class='ocrx_word' id='word_1_68' title='bbox 837 1100 1134 1160; x_wconf 89' lang='lat' dir='ltr'><strong>naturalia</strong></span> <span class='ocrx_word' id='word_1_69' title='bbox 1167 1117 1321 1176; x_wconf 84' lang='lat' dir='ltr'><strong>quae</strong></span> <span class='ocrx_word' id='word_1_70' title='bbox 1350 1099 1821 1176; x_wconf 86' lang='lat' dir='ltr'><strong>correspondent</strong></span> <span class='ocrx_word' id='word_1_71' title='bbox 1852 1098 2002 1158; x_wconf 67' lang='lat' dir='ltr'><strong>illisa</strong></span> <span class='ocrx_word' id='word_1_72' title='bbox 2059 1099 2220 1175; x_wconf 86' lang='lat' dir='ltr'><strong>quod</strong></span> <span class='ocrx_word' id='word_1_73' title='bbox 2252 1089 2551 1177; x_wconf 77' lang='lat' dir='ltr'><strong>negotiari</strong></span> 
     </span>
     <span class='ocr_line' id='line_1_9' title="bbox 431 1198 2551 1276; baseline -0.002 -13"><span class='ocrx_word' id='word_1_74' title='bbox 431 1212 492 1264; x_wconf 89' lang='lat' dir='ltr'><strong>et</strong></span> <span class='ocrx_word' id='word_1_75' title='bbox 525 1198 775 1263; x_wconf 84' lang='lat' dir='ltr'><strong>mercari</strong></span> <span class='ocrx_word' id='word_1_76' title='bbox 810 1201 871 1260; x_wconf 89' lang='lat' dir='ltr'><strong>in</strong></span> <span class='ocrx_word' id='word_1_77' title='bbox 905 1199 1108 1260; x_wconf 87' lang='lat' dir='ltr'><strong>Verbo</strong></span> <span class='ocrx_word' id='word_1_78' title='bbox 1157 1199 1450 1276; x_wconf 83' lang='lat' dir='ltr'><strong>significet</strong></span> <span class='ocrx_word' id='word_1_79' title='bbox 1507 1200 1875 1274; x_wconf 82' lang='lat' dir='ltr'><strong>cognitiones</strong></span> <span class='ocrx_word' id='word_1_80' title='bbox 1923 1200 2054 1257; x_wconf 85' lang='lat' dir='ltr'><strong>veri</strong></span> <span class='ocrx_word' id='word_1_81' title='bbox 2102 1206 2163 1258; x_wconf 89' lang='lat' dir='ltr'><strong>et</strong></span> <span class='ocrx_word' id='word_1_82' title='bbox 2197 1198 2347 1260; x_wconf 86' lang='lat' dir='ltr'><strong>boni</strong></span> <span class='ocrx_word' id='word_1_83' title='bbox 2380 1216 2551 1260; x_wconf 89' lang='lat' dir='ltr'><strong>com-</strong></span> 
     </span>
     <span class='ocr_line' id='line_1_10' title="bbox 430 1297 2552 1381; baseline -0.001 -19"><span class='ocrx_word' id='word_1_84' title='bbox 430 1319 646 1381; x_wconf 87' lang='lat' dir='ltr'><strong>parare</strong></span> <span class='ocrx_word' id='word_1_85' title='bbox 696 1307 757 1361; x_wconf 89' lang='lat' dir='ltr'><strong>et</strong></span> <span class='ocrx_word' id='word_1_86' title='bbox 790 1301 1259 1373; x_wconf 88' lang='lat' dir='ltr'><strong>communicare,</strong></span> <span class='ocrx_word' id='word_1_87' title='bbox 1308 1297 1585 1357; x_wconf 88' lang='lat' dir='ltr'><strong>videatur</strong></span> <span class='ocrx_word' id='word_1_88' title='bbox 1629 1316 1722 1356; x_wconf 76' lang='lat' dir='ltr'><strong>nt.</strong></span> <span class='ocrx_word' id='word_1_89' title='bbox 1750 1301 1963 1358; x_wconf 80' lang='grc'><strong>2967.</strong></span> <span class='ocrx_word' id='word_1_90' title='bbox 2006 1300 2234 1374; x_wconf 84' lang='lat'>44533</span> <span class='ocrx_word' id='word_1_91' title='bbox 2292 1305 2357 1359; x_wconf 86' lang='lat' dir='ltr'><strong>et</strong></span> <span class='ocrx_word' id='word_1_92' title='bbox 2393 1298 2552 1377; x_wconf 87' lang='lat' dir='ltr'><strong>quod</strong></span> 
     </span>
     <span class='ocr_line' id='line_1_11' title="bbox 430 1399 2547 1469; baseline -0.002 -7"><span class='ocrx_word' id='word_1_93' title='bbox 430 1402 622 1462; x_wconf 85' lang='lat' dir='ltr'><strong>simile</strong></span> <span class='ocrx_word' id='word_1_94' title='bbox 651 1418 849 1461; x_wconf 87' lang='lat' dir='ltr'><strong>emere</strong></span> <span class='ocrx_word' id='word_1_95' title='bbox 868 1407 927 1461; x_wconf 88' lang='lat' dir='ltr'><strong>et</strong></span> <span class='ocrx_word' id='word_1_96' title='bbox 952 1399 1234 1469; x_wconf 82' lang='lat' dir='ltr'><strong>vendere,</strong></span> <span class='ocrx_word' id='word_1_97' title='bbox 1259 1417 1316 1456; x_wconf 87' lang='lat' dir='ltr'><strong>n:</strong></span> <span class='ocrx_word' id='word_1_98' title='bbox 1343 1399 1559 1457; x_wconf 82' lang='lat'><strong>2967.</strong></span> <span class='ocrx_word' id='word_1_99' title='bbox 1592 1399 1808 1456; x_wconf 89' lang='grc'><strong>4397.</strong></span> <span class='ocrx_word' id='word_1_100' title='bbox 1841 1399 2056 1458; x_wconf 86' lang='grc'><strong>4453.</strong></span> <span class='ocrx_word' id='word_1_101' title='bbox 2095 1399 2311 1459; x_wconf 88' lang='grc'><strong>5371.</strong></span> <span class='ocrx_word' id='word_1_102' title='bbox 2335 1399 2547 1459; x_wconf 82' lang='grc'><strong>5374.</strong></span> 
     </span>
     <span class='ocr_line' id='line_1_12' title="bbox 440 1496 2548 1576; baseline -0.002 -14"><span class='ocrx_word' id='word_1_103' title='bbox 440 1503 649 1562; x_wconf 88' lang='grc'><strong>5406.</strong></span> <span class='ocrx_word' id='word_1_104' title='bbox 696 1503 904 1561; x_wconf 83' lang='grc'><strong>5410.</strong></span> <span class='ocrx_word' id='word_1_105' title='bbox 944 1501 1151 1560; x_wconf 81' lang='grc'><strong>5426.</strong></span> <span class='ocrx_word' id='word_1_106' title='bbox 1185 1500 1395 1558; x_wconf 88' lang='grc'><strong>5886.</strong></span> <span class='ocrx_word' id='word_1_107' title='bbox 1432 1499 1643 1556; x_wconf 86' lang='grc'><strong>6143.</strong></span> <span class='ocrx_word' id='word_1_108' title='bbox 1678 1499 1885 1557; x_wconf 88' lang='grc'><strong>7999.</strong></span> <span class='ocrx_word' id='word_1_109' title='bbox 1922 1499 2137 1557; x_wconf 84' lang='grc'><strong>9039.</strong></span> <span class='ocrx_word' id='word_1_110' title='bbox 2176 1496 2367 1576; x_wconf 86' lang='lat' dir='ltr'><strong>Apud</strong></span> <span class='ocrx_word' id='word_1_111' title='bbox 2393 1500 2548 1558; x_wconf 89' lang='lat' dir='ltr'><strong>Esa-</strong></span> 
     </span>
     <span class='ocr_line' id='line_1_13' title="bbox 422 1595 2550 1679; baseline 0 -20"><span class='ocrx_word' id='word_1_112' title='bbox 422 1602 550 1679; x_wconf 88' lang='lat' dir='ltr'><strong>jam</strong></span> <span class='ocrx_word' id='word_1_113' title='bbox 588 1598 774 1676; x_wconf 75' lang='lat' dir='ltr'><strong>„Qui</strong></span> <span class='ocrx_word' id='word_1_114' title='bbox 812 1598 1007 1660; x_wconf 59' lang='lat' dir='ltr'><strong>duxit</strong></span> <span class='ocrx_word' id='word_1_115' title='bbox 1056 1616 1160 1658; x_wconf 71' lang='lat' dir='ltr'><strong>eoa</strong></span> <span class='ocrx_word' id='word_1_116' title='bbox 1191 1616 1310 1677; x_wconf 75' lang='lat' dir='ltr'><strong>por</strong></span> <span class='ocrx_word' id='word_1_117' title='bbox 1345 1597 1642 1677; x_wconf 72' lang='lat' dir='ltr'><strong>abyssos,</strong></span> <span class='ocrx_word' id='word_1_118' title='bbox 1698 1596 1868 1658; x_wconf 73' lang='lat' dir='ltr'><strong>sicut</strong></span> <span class='ocrx_word' id='word_1_119' title='bbox 1903 1595 2137 1675; x_wconf 72' lang='lat' dir='ltr'><strong>Equus</strong></span> <span class='ocrx_word' id='word_1_120' title='bbox 2187 1596 2259 1658; x_wconf 79' lang='lat' dir='ltr'><strong>in</strong></span> <span class='ocrx_word' id='word_1_121' title='bbox 2304 1596 2550 1659; x_wconf 72' lang='lat' dir='ltr'><strong>deserto</strong></span> 
     </span>
     <span class='ocr_line' id='line_1_14' title="bbox 430 1692 2549 1777; baseline -0 -16"><span class='ocrx_word' id='word_1_122' title='bbox 430 1718 554 1761; x_wconf 78' lang='lat' dir='ltr'><strong>non</strong></span> <span class='ocrx_word' id='word_1_123' title='bbox 606 1698 1017 1777; x_wconf 77' lang='lat' dir='ltr'><strong>offenderunt,</strong></span> <span class='ocrx_word' id='word_1_124' title='bbox 1073 1698 1241 1759; x_wconf 73' lang='lat' dir='ltr'><strong>sicut</strong></span> <span class='ocrx_word' id='word_1_125' title='bbox 1286 1695 1488 1757; x_wconf 68' lang='lat' dir='ltr'><strong>bestia</strong></span> <span class='ocrx_word' id='word_1_126' title='bbox 1533 1695 1604 1756; x_wconf 79' lang='lat' dir='ltr'><strong>in</strong></span> <span class='ocrx_word' id='word_1_127' title='bbox 1650 1692 1816 1756; x_wconf 80' lang='lat' dir='ltr'><strong>valle</strong></span> <span class='ocrx_word' id='word_1_128' title='bbox 1857 1694 2208 1767; x_wconf 75' lang='lat' dir='ltr'><strong>deacmdz‘t,</strong></span> <span class='ocrx_word' id='word_1_129' title='bbox 2267 1697 2549 1777; x_wconf 63' lang='lat' dir='ltr'><strong>spirim</strong></span> 
     </span>
     <span class='ocr_line' id='line_1_15' title="bbox 432 1795 2549 1875; baseline -0.001 -16"><span class='ocrx_word' id='word_1_130' title='bbox 432 1796 706 1859; x_wconf 79' lang='lat' dir='ltr'><strong>Jehovae</strong></span> <span class='ocrx_word' id='word_1_131' title='bbox 741 1796 940 1858; x_wconf 77' lang='lat' dir='ltr'><strong>duxit</strong></span> <span class='ocrx_word' id='word_1_132' title='bbox 970 1800 1158 1858; x_wconf 73' lang='lat' dir='ltr'><strong>eum“</strong></span> <span class='ocrx_word' id='word_1_133' title='bbox 1203 1795 1440 1857; x_wconf 85' lang='lat' dir='ltr'>LXIII:</span> <span class='ocrx_word' id='word_1_134' title='bbox 1488 1797 1597 1856; x_wconf 87' lang='lat'><strong>13.</strong></span> <span class='ocrx_word' id='word_1_135' title='bbox 1635 1799 1756 1872; x_wconf 82' lang='lat'><strong>143</strong></span> <span class='ocrx_word' id='word_1_136' title='bbox 1794 1798 1988 1872; x_wconf 82' lang='lat' dir='ltr'><strong>agitur</strong></span> <span class='ocrx_word' id='word_1_137' title='bbox 2022 1798 2083 1854; x_wconf 88' lang='lat' dir='ltr'><strong>in</strong></span> <span class='ocrx_word' id='word_1_138' title='bbox 2119 1813 2192 1855; x_wconf 89' lang='lat' dir='ltr'><strong>eo</strong></span> <span class='ocrx_word' id='word_1_139' title='bbox 2227 1796 2450 1875; x_wconf 83' lang='lat' dir='ltr'><strong>Capite</strong></span> <span class='ocrx_word' id='word_1_140' title='bbox 2478 1797 2549 1857; x_wconf 92' lang='lat' dir='ltr'><strong>de</strong></span> 
     </span>
     <span class='ocr_line' id='line_1_16' title="bbox 431 1896 2549 1975; baseline 0 -19"><span class='ocrx_word' id='word_1_141' title='bbox 431 1898 719 1971; x_wconf 89' lang='lat' dir='ltr'><strong>Domino,</strong></span> <span class='ocrx_word' id='word_1_142' title='bbox 786 1902 846 1956; x_wconf 89' lang='lat' dir='ltr'><strong>et</strong></span> <span class='ocrx_word' id='word_1_143' title='bbox 891 1897 964 1956; x_wconf 87' lang='lat' dir='ltr'><strong>de</strong></span> <span class='ocrx_word' id='word_1_144' title='bbox 998 1897 1197 1975; x_wconf 88' lang='lat' dir='ltr'><strong>Ipsius</strong></span> <span class='ocrx_word' id='word_1_145' title='bbox 1246 1912 1452 1974; x_wconf 86' lang='lat' dir='ltr'><strong>pugna</strong></span> <span class='ocrx_word' id='word_1_146' title='bbox 1512 1912 1648 1955; x_wconf 89' lang='lat' dir='ltr'><strong>cum</strong></span> <span class='ocrx_word' id='word_1_147' title='bbox 1696 1896 1941 1955; x_wconf 82' lang='lat' dir='ltr'><strong>infernis</strong></span> <span class='ocrx_word' id='word_1_148' title='bbox 2003 1901 2064 1954; x_wconf 92' lang='lat' dir='ltr'><strong>et</strong></span> <span class='ocrx_word' id='word_1_149' title='bbox 2121 1896 2549 1975; x_wconf 73' lang='lat' dir='ltr'><strong>subJugatione</strong></span> 
     </span>
     <span class='ocr_line' id='line_1_17' title="bbox 435 1996 2549 2073; baseline -0 -16"><span class='ocrx_word' id='word_1_150' title='bbox 435 2014 640 2057; x_wconf 88' lang='lat' dir='ltr'><strong>eorum</strong></span> <span class='ocrx_word' id='word_1_151' title='bbox 661 2016 679 2073; x_wconf 73' lang='grc' dir='ltr'><strong><em>ς</em></strong></span> <span class='ocrx_word' id='word_1_152' title='bbox 730 1996 827 2056; x_wconf 90' lang='lat' dir='ltr'><strong>hic</strong></span> <span class='ocrx_word' id='word_1_153' title='bbox 864 2003 1063 2056; x_wconf 83' lang='lat' dir='ltr'><strong>autem</strong></span> <span class='ocrx_word' id='word_1_154' title='bbox 1113 1996 1186 2066; x_wconf 84' lang='lat' dir='ltr'><strong>dc</strong></span> <span class='ocrx_word' id='word_1_155' title='bbox 1222 1996 1559 2056; x_wconf 85' lang='lat' dir='ltr'><strong>salvatione</strong></span> <span class='ocrx_word' id='word_1_156' title='bbox 1606 2012 1813 2054; x_wconf 89' lang='lat' dir='ltr'><strong>eorum</strong></span> <span class='ocrx_word' id='word_1_157' title='bbox 1859 1997 1964 2071; x_wconf 89' lang='lat' dir='ltr'><strong>qui</strong></span> <span class='ocrx_word' id='word_1_158' title='bbox 1995 1996 2058 2054; x_wconf 90' lang='lat' dir='ltr'><strong>in</strong></span> <span class='ocrx_word' id='word_1_159' title='bbox 2091 2012 2299 2056; x_wconf 89' lang='lat' dir='ltr'><strong>amore</strong></span> <span class='ocrx_word' id='word_1_160' title='bbox 2337 2003 2401 2056; x_wconf 88' lang='lat' dir='ltr'><strong>et</strong></span> <span class='ocrx_word' id='word_1_161' title='bbox 2434 1996 2549 2057; x_wconf 86' lang='lat' dir='ltr'><strong>fide</strong></span> 
     </span>
     <span class='ocr_line' id='line_1_18' title="bbox 431 2095 2549 2174; baseline 0 -18"><span class='ocrx_word' id='word_1_162' title='bbox 431 2100 492 2156; x_wconf 91' lang='lat' dir='ltr'><strong>in</strong></span> <span class='ocrx_word' id='word_1_163' title='bbox 525 2096 733 2174; x_wconf 90' lang='lat' dir='ltr'><strong>Ipsum</strong></span> <span class='ocrx_word' id='word_1_164' title='bbox 783 2103 952 2171; x_wconf 88' lang='lat' dir='ltr'><strong>sunt,</strong></span> <span class='ocrx_word' id='word_1_165' title='bbox 1004 2097 1067 2155; x_wconf 88' lang='lat' dir='ltr'><strong>hi</strong></span> <span class='ocrx_word' id='word_1_166' title='bbox 1112 2103 1533 2172; x_wconf 82' lang='lat' dir='ltr'><strong>comparantur</strong></span> <span class='ocrx_word' id='word_1_167' title='bbox 1569 2111 1723 2170; x_wconf 85' lang='lat' dir='ltr'><strong>equo</strong></span> <span class='ocrx_word' id='word_1_168' title='bbox 1769 2097 1832 2154; x_wconf 92' lang='lat' dir='ltr'><strong>in</strong></span> <span class='ocrx_word' id='word_1_169' title='bbox 1882 2095 2157 2165; x_wconf 87' lang='lat' dir='ltr'><strong>deserto,</strong></span> <span class='ocrx_word' id='word_1_170' title='bbox 2210 2103 2271 2156; x_wconf 88' lang='lat' dir='ltr'><strong>et</strong></span> <span class='ocrx_word' id='word_1_171' title='bbox 2315 2095 2549 2157; x_wconf 84' lang='lat' dir='ltr'><strong>bestiae</strong></span> 
     </span>
     <span class='ocr_line' id='line_1_19' title="bbox 432 2194 2551 2275; baseline 0 -20"><span class='ocrx_word' id='word_1_172' title='bbox 432 2198 491 2255; x_wconf 91' lang='lat' dir='ltr'><strong>in</strong></span> <span class='ocrx_word' id='word_1_173' title='bbox 527 2196 713 2271; x_wconf 87' lang='lat' dir='ltr'><strong>valle,</strong></span> <span class='ocrx_word' id='word_1_174' title='bbox 766 2199 906 2273; x_wconf 88' lang='lat' dir='ltr'><strong>quia</strong></span> <span class='ocrx_word' id='word_1_175' title='bbox 939 2214 1049 2273; x_wconf 87' lang='lat' dir='ltr'><strong>per</strong></span> <span class='ocrx_word' id='word_1_176' title='bbox 1085 2213 1302 2272; x_wconf 88' lang='lat' dir='ltr'><strong>equum</strong></span> <span class='ocrx_word' id='word_1_177' title='bbox 1349 2194 1717 2271; x_wconf 80' lang='lat' dir='ltr'><strong>significatur</strong></span> <span class='ocrx_word' id='word_1_178' title='bbox 1750 2194 2089 2254; x_wconf 84' lang='lat' dir='ltr'><strong>intellectus</strong></span> <span class='ocrx_word' id='word_1_179' title='bbox 2127 2199 2288 2267; x_wconf 86' lang='lat' dir='ltr'><strong>veri,</strong></span> <span class='ocrx_word' id='word_1_180' title='bbox 2343 2203 2409 2256; x_wconf 89' lang='lat' dir='ltr'><strong>et</strong></span> <span class='ocrx_word' id='word_1_181' title='bbox 2442 2214 2551 2275; x_wconf 90' lang='lat' dir='ltr'><strong>per</strong></span> 
     </span>
     <span class='ocr_line' id='line_1_20' title="bbox 431 2295 2551 2372; baseline 0 -15"><span class='ocrx_word' id='word_1_182' title='bbox 431 2298 690 2357; x_wconf 85' lang='lat' dir='ltr'><strong>bestiam</strong></span> <span class='ocrx_word' id='word_1_183' title='bbox 725 2296 960 2357; x_wconf 85' lang='lat' dir='ltr'><strong>affectio</strong></span> <span class='ocrx_word' id='word_1_184' title='bbox 987 2296 1160 2371; x_wconf 89' lang='lat' dir='ltr'><strong>boni;</strong></span> <span class='ocrx_word' id='word_1_185' title='bbox 1200 2310 1405 2355; x_wconf 85' lang='lat' dir='ltr'><strong>omnes</strong></span> <span class='ocrx_word' id='word_1_186' title='bbox 1445 2295 1599 2354; x_wconf 88' lang='lat' dir='ltr'><strong>enim</strong></span> <span class='ocrx_word' id='word_1_187' title='bbox 1635 2296 2111 2372; x_wconf 88' lang='lat' dir='ltr'><strong>comparationes</strong></span> <span class='ocrx_word' id='word_1_188' title='bbox 2147 2297 2210 2353; x_wconf 89' lang='lat' dir='ltr'><strong>in</strong></span> <span class='ocrx_word' id='word_1_189' title='bbox 2235 2295 2448 2357; x_wconf 86' lang='lat' dir='ltr'><strong>Verbo</strong></span> <span class='ocrx_word' id='word_1_190' title='bbox 2477 2313 2551 2356; x_wconf 84' lang='lat' dir='ltr'><strong>ex</strong></span> 
     </span>
     <span class='ocr_line' id='line_1_21' title="bbox 433 2392 2547 2476; baseline 0 -18"><span class='ocrx_word' id='word_1_191' title='bbox 433 2397 974 2476; x_wconf 87' lang='lat' dir='ltr'><strong>correspondentiis</strong></span> <span class='ocrx_word' id='word_1_192' title='bbox 1001 2403 1157 2455; x_wconf 89' lang='lat' dir='ltr'><strong>sunt.</strong></span> <span class='ocrx_word' id='word_1_193' title='bbox 1204 2395 1277 2454; x_wconf 90' lang='lat' dir='ltr'><strong>In</strong></span> <span class='ocrx_word' id='word_1_194' title='bbox 1304 2394 1676 2472; x_wconf 81' lang='lat' dir='ltr'><strong>Apocalypsi</strong></span> <span class='ocrx_word' id='word_1_195' title='bbox 1712 2438 1750 2469; x_wconf 93' lang='lat'><em>„</em></span> <span class='ocrx_word' id='word_1_196' title='bbox 1774 2393 1931 2458; x_wconf 77' lang='lat' dir='ltr'><strong>Vidi</strong></span> <span class='ocrx_word' id='word_1_197' title='bbox 1956 2392 2212 2457; x_wconf 79' lang='lat' dir='ltr'><strong>Ooelum</strong></span> <span class='ocrx_word' id='word_1_198' title='bbox 2235 2402 2547 2476; x_wconf 75' lang='lat' dir='ltr'><strong>apertum,</strong></span> 
     </span>
     <span class='ocr_line' id='line_1_22' title="bbox 431 2492 2550 2577; baseline 0 -20"><span class='ocrx_word' id='word_1_199' title='bbox 431 2503 491 2557; x_wconf 78' lang='lat' dir='ltr'><strong>et</strong></span> <span class='ocrx_word' id='word_1_200' title='bbox 517 2516 647 2558; x_wconf 83' lang='lat' dir='ltr'><strong>ecce</strong></span> <span class='ocrx_word' id='word_1_201' title='bbox 682 2496 915 2577; x_wconf 72' lang='lat' dir='ltr'><strong>Equus</strong></span> <span class='ocrx_word' id='word_1_202' title='bbox 950 2494 1152 2566; x_wconf 65' lang='lat' dir='ltr'><strong>albus,</strong></span> <span class='ocrx_word' id='word_1_203' title='bbox 1202 2500 1261 2555; x_wconf 78' lang='lat' dir='ltr'><strong>et</strong></span> <span class='ocrx_word' id='word_1_204' title='bbox 1287 2493 1576 2554; x_wconf 66' lang='lat' dir='ltr'><strong>insidens</strong></span> <span class='ocrx_word' id='word_1_205' title='bbox 1613 2492 1673 2554; x_wconf 81' lang='lat' dir='ltr'><strong>ei</strong></span> <span class='ocrx_word' id='word_1_206' title='bbox 1696 2494 2034 2555; x_wconf 75' lang='lat' dir='ltr'><strong>vocabatur</strong></span> <span class='ocrx_word' id='word_1_207' title='bbox 2079 2493 2349 2557; x_wconf 78' lang='lat' dir='ltr'><strong>Verbum</strong></span> <span class='ocrx_word' id='word_1_208' title='bbox 2372 2495 2550 2558; x_wconf 72' lang='lat' dir='ltr'><strong>Dei.-</strong></span> 
     </span>
     <span class='ocr_line' id='line_1_23' title="bbox 434 2590 2552 2676; baseline 0 -20"><span class='ocrx_word' id='word_1_209' title='bbox 434 2603 494 2657; x_wconf 72' lang='grc' dir='ltr'><strong>ει</strong></span> <span class='ocrx_word' id='word_1_210' title='bbox 526 2595 879 2658; x_wconf 68' lang='lat' dir='ltr'><strong>Exercitus</strong></span> <span class='ocrx_word' id='word_1_211' title='bbox 914 2596 1025 2675; x_wconf 82' lang='lat' dir='ltr'><strong>qui</strong></span> <span class='ocrx_word' id='word_1_212' title='bbox 1061 2597 1133 2656; x_wconf 77' lang='lat' dir='ltr'><strong>in</strong></span> <span class='ocrx_word' id='word_1_213' title='bbox 1166 2590 1347 2654; x_wconf 79' lang='lat' dir='ltr'><strong>Coelo</strong></span> <span class='ocrx_word' id='word_1_214' title='bbox 1390 2595 1803 2672; x_wconf 74' lang='lat' dir='ltr'><strong>sequebantur</strong></span> <span class='ocrx_word' id='word_1_215' title='bbox 1837 2592 2068 2673; x_wconf 75' lang='lat' dir='ltr'><strong>Ipsum</strong></span> <span class='ocrx_word' id='word_1_216' title='bbox 2111 2612 2301 2675; x_wconf 74' lang='lat' dir='ltr'><strong>super</strong></span> <span class='ocrx_word' id='word_1_217' title='bbox 2334 2595 2552 2676; x_wconf 73' lang='lat' dir='ltr'><strong>Equis</strong></span> 
     </span>
     <span class='ocr_line' id='line_1_24' title="bbox 436 2691 2550 2772; baseline 0 -18"><span class='ocrx_word' id='word_1_218' title='bbox 436 2691 648 2755; x_wconf 75' lang='lat' dir='ltr'><strong>albis“</strong></span> <span class='ocrx_word' id='word_1_219' title='bbox 688 2695 880 2756; x_wconf 79' lang='lat' dir='ltr'>XIX:</span> <span class='ocrx_word' id='word_1_220' title='bbox 938 2700 1015 2755; x_wconf 88' lang='lat'><strong>11</strong></span> <span class='ocrx_word' id='word_1_221' title='bbox 1053 2695 1131 2754; x_wconf 90' lang='lat' dir='ltr'><strong>ad</strong></span> <span class='ocrx_word' id='word_1_222' title='bbox 1175 2696 1257 2752; x_wconf 91' lang='lat'><strong>16</strong></span> <span class='ocrx_word' id='word_1_223' title='bbox 1278 2713 1295 2768; x_wconf 86' lang='lat'>3</span> <span class='ocrx_word' id='word_1_224' title='bbox 1352 2693 1511 2768; x_wconf 88' lang='lat' dir='ltr'><strong>quod</strong></span> <span class='ocrx_word' id='word_1_225' title='bbox 1538 2711 1648 2771; x_wconf 87' lang='lat' dir='ltr'><strong>per</strong></span> <span class='ocrx_word' id='word_1_226' title='bbox 1673 2695 1909 2770; x_wconf 88' lang='lat' dir='ltr'><strong>Equum</strong></span> <span class='ocrx_word' id='word_1_227' title='bbox 1946 2693 2148 2753; x_wconf 88' lang='lat' dir='ltr'><strong>album</strong></span> <span class='ocrx_word' id='word_1_228' title='bbox 2175 2697 2550 2772; x_wconf 83' lang='lat' dir='ltr'><strong>significetur</strong></span> 
     </span>
     <span class='ocr_line' id='line_1_25' title="bbox 435 2792 2551 2870; baseline 0 -17"><span class='ocrx_word' id='word_1_229' title='bbox 435 2793 776 2853; x_wconf 85' lang='lat' dir='ltr'><strong>intellectus</strong></span> <span class='ocrx_word' id='word_1_230' title='bbox 814 2795 1020 2868; x_wconf 82' lang='lat' dir='ltr'><strong>Verbi,</strong></span> <span class='ocrx_word' id='word_1_231' title='bbox 1058 2793 1330 2853; x_wconf 87' lang='lat' dir='ltr'><strong>similiter</strong></span> <span class='ocrx_word' id='word_1_232' title='bbox 1356 2810 1468 2870; x_wconf 85' lang='lat' dir='ltr'><strong>per</strong></span> <span class='ocrx_word' id='word_1_233' title='bbox 1493 2793 1696 2868; x_wconf 87' lang='lat' dir='ltr'><strong>Equos</strong></span> <span class='ocrx_word' id='word_1_234' title='bbox 1729 2792 1917 2864; x_wconf 74' lang='lat' dir='ltr'><strong>alboS‚</strong></span> <span class='ocrx_word' id='word_1_235' title='bbox 1957 2795 2173 2870; x_wconf 87' lang='lat' dir='ltr'><strong>quibus</strong></span> <span class='ocrx_word' id='word_1_236' title='bbox 2209 2796 2551 2856; x_wconf 83' lang='lat' dir='ltr'><strong>insidebant</strong></span> 
     </span>
     <span class='ocr_line' id='line_1_26' title="bbox 439 2892 2548 2970; baseline 0.003 -21"><span class='ocrx_word' id='word_1_237' title='bbox 439 2894 541 2969; x_wconf 90' lang='lat' dir='ltr'><strong>qui</strong></span> <span class='ocrx_word' id='word_1_238' title='bbox 579 2892 1019 2968; x_wconf 87' lang='lat' dir='ltr'><strong>sequebantur,</strong></span> <span class='ocrx_word' id='word_1_239' title='bbox 1058 2899 1334 2961; x_wconf 87' lang='lat' dir='ltr'><strong>constat,</strong></span> <span class='ocrx_word' id='word_1_240' title='bbox 1384 2909 1523 2950; x_wconf 88' lang='lat' dir='ltr'><strong>nam</strong></span> <span class='ocrx_word' id='word_1_241' title='bbox 1567 2892 1832 2951; x_wconf 85' lang='lat' dir='ltr'><strong>insidens</strong></span> <span class='ocrx_word' id='word_1_242' title='bbox 1867 2893 2040 2970; x_wconf 85' lang='lat' dir='ltr'><strong>Equo</strong></span> <span class='ocrx_word' id='word_1_243' title='bbox 2075 2894 2211 2954; x_wconf 89' lang='lat' dir='ltr'><strong>albo</strong></span> <span class='ocrx_word' id='word_1_244' title='bbox 2249 2904 2380 2955; x_wconf 85' lang='lat' dir='ltr'><strong>erat</strong></span> <span class='ocrx_word' id='word_1_245' title='bbox 2417 2897 2548 2958; x_wconf 90' lang='lat' dir='ltr'><strong>Do·</strong></span> 
     </span>
     <span class='ocr_line' id='line_1_27' title="bbox 437 2990 2549 3071; baseline 0.003 -21"><span class='ocrx_word' id='word_1_246' title='bbox 437 2993 631 3050; x_wconf 87' lang='lat' dir='ltr'><strong>minus</strong></span> <span class='ocrx_word' id='word_1_247' title='bbox 668 2991 866 3066; x_wconf 88' lang='lat' dir='ltr'><strong>quoad</strong></span> <span class='ocrx_word' id='word_1_248' title='bbox 900 2991 1185 3067; x_wconf 87' lang='lat' dir='ltr'><strong>Verbum,</strong></span> <span class='ocrx_word' id='word_1_249' title='bbox 1224 2991 1436 3052; x_wconf 90' lang='lat' dir='ltr'><strong>dicitur</strong></span> <span class='ocrx_word' id='word_1_250' title='bbox 1465 2994 1618 3051; x_wconf 87' lang='lat' dir='ltr'><strong>enim</strong></span> <span class='ocrx_word' id='word_1_251' title='bbox 1658 2998 1719 3051; x_wconf 90' lang='lat' dir='ltr'><strong>et</strong></span> <span class='ocrx_word' id='word_1_252' title='bbox 1745 2990 1976 3053; x_wconf 84' lang='lat' dir='ltr'><strong>Sedens</strong></span> <span class='ocrx_word' id='word_1_253' title='bbox 2004 3009 2187 3071; x_wconf 87' lang='lat' dir='ltr'><strong>super</strong></span> <span class='ocrx_word' id='word_1_254' title='bbox 2221 2993 2327 3054; x_wconf 91' lang='lat' dir='ltr'><strong>illo</strong></span> <span class='ocrx_word' id='word_1_255' title='bbox 2363 3013 2549 3056; x_wconf 81' lang='lat' dir='ltr'><strong>voca-</strong></span> 
     </span>
     <span class='ocr_line' id='line_1_28' title="bbox 436 3089 2548 3172; baseline 0.003 -23"><span class='ocrx_word' id='word_1_256' title='bbox 436 3090 611 3149; x_wconf 84' lang='lat' dir='ltr'><strong>batur</strong></span> <span class='ocrx_word' id='word_1_257' title='bbox 634 3089 903 3150; x_wconf 90' lang='lat' dir='ltr'><strong>Verbum</strong></span> <span class='ocrx_word' id='word_1_258' title='bbox 937 3091 1082 3164; x_wconf 89' lang='lat' dir='ltr'><strong>Dei,</strong></span> <span class='ocrx_word' id='word_1_259' title='bbox 1123 3096 1183 3149; x_wconf 91' lang='lat' dir='ltr'><strong>et</strong></span> <span class='ocrx_word' id='word_1_260' title='bbox 1214 3092 1275 3149; x_wconf 90' lang='lat' dir='ltr'><strong>in</strong></span> <span class='ocrx_word' id='word_1_261' title='bbox 1311 3091 1513 3150; x_wconf 85' lang='lat' dir='ltr'><strong>Versu</strong></span> <span class='ocrx_word' id='word_1_262' title='bbox 1555 3094 1585 3150; x_wconf 87' lang='grc'><strong>1</strong></span> <span class='ocrx_word' id='word_1_263' title='bbox 1605 3093 1641 3149; x_wconf 95' lang='grc'><strong>6</strong></span> <span class='ocrx_word' id='word_1_264' title='bbox 1681 3090 1796 3165; x_wconf 90' lang='lat' dir='ltr'><strong>ibi,</strong></span> <span class='ocrx_word' id='word_1_265' title='bbox 1833 3091 2097 3151; x_wconf 88' lang='lat' dir='ltr'><strong>habebat</strong></span> <span class='ocrx_word' id='word_1_266' title='bbox 2130 3109 2321 3172; x_wconf 85' lang='lat' dir='ltr'><strong>super</strong></span> <span class='ocrx_word' id='word_1_267' title='bbox 2356 3098 2548 3156; x_wconf 87' lang='lat' dir='ltr'><strong>vesti-</strong></span> 
     </span>
     <span class='ocr_line' id='line_1_29' title="bbox 436 3189 2545 3269; baseline 0.004 -21"><span class='ocrx_word' id='word_1_268' title='bbox 436 3198 634 3249; x_wconf 87' lang='lat' dir='ltr'><strong>mento</strong></span> <span class='ocrx_word' id='word_1_269' title='bbox 673 3196 734 3249; x_wconf 89' lang='lat' dir='ltr'><strong>et</strong></span> <span class='ocrx_word' id='word_1_270' title='bbox 759 3206 942 3267; x_wconf 87' lang='lat' dir='ltr'><strong>super</strong></span> <span class='ocrx_word' id='word_1_271' title='bbox 968 3191 1192 3249; x_wconf 83' lang='lat' dir='ltr'><strong>femore</strong></span> <span class='ocrx_word' id='word_1_272' title='bbox 1231 3206 1340 3249; x_wconf 90' lang='lat' dir='ltr'><strong>suo</strong></span> <span class='ocrx_word' id='word_1_273' title='bbox 1376 3189 1611 3250; x_wconf 83' lang='lat' dir='ltr'><strong>Nomen</strong></span> <span class='ocrx_word' id='word_1_274' title='bbox 1637 3193 1926 3269; x_wconf 85' lang='lat' dir='ltr'><strong>scriptum</strong></span> <span class='ocrx_word' id='word_1_275' title='bbox 1950 3193 2244 3253; x_wconf 89' lang='lat' dir='ltr'><strong>Dominus</strong></span> <span class='ocrx_word' id='word_1_276' title='bbox 2271 3194 2545 3257; x_wconf 86' lang='lat' dir='ltr'><strong>domino·</strong></span> 
     </span>
     <span class='ocr_line' id='line_1_30' title="bbox 434 3289 2549 3369; baseline 0.002 -18"><span class='ocrx_word' id='word_1_277' title='bbox 434 3308 565 3351; x_wconf 85' lang='lat' dir='ltr'><strong>rum</strong></span> <span class='ocrx_word' id='word_1_278' title='bbox 604 3297 665 3349; x_wconf 83' lang='lat' dir='ltr'><strong>et</strong></span> <span class='ocrx_word' id='word_1_279' title='bbox 693 3289 823 3350; x_wconf 80' lang='lat' dir='ltr'><strong>Rex</strong></span> <span class='ocrx_word' id='word_1_280' title='bbox 859 3309 1094 3368; x_wconf 86' lang='lat' dir='ltr'><strong>regum3</strong></span> <span class='ocrx_word' id='word_1_281' title='bbox 1142 3290 1436 3353; x_wconf 88' lang='lat' dir='ltr'><strong>Dominus</strong></span> <span class='ocrx_word' id='word_1_282' title='bbox 1471 3298 1719 3350; x_wconf 87' lang='lat' dir='ltr'><strong>vocatur</strong></span> <span class='ocrx_word' id='word_1_283' title='bbox 1754 3290 2046 3366; x_wconf 88' lang='lat' dir='ltr'><strong>Verbum,</strong></span> <span class='ocrx_word' id='word_1_284' title='bbox 2104 3295 2246 3369; x_wconf 91' lang='lat' dir='ltr'><strong>quia</strong></span> <span class='ocrx_word' id='word_1_285' title='bbox 2278 3293 2549 3356; x_wconf 86' lang='lat' dir='ltr'><strong>Verbum</strong></span> 
     </span>
     <span class='ocr_line' id='line_1_31' title="bbox 435 3390 2550 3469; baseline 0.001 -17"><span class='ocrx_word' id='word_1_286' title='bbox 435 3392 730 3469; x_wconf 85' lang='lat' dir='ltr'><strong>significat</strong></span> <span class='ocrx_word' id='word_1_287' title='bbox 775 3392 1053 3453; x_wconf 87' lang='lat' dir='ltr'><strong>Divinum</strong></span> <span class='ocrx_word' id='word_1_288' title='bbox 1103 3390 1330 3451; x_wconf 86' lang='lat' dir='ltr'><strong>Verum</strong></span> <span class='ocrx_word' id='word_1_289' title='bbox 1389 3390 1725 3467; x_wconf 88' lang='lat' dir='ltr'><strong>procedens</strong></span> <span class='ocrx_word' id='word_1_290' title='bbox 1772 3391 1847 3449; x_wconf 91' lang='lat' dir='ltr'><strong>ab</strong></span> <span class='ocrx_word' id='word_1_291' title='bbox 1892 3391 2070 3468; x_wconf 74' lang='lat' dir='ltr'><strong>Ipsot</strong></span> <span class='ocrx_word' id='word_1_292' title='bbox 2122 3392 2234 3452; x_wconf 86' lang='lat' dir='ltr'><strong>sed</strong></span> <span class='ocrx_word' id='word_1_293' title='bbox 2281 3393 2442 3456; x_wconf 82' lang='lat' dir='ltr'><strong>haec</strong></span> <span class='ocrx_word' id='word_1_294' title='bbox 2491 3397 2550 3454; x_wconf 90' lang='lat' dir='ltr'><strong>in</strong></span> 
     </span>
     <span class='ocr_line' id='line_1_32' title="bbox 239 3489 2548 3571; baseline -0.002 -13"><span class='ocrx_word' id='word_1_295' title='bbox 239 3497 397 3560; x_wconf 74' lang='grc'><strong>[464]</strong></span> <span class='ocrx_word' id='word_1_296' title='bbox 435 3492 809 3571; x_wconf 86' lang='lat' dir='ltr'><strong>Apocalypsi</strong></span> <span class='ocrx_word' id='word_1_297' title='bbox 858 3492 1093 3569; x_wconf 86' lang='lat' dir='ltr'><strong>plenius</strong></span> <span class='ocrx_word' id='word_1_298' title='bbox 1147 3489 1447 3567; x_wconf 83' lang='lat' dir='ltr'><strong>explicata</strong></span> <span class='ocrx_word' id='word_1_299' title='bbox 1481 3489 1801 3550; x_wconf 88' lang='lat' dir='ltr'><strong>videantur</strong></span> <span class='ocrx_word' id='word_1_300' title='bbox 1832 3493 1893 3550; x_wconf 92' lang='lat' dir='ltr'><strong>in</strong></span> <span class='ocrx_word' id='word_1_301' title='bbox 1928 3489 2237 3568; x_wconf 85' lang='lat' dir='ltr'><strong>Opusculo</strong></span> <span class='ocrx_word' id='word_1_302' title='bbox 2272 3492 2352 3554; x_wconf 89' lang='lat' dir='ltr'><strong>de</strong></span> <span class='ocrx_word' id='word_1_303' title='bbox 2378 3493 2548 3562; x_wconf 78' lang='lat' dir='ltr'><strong>Eouo</strong></span> 
     </span>
     <span class='ocr_line' id='line_1_33' title="bbox 435 3589 2545 3667; baseline 0 -15"><span class='ocrx_word' id='word_1_304' title='bbox 435 3593 614 3653; x_wconf 68' lang='lat' dir='ltr'><strong>Anno</strong></span> <span class='ocrx_word' id='word_1_305' title='bbox 640 3611 709 3651; x_wconf 72' lang='lat' dir='ltr'><strong>nt</strong></span> <span class='ocrx_word' id='word_1_306' title='bbox 746 3596 775 3651; x_wconf 92' lang='lat'>1</span> <span class='ocrx_word' id='word_1_307' title='bbox 803 3611 818 3667; x_wconf 90' lang='lat'>;</span> <span class='ocrx_word' id='word_1_308' title='bbox 865 3600 925 3651; x_wconf 83' lang='lat' dir='ltr'><strong>et</strong></span> <span class='ocrx_word' id='word_1_309' title='bbox 945 3592 1103 3651; x_wconf 87' lang='lat' dir='ltr'><strong>unde</strong></span> <span class='ocrx_word' id='word_1_310' title='bbox 1135 3598 1227 3650; x_wconf 88' lang='lat' dir='ltr'><strong>est</strong></span> <span class='ocrx_word' id='word_1_311' title='bbox 1263 3589 1424 3666; x_wconf 89' lang='lat' dir='ltr'><strong>quod</strong></span> <span class='ocrx_word' id='word_1_312' title='bbox 1449 3592 1738 3650; x_wconf 88' lang='lat' dir='ltr'><strong>Dominus</strong></span> <span class='ocrx_word' id='word_1_313' title='bbox 1767 3589 1999 3649; x_wconf 88' lang='lat' dir='ltr'><strong>dicatur</strong></span> <span class='ocrx_word' id='word_1_314' title='bbox 2025 3590 2311 3667; x_wconf 88' lang='lat' dir='ltr'><strong>Verbum,</strong></span> <span class='ocrx_word' id='word_1_315' title='bbox 2351 3612 2424 3652; x_wconf 81' lang='lat' dir='ltr'><strong>n:</strong></span> <span class='ocrx_word' id='word_1_316' title='bbox 2465 3595 2545 3653; x_wconf 82' lang='lat'><strong>14</strong></span> 
     </span>
     <span class='ocr_line' id='line_1_34' title="bbox 435 3688 2545 3767; baseline 0.002 -17"><span class='ocrx_word' id='word_1_317' title='bbox 435 3690 538 3750; x_wconf 89' lang='lat' dir='ltr'><strong>ibi.</strong></span> <span class='ocrx_word' id='word_1_318' title='bbox 591 3691 886 3767; x_wconf 85' lang='lat' dir='ltr'><strong>Quoniam</strong></span> <span class='ocrx_word' id='word_1_319' title='bbox 922 3690 1144 3751; x_wconf 85' lang='lat' dir='ltr'><strong>Currus</strong></span> <span class='ocrx_word' id='word_1_320' title='bbox 1194 3698 1254 3750; x_wconf 91' lang='lat' dir='ltr'><strong>et</strong></span> <span class='ocrx_word' id='word_1_321' title='bbox 1287 3691 1439 3764; x_wconf 89' lang='lat' dir='ltr'><strong>Equi</strong></span> <span class='ocrx_word' id='word_1_322' title='bbox 1483 3688 1817 3766; x_wconf 86' lang='lat' dir='ltr'><strong>significant</strong></span> <span class='ocrx_word' id='word_1_323' title='bbox 1866 3688 2193 3749; x_wconf 88' lang='lat' dir='ltr'><strong>doctrinam</strong></span> <span class='ocrx_word' id='word_1_324' title='bbox 2231 3708 2308 3751; x_wconf 86' lang='lat' dir='ltr'><strong>ex</strong></span> <span class='ocrx_word' id='word_1_325' title='bbox 2346 3693 2545 3753; x_wconf 87' lang='lat' dir='ltr'><strong>Verbo</strong></span> 
     </span>
     <span class='ocr_line' id='line_1_35' title="bbox 440 3789 2545 3866; baseline 0.002 -18"><span class='ocrx_word' id='word_1_326' title='bbox 440 3794 503 3848; x_wconf 88' lang='lat' dir='ltr'><strong>et</strong></span> <span class='ocrx_word' id='word_1_327' title='bbox 535 3789 669 3865; x_wconf 88' lang='lat' dir='ltr'><strong>ejus</strong></span> <span class='ocrx_word' id='word_1_328' title='bbox 703 3789 1071 3848; x_wconf 84' lang='lat' dir='ltr'><strong>intellectum</strong></span> <span class='ocrx_word' id='word_1_329' title='bbox 1092 3832 1107 3860; x_wconf 94' lang='lat'><strong>,</strong></span> <span class='ocrx_word' id='word_1_330' title='bbox 1148 3795 1209 3848; x_wconf 86' lang='lat' dir='ltr'><strong>et</strong></span> <span class='ocrx_word' id='word_1_331' title='bbox 1243 3790 1434 3847; x_wconf 85' lang='lat' dir='ltr'><strong>omnis</strong></span> <span class='ocrx_word' id='word_1_332' title='bbox 1470 3790 1739 3850; x_wconf 88' lang='lat' dir='ltr'><strong>doctrina</strong></span> <span class='ocrx_word' id='word_1_333' title='bbox 1773 3791 1904 3847; x_wconf 83' lang='lat' dir='ltr'><strong>veri</strong></span> <span class='ocrx_word' id='word_1_334' title='bbox 1940 3797 1998 3848; x_wconf 91' lang='lat' dir='ltr'><strong>et</strong></span> <span class='ocrx_word' id='word_1_335' title='bbox 2035 3790 2167 3866; x_wconf 89' lang='lat' dir='ltr'><strong>ejus</strong></span> <span class='ocrx_word' id='word_1_336' title='bbox 2201 3791 2545 3852; x_wconf 81' lang='lat' dir='ltr'><strong>intellectus</strong></span> 
     </span>
     <span class='ocr_line' id='line_1_36' title="bbox 441 3885 2545 3968; baseline 0.002 -22"><span class='ocrx_word' id='word_1_337' title='bbox 441 3891 537 3946; x_wconf 85' lang='lat' dir='ltr'><strong>est</strong></span> <span class='ocrx_word' id='word_1_338' title='bbox 571 3904 605 3946; x_wconf 89' lang='lat' dir='ltr'><strong>e</strong></span> <span class='ocrx_word' id='word_1_339' title='bbox 642 3885 827 3947; x_wconf 83' lang='lat' dir='ltr'><strong>Coelo</strong></span> <span class='ocrx_word' id='word_1_340' title='bbox 877 3903 916 3946; x_wconf 91' lang='lat' dir='ltr'><strong>a</strong></span> <span class='ocrx_word' id='word_1_341' title='bbox 947 3887 1238 3967; x_wconf 80' lang='lat' dir='ltr'><strong>Domino,</strong></span> <span class='ocrx_word' id='word_1_342' title='bbox 1294 3885 1432 3945; x_wconf 89' lang='lat' dir='ltr'><strong>ideo</strong></span> <span class='ocrx_word' id='word_1_343' title='bbox 1489 3886 1704 3949; x_wconf 90' lang='lat' dir='ltr'><strong>dicitur</strong></span> <span class='ocrx_word' id='word_1_344' title='bbox 1759 3887 1833 3947; x_wconf 90' lang='lat' dir='ltr'><strong>de</strong></span> <span class='ocrx_word' id='word_1_345' title='bbox 1868 3887 2044 3965; x_wconf 88' lang='lat' dir='ltr'><strong>Ipso,</strong></span> <span class='ocrx_word' id='word_1_346' title='bbox 2099 3890 2259 3966; x_wconf 88' lang='lat' dir='ltr'><strong>qnod</strong></span> <span class='ocrx_word' id='word_1_347' title='bbox 2305 3892 2545 3968; x_wconf 83' lang='lat' dir='ltr'><strong>Equitet</strong></span> 
     </span>
     <span class='ocr_line' id='line_1_37' title="bbox 440 3984 2543 4066; baseline 0.001 -20"><span class='ocrx_word' id='word_1_348' title='bbox 440 4002 629 4063; x_wconf 77' lang='lat' dir='ltr'><strong>super</strong></span> <span class='ocrx_word' id='word_1_349' title='bbox 663 3984 903 4057; x_wconf 84' lang='lat' dir='ltr'><strong>Verbo,</strong></span> <span class='ocrx_word' id='word_1_350' title='bbox 937 4003 1120 4062; x_wconf 88' lang='lat' dir='ltr'><strong>super</strong></span> <span class='ocrx_word' id='word_1_351' title='bbox 1154 3984 1445 4056; x_wconf 82' lang='lat' dir='ltr'><strong>nubibus,</strong></span> <span class='ocrx_word' id='word_1_352' title='bbox 1479 4004 1663 4063; x_wconf 88' lang='lat' dir='ltr'><strong>super</strong></span> <span class='ocrx_word' id='word_1_353' title='bbox 1699 3986 1896 4060; x_wconf 87' lang='lat' dir='ltr'><strong>coe10,</strong></span> <span class='ocrx_word' id='word_1_354' title='bbox 1935 4005 2119 4063; x_wconf 89' lang='lat' dir='ltr'><strong>super</strong></span> <span class='ocrx_word' id='word_1_355' title='bbox 2156 3988 2452 4066; x_wconf 90' lang='lat' dir='ltr'><strong>cherubo,</strong></span> <span class='ocrx_word' id='word_1_356' title='bbox 2490 3996 2543 4049; x_wconf 83' lang='lat' dir='ltr'><strong>et</strong></span> 
     </span>
     <span class='ocr_line' id='line_1_38' title="bbox 443 4085 2540 4165; baseline 0.002 -21"><span class='ocrx_word' id='word_1_357' title='bbox 443 4085 605 4162; x_wconf 92' lang='lat' dir='ltr'><strong>quod</strong></span> <span class='ocrx_word' id='word_1_358' title='bbox 636 4085 818 4144; x_wconf 80' lang='lat' dir='ltr'><strong>saciat</strong></span> <span class='ocrx_word' id='word_1_359' title='bbox 853 4086 1150 4161; x_wconf 89' lang='lat' dir='ltr'><strong>equitare,</strong></span> <span class='ocrx_word' id='word_1_360' title='bbox 1202 4093 1270 4145; x_wconf 93' lang='lat' dir='ltr'><strong>ut</strong></span> <span class='ocrx_word' id='word_1_361' title='bbox 1315 4087 1376 4142; x_wconf 87' lang='lat' dir='ltr'><strong>in</strong></span> <span class='ocrx_word' id='word_1_362' title='bbox 1412 4086 1802 4163; x_wconf 83' lang='lat' dir='ltr'><strong>sequentibus</strong></span> <span class='ocrx_word' id='word_1_363' title='bbox 1853 4086 1946 4146; x_wconf 89' lang='lat' dir='ltr'><strong>his</strong></span> <span class='ocrx_word' id='word_1_364' title='bbox 1980 4087 2162 4147; x_wconf 82' lang='lat' dir='ltr'><strong>locis=</strong></span> <span class='ocrx_word' id='word_1_365' title='bbox 2217 4090 2382 4165; x_wconf 91' lang='lat' dir='ltr'><strong>apud</strong></span> <span class='ocrx_word' id='word_1_366' title='bbox 2415 4089 2540 4148; x_wconf 84' lang='lat' dir='ltr'><strong>Da-</strong></span> 
     </span>
     <span class='ocr_line' id='line_1_39' title="bbox 442 4181 2537 4269; baseline 0.002 -27"><span class='ocrx_word' id='word_1_367' title='bbox 442 4184 636 4246; x_wconf 90' lang='lat' dir='ltr'><strong>videm</strong></span> <span class='ocrx_word' id='word_1_368' title='bbox 674 4182 999 4268; x_wconf 72' lang='lat' dir='ltr'><strong>„Aocinqe</strong></span> <span class='ocrx_word' id='word_1_369' title='bbox 1032 4181 1331 4269; x_wconf 73' lang='lat' dir='ltr'><strong>qladium</strong></span> <span class='ocrx_word' id='word_1_370' title='bbox 1369 4191 1553 4250; x_wconf 79' lang='lat' dir='ltr'><strong>tuum</strong></span> <span class='ocrx_word' id='word_1_371' title='bbox 1588 4203 1779 4266; x_wconf 72' lang='lat' dir='ltr'><strong>super</strong></span> <span class='ocrx_word' id='word_1_372' title='bbox 1789 4185 2014 4266; x_wconf 81' lang='lat' dir='ltr'><strong>femur</strong></span> <span class='ocrx_word' id='word_1_373' title='bbox 2046 4184 2288 4249; x_wconf 71' lang='lat' dir='ltr'><strong>Potens</strong></span> <span class='ocrx_word' id='word_1_374' title='bbox 2326 4188 2396 4249; x_wconf 79' lang='lat' dir='ltr'><strong>in</strong></span> <span class='ocrx_word' id='word_1_375' title='bbox 2435 4185 2537 4247; x_wconf 79' lang='lat' dir='ltr'><strong>de-</strong></span> 
     </span>
    </p>
   </div>
  </div>
 </body>
</html>
