2791 4778
493 402 601 453 370
823 389 1326 445 APOCALYPSIS
1368 388 1806 449 EmecATA.
1869 391 1915 460 ς.
1960 400 2078 452 397.
2121 400 2240 452 398.

2658 473 2670 574 1

488 552 692 626 stitia,
730 569 881 611 nam
917 549 1516 610 consummationem
1549 553 1607 608 et
1642 548 2016 609 decisionem
2041 549 2347 609 Dominus
2378 548 2536 614 Jeho·

486 652 592 714 vih
618 652 904 713 Zebaoth
927 652 1185 731 faciens
1214 651 1281 711 in
1310 656 1445 710 tota
1473 652 1691 710 terra“
1733 650 1813 708 X:
1864 654 1973 709 22.
2013 654 2119 709 232
2164 650 2311 726 apud
2334 652 2537 727 Zepha-

486 756 640 813 niam
680 752 810 829 „In
850 752 879 811 i
877 771 998 833 qne
1032 749 1157 812 zeli
1200 750 1476 811 Jehovae
1518 750 1803 810 Zebaotlt
1847 750 2190 811 comedetur
2233 756 2354 810 tota
2385 758 2535 825 terra,

483 853 636 934 quia
656 853 1252 914 consummationem
1272 859 1330 912 et
1345 849 1599 929 quidem
1611 851 2001 930 festinatam
2004 851 2204 931 faciet
2220 869 2350 910 cum
2372 850 2537 910 omni-

483 956 598 1016 bus
624 954 1087 1015 habitatoribus
1115 955 1362 1013 terrae“
1383 953 1431 1010 I:
1468 956 1571 1012 18:
1603 954 1764 1027 apud
1786 953 2101 1010 Danielem
2120 996 2164 1025 „,
2180 950 2435 1011 Tandem
2451 970 2538 1011 su-

471 1076 591 1136 per
625 1075 802 1117 avem
843 1053 1381 1115 abominationum
1410 1051 1741 1125 desolatio,
1782 1057 1841 1110 et
1868 1071 2065 1131 usque
2088 1051 2174 1112 ad
2198 1070 2538 1112 consumma-

482 1156 714 1217 tionem
754 1163 814 1218 et
840 1155 1215 1216 decisionem
1243 1143 1519 1213 stillabit
1557 1172 1748 1231 super
1773 1152 2305 1214 devastationem“
2332 1152 2422 1212 IX:
2448 1156 2539 1220 27,

483 1264 543 1316 et
570 1257 742 1333 alibi;
792 1276 903 1334 per
940 1258 1510 1316 consummationem
1548 1261 1607 1314 et
1642 1255 2001 1313 decisionem
2031 1258 2088 1313 in
2118 1255 2208 1314 his
2235 1256 2368 1314 locis
2391 1254 2539 1329 signi-

478 1359 691 1417 ficatur
734 1340 927 1417 status
965 1358 1209 1416 ultimus
1247 1357 1592 1429 Ecclesiae,
1662 1357 1762 1430 qui
1812 1361 1906 1412 est
1944 1356 2181 1432 quando
2227 1374 2336 1413 non
2376 1370 2542 1413 verum

480 1460 738 1536 amplius
782 1461 920 1535 quia
956 1476 1071 1517 non
1106 1457 1357 1530 bonum,
1417 1473 1526 1515 seu
1565 1455 1801 1532 quando
1838 1473 1955 1514 non
1983 1457 2132 1516 fides
2171 1456 2405 1533 amplius
2436 1455 2545 1530 quia

479 1577 595 1618 non
646 1559 934 1637 charitas3
1006 1545 1065 1615 et
1112 1575 1247 1615 cum
1293 1557 1394 1616 ille
1447 1564 1639 1615 status
1692 1557 2006 1616 Ecclesiae
2059 1566 2181 1628 est,
2246 1565 2373 1615 tunc
2414 1555 2544 1613 venit

479 1660 752 1718 ultimum
784 1660 1108 1735 judicium:
1167 1658 1325 1732 quod
1375 1666 1518 1716 tunc
1554 1657 1823 1715 ultimum
1872 1657 2166 1734 judicium
2221 1660 2429 1729 veniat,
2475 1658 2545 1712 est

480 1776 717 1835 quoque
766 1762 903 1834 quia
957 1759 1297 1815 Humanum
1365 1758 1570 1818 Genus
1622 1765 1716 1816 est
1764 1759 1928 1817 basis
1981 1776 2092 1818 seu
2152 1758 2544 1818 fundamentum

480 1858 646 1917 Coeli
680 1859 986 1935 Angelici‚
1042 1877 1179 1916 nam
1229 1860 1568 1935 conjunctio
1620 1857 1789 1917 Coeli
1830 1860 2090 1935 angelici
2140 1879 2270 1919 cum
2314 1858 2543 1916 Humano

480 1959 717 2017 Gencre
765 1965 857 2019 est
893 1967 1221 2037 perpetua,
1276 1976 1344 2017 ac
1398 1978 1578 2020 unum
1617 1959 1890 2018 subsistit
1925 1977 2036 2036 per
2074 1961 2349 2033 alterum,
2400 1971 2547 2033 quare

478 2075 610 2117 cum
644 2060 809 2119 basis
838 2078 952 2118 non
991 2060 1440 2136 correspondet,
1483 2059 1730 2118 Coelum
1755 2060 2114 2137 Angelicum
2145 2061 2401 2131 vacillat,
2441 2057 2548 2114 ideo

479 2167 617 2220 tunc
668 2161 971 2221 ‚Iudicium
1022 2178 1207 2238 super
1259 2160 1395 2219 illos
1449 2163 1548 2236 qui
1592 2162 1651 2218 in
1699 2161 1920 2221 Mundo
1975 2162 2269 2238 spirituali
2307 2165 2460 2228 sunt,
2500 2161 2550 2213 ut

278 2266 437 2327 [589]
482 2264 676 2319 omnia
714 2270 835 2321 tam
872 2266 930 2320 in
971 2261 1170 2320 Coelis
1211 2278 1383 2335 quam
1424 2264 1483 2319 in
1518 2262 1762 2319 infernis
1809 2265 1868 2320 in
1917 2264 2188 2321 ordinem
2224 2262 2548 2337 redigantur:

479 2363 636 2439 quod
663 2363 1003 2423 Humanum
1046 2362 1251 2422 Genus
1290 2363 1368 2420 sit
1401 2362 1563 2421 basis
1603 2368 1664 2421 et
1699 2362 2150 2424 fundamentum
2190 2363 2348 2424 Coeli
2378 2362 2548 2436 Ange-

475 2465 607 2536 lici,
658 2470 716 2521 et
755 2464 913 2541 quod
959 2464 1291 2540 conjunctio
1343 2470 1642 2539 perpetua
1691 2467 1796 2537 sit,
1851 2465 2130 2524 videatur
2179 2469 2239 2525 in
2273 2465 2454 2540 Opere
2494 2458 2551 2516 de

480 2564 691 2625 Conco
727 2584 804 2623 Εἰ·
840 2566 1122 2623 INFERNO
1157 2582 1225 2622 n:
1271 2566 1403 2622 291
1443 2563 1516 2621 ad
1561 2565 1731 2639 302;
1783 2571 1844 2623 et
1878 2585 1948 2624 n:
1995 2568 2136 2625 303
2179 2566 2252 2625 ad
2293 2567 2436 2624 310.
2481 2560 2551 2618 Ex

477 2665 569 2722 his
608 2667 744 2723 sciri
779 2671 1007 2742 potest,
1065 2665 1224 2740 quod
1262 2681 1373 2738 per
1422 2664 2007 2726 Consummationem
2048 2668 2405 2744 intelligatur
2435 2661 2549 2720 ulti-

480 2782 610 2822 mus
654 2764 858 2824 Status
903 2766 1243 2840 Ecclesiae,
1313 2766 1553 2840 quando
1606 2783 1722 2824 non
1774 2767 1923 2826 fides
1978 2769 2239 2844 amplius
2291 2768 2418 2842 quia
2461 2777 2552 2820 non

481 2864 739 2922 charitas
752 2884 767 2937 3
809 2868 909 2940 qui
946 2871 1137 2923 status
1174 2860 1483 2924 Ecclesiae
1528 2867 1705 2924 etiam
1741 2869 1800 2924 in
1838 2868 2043 2928 Verbo
2081 2874 2329 2927 vocatur
2360 2865 2548 2924 Vasta·-

481 2967 594 3035 tio,
654 2970 712 3022 et
747 2963 1087 3034 Desolatio,
1141 2973 1201 3024 et
1238 2986 1275 3024 a
1310 2967 1565 3024 Domino
1605 2965 2051 3027 Consummatio
2091 2969 2342 3041 saeculi,
2379 2961 2551 3025 Matth:

478 3063 653 3124 XIII:
699 3065 808 3121 39.
839 3066 951 3122 40.
988 3066 1100 3124 49.
1144 3065 1290 3144 Cap:
1329 3067 1574 3126 XXIV:
1620 3068 1679 3126 3.
1739 3068 1897 3145 Cap:
1937 3069 2247 3129 XXVIII:
2299 3071 2399 3127 20.

639 3165 799 3223 398.
849 3164 1039 3224 Vers:
1090 3169 1194 3224 12.
1232 3170 1340 3227 13.
1378 3171 1486 3226 14.
1540 3165 1635 3226 Et
1662 3168 1802 3228 vidi
1835 3187 1977 3229 cum
2012 3170 2365 3249 aperuisset
2394 3159 2550 3245 siyil-

483 3254 614 3326 Zum
644 3270 915 3337 sextum,
952 3270 1010 3325 et
1045 3285 1173 3327 ecce
1203 3275 1407 3328 terrae
1443 3275 1655 3328 motus
1686 3289 1962 3348 magnus
1975 3271 2205 3350 sactus
2232 3275 2327 3330 est
2336 3288 2362 3342 ;
2395 3271 2447 3326 et
2478 3256 2552 3324 sol

466 3367 695 3446 factus
722 3371 815 3426 est
842 3367 913 3426 ni
911 3388 1025 3447 θεν
1061 3375 1363 3446 tanquam
1397 3387 1621 3428 saccus
1650 3368 1962 3442 cilicinus,
2011 3377 2070 3430 et
2106 3369 2263 3431 luna
2284 3371 2460 3450 sacta
2479 3364 2551 3422 est

477 3458 781 3549 tanquam
801 3468 1089 3548 sanquis.
1127 3468 1225 3528 Et
1243 3466 1465 3529 stellae
1485 3467 1659 3530 Coeli
1677 3469 2027 3532 ceciderunt
2045 3471 2114 3531 in
2141 3477 2393 3546 tem-am,
2421 3464 2552 3528 siout

468 3572 638 3651 ficus
667 3568 885 3649 dejicit
905 3587 1168 3649 yrossos
1194 3589 1344 3631 suos
1383 3589 1426 3629 a
1461 3589 1694 3650 mayno
1735 3576 1911 3631 vento
1948 3591 2266 3632 concussa.
2315 3571 2407 3633 Et
2430 3567 2549 3628 Goe-

479 3656 613 3731 lum
649 3669 951 3731 abscessit
986 3675 1287 3749 tanquam
1327 3661 1483 3731 liber
1521 3669 1931 3744 convolutus,·
1984 3678 2043 3732 et
2067 3673 2273 3733 omnis
2314 3687 2474 3732 mons
2507 3665 2553 3723 et

476 3767 697 3831 insula
722 3790 755 3829 e
782 3768 939 3830 locis
968 3772 1110 3832 suis
1128 3776 1333 3831 emota
1354 3778 1519 3832 sunt.
1558 3772 1634 3830 Et
1661 3772 1780 3830 vidi
1807 3791 1938 3831 cum
1965 3777 2305 3849 aperuisset
2330 3769 2550 3848 sigillum

478 3879 732 3947 sextum,
770 3871 1067 3948 significat
1093 3873 1558 3948 praedictionem
1584 3862 1683 3960 [de
1703 3864 1889 3961 statu]
1917 3875 2224 3933 Ecclesiae
2256 3873 2441 3932 adhuc
2469 3864 2548 3925 ul·

476 3971 786 4028 teriorem:
844 3978 903 4029 et
939 3989 1078 4030 ecce
1115 3979 1309 4031 terrae
1347 3982 1543 4034 motus
1582 3991 1832 4050 magnus
1880 3975 2073 4034 sactus
2113 3983 2233 4052 est,
2292 3967 2553 4049 significat

471 4073 696 4121 statum
732 4068 1040 4125 Ecclesiae
1075 4085 1321 4142 prorsus
1371 4075 1781 4131 immutatum:
1841 4083 1900 4134 et
1933 4075 2025 4133 sol
2059 4077 2248 4135 factus
2286 4080 2376 4132 est
2411 4070 2551 4143 niger

479 4169 761 4230 tanquam
798 4178 1011 4219 saccus
1050 4164 1349 4239 cilicinus,
1418 4177 1477 4226 et
1511 4172 1655 4229 luna
1688 4174 1849 4231 facta
1878 4183 1971 4233 est
2006 4182 2280 4250 tanquam
2317 4168 2549 4246 sanguis,

473 4253 773 4326 significat
815 4256 975 4330 quod
1022 4276 1193 4316 omne
1228 4256 1449 4324 bonum
1490 4273 1707 4328 amoris
1760 4272 2131 4350 disparatum
2177 4277 2280 4346 sit,
2334 4279 2391 4333 et
2434 4264 2549 4327 inde
