2791 4778
507 408 613 460 404
910 397 1409 453 naPOCALYPSIS
1453 397 1889 456 EXPLICATA.
1970 399 2018 467 ᾗ.
2063 408 2186 461 403.

506 565 562 619 ot
602 559 901 636 pueritiae
953 574 1127 626 suae,
1185 556 1344 634 quod
1399 575 1532 617 cum
1584 557 1682 631 fit,
1747 558 2112 636 dejiciuntur
2159 558 2322 628 illae,
2372 565 2427 616 et
2465 559 2575 620 loco

504 676 707 718 earum
745 658 1078 718 succedunt
1113 658 1298 717 falsa:
1353 657 1505 742 haec
1543 661 1746 735 itaque
1784 665 1966 728 sunt,
2035 677 2185 736 quae
2221 658 2577 735 significantur

499 776 610 836 per
667 759 826 836 quod
887 758 1102 819 stellae
1159 760 1375 818 cadant
1426 761 1488 817 in
1541 765 1794 834 terram,
1879 767 2165 836 tanquam
2217 759 2356 818 ficus
2411 759 2576 836 dejicit

500 876 745 937 grossos
782 876 996 937 magno
1031 867 1208 919 vento
1246 875 1555 918 concussa.
1636 858 1809 935 Quod
1845 860 2004 919 ficus
2049 859 2333 937 significet
2367 867 2571 919 natura-

498 961 619 1019 lem
653 962 979 1030 hominem,
1034 967 1126 1019 est
1164 978 1236 1020 ex
1271 962 1834 1036 correspondentia3
1893 964 1956 1018 in
2004 959 2190 1020 Coelo
2235 963 2378 1018 enim
2413 976 2570 1037 appa-

498 1067 632 1119 rent
675 1060 833 1119 horti
884 1067 944 1119 et
991 1061 1286 1137 paradisi,
1342 1060 1448 1118 ubi
1496 1064 1685 1120 omnis
1738 1063 1983 1137 generis
2038 1061 2283 1123 arbores
2337 1065 2474 1128 sunt,
2525 1064 2573 1117 et

496 1163 867 1236 unaquaevis
906 1161 1083 1218 arbor
1119 1160 1345 1236 aliquid
1378 1161 1609 1235 Divini,
1675 1161 1834 1238 quod
1877 1163 2351 1220 communicatur
2379 1157 2562 1235 angelis

500 1279 534 1318 a
570 1261 858 1336 Domino,
913 1261 1208 1338 significat
1221 1283 1236 1336 3
1301 1263 1361 1319 in
1397 1278 1617 1337 genere
1654 1262 1791 1321 olea
1825 1261 2131 1338 significat
2170 1261 2414 1321 coeleste
2443 1256 2573 1334 quod

498 1367 590 1421 cst
631 1361 770 1420 boni
821 1364 1069 1434 amoris,
1125 1364 1263 1422 vitis
1301 1362 1613 1437 spirituale
1659 1362 1815 1438 quod
1864 1369 1959 1422 est
2010 1364 2142 1420 veri
2195 1380 2266 1421 ex
2309 1360 2402 1420 illo
2430 1358 2568 1431 bono,

500 1477 568 1521 ac
603 1460 751 1519 ficus
789 1461 1060 1521 naturale
1102 1463 1261 1538 quod
1298 1479 1369 1520 ex
1407 1462 1705 1537 spirituali
1740 1471 1843 1520 aut
1883 1480 1958 1521 ex
2000 1462 2252 1522 coelesti
2287 1461 2568 1533 derivatum

497 1569 554 1621 et
591 1564 731 1637 quia
773 1562 913 1620 illae
952 1562 1198 1620 arbores
1247 1562 1393 1620 talia
1432 1563 1794 1638 significant,
1858 1563 2001 1623 ideo
2054 1566 2233 1623 etiam
2286 1559 2569 1637 significant

493 1662 770 1740 angelum
817 1668 920 1720 aut
963 1661 1294 1736 hominem,
1376 1662 1539 1739 apud
1595 1681 1746 1740 quos
1808 1664 1915 1723 illa
1964 1669 2137 1738 sunt3
2206 1665 2265 1722 in
2316 1658 2567 1719 communi

492 1769 690 1820 autem
740 1779 922 1821 sensu
979 1761 1311 1838 significant
1359 1768 1547 1821 totam
1595 1767 1981 1834 societatem,
2049 1765 2192 1840 quia
2245 1758 2563 1838 unaquaevis

489 1863 749 1921 societas
783 1865 844 1922 in
883 1861 1079 1921 Coelis
1121 1869 1215 1921 est
1249 1861 1505 1921 formata
1533 1871 1599 1923 ut
1635 1867 1809 1924 sistat
1845 1867 2174 1942 imaginem
2213 1865 2378 1923 unius
2410 1858 2565 1918 homi·

489 1964 613 2038 nis;
667 1965 730 2022 in
758 1961 1054 2040 spirituali
1090 1968 1288 2020 autem
1325 1980 1510 2022 sensu
1551 1965 1885 2041 significant
1920 1966 2069 2025 illae
2106 1964 2344 2022 arbores
2388 1957 2564 2018 Eccle-

489 2066 655 2138 siam,
708 2063 841 2123 olea
875 2064 1210 2123 Ecclesiam
1247 2064 1598 2139 coelestem,
1655 2068 1792 2125 vitis
1836 2067 2180 2125 Ecclesiam
2215 2059 2560 2140 spiritualem,

490 2171 550 2222 et
584 2164 731 2224 ficus
769 2164 1102 2223 Ecclesiam
1144 2164 1509 2235 naturalem,
1561 2182 1718 2249 quae
1749 2173 1843 2225 est
1881 2167 2163 2227 Ecclesia
2202 2170 2430 2223 externa
2456 2175 2562 2218 cor-

485 2265 858 2343 respondens
912 2267 1210 2339 internae3
1268 2282 1339 2322 ex
1391 2266 1484 2324 his
1524 2274 1802 2326 constare
1836 2274 2078 2344 potest,
2136 2265 2288 2325 unde
2323 2268 2405 2321 est
2435 2255 2564 2335 quod

488 2366 720 2427 dicatur
771 2366 931 2443 quod
973 2366 1121 2426 ficus
1169 2364 1463 2443 significet
1520 2367 1849 2428 naturalem
1904 2368 2242 2443 hominem,
2320 2363 2418 2423 hoc
2464 2362 2559 2431 est,
2666 2349 2667 2358 ’

485 2467 759 2527 naturale
813 2467 972 2544 apud
1019 2468 1315 2527 hominem
1331 2487 1348 2543 3
1426 2469 1585 2542 quod
1634 2468 1784 2528 ficus
1832 2470 2017 2544 illud,
2091 2476 2152 2529 et
2198 2470 2256 2526 in
2310 2458 2559 2524 communi

399 2628 405 2633 ,
484 2567 816 2628 Ecclesiam
857 2574 1162 2627 externam
1206 2568 1526 2644 significet,
1582 2576 1751 2644 patet
1790 2588 2032 2646 quoque
2073 2569 2149 2628 ab
2178 2568 2303 2627 aliis
2347 2562 2480 2622 locis
2507 2560 2555 2616 in
2664 2602 2665 2613 ,

488 2667 690 2727 Verbo
740 2668 841 2726 ubi
873 2670 1239 2738 nominatur,
1307 2674 1372 2726 ut
1419 2668 1494 2726 ab
1551 2669 1644 2728 his
1685 2671 2114 2746 sequentibus3
2171 2666 2326 2745 apud
2358 2660 2556 2737 Esajam

487 2811 523 2840 „
538 2764 931 2828 Gontabescet
982 2769 1188 2829 omnis
1239 2769 1557 2829 exercitus
1611 2766 1919 2839 coelorum
1930 2816 1948 2846 ,
2035 2778 2098 2830 et
2152 2761 2551 2831 convolventur,

488 2866 657 2927 sicut
703 2864 883 2942 liber,
948 2867 1105 2928 coeli
1115 2890 1143 2941 ,·
1213 2874 1272 2928 et
1310 2869 1517 2929 omnis
1562 2870 1879 2931 exereitus
1913 2871 2054 2953 ejus
2103 2867 2364 2938 decidet,
2420 2858 2554 2919 82‘61‘2

487 2964 726 3026 decidit
745 2964 991 3045 folium
1028 2966 1105 3027 de
1138 2968 1265 3028 vite
1276 3014 1292 3043 ‚
1348 2975 1408 3030 et
1436 2970 1604 3032 sicut
1636 2969 1928 3030 decidens
1969 2971 2049 3031 de
2071 2972 2256 3053 ficu“
2289 2954 2548 3027 XXXIV:

493 3071 563 3143 43
617 3066 767 3125 haec
803 3066 962 3126 dicta
1010 3075 1149 3126 sunt
1196 3068 1269 3128 de
1320 3069 1416 3129 die
1465 3070 1655 3130 ultimi
1702 3070 1956 3148 Judicii,
2015 3076 2120 3149 qui
2169 3074 2460 3135 venturus;
2504 3059 2549 3113 et

487 3169 588 3244 qui
637 3167 815 3225 etiam
860 3170 1052 3237 venit,
1106 3186 1241 3226 nam
1288 3152 1563 3230 ultimum
1614 3171 1919 3231 Judicium
1958 3172 2326 3251 praedictum
2359 3181 2393 3222 a
2426 3161 2544 3219 Pro-

485 3266 682 3360 phetis
710 3266 951 3327 Veteris
996 3270 1367 3329 Testamenti
1395 3279 1703 3347 peractum
1745 3280 1836 3331 est
1865 3290 1900 3330 a
1934 3274 2190 3332 Domino
2228 3285 2353 3329 cum
2381 3261 2474 3321 suit
2497 3256 2544 3313 iu
2658 3294 2659 3321 r

486 3367 734 3445 mund03
775 3375 832 3433 et
871 3372 1011 3445 quia
1046 3377 1185 3430 tunc
1221 3371 1438 3430 similia
1473 3372 1632 3432 sacta
1662 3380 1818 3446 sunt,
1859 3391 2015 3449 quae
2065 3375 2127 3432 in
2173 3371 2368 3430 ultimo
2398 3355 2539 3421 Judl-

488 3471 577 3529 cio
619 3470 777 3547 quod
811 3473 871 3529 in
898 3470 1268 3549 Apocalypsi
1314 3471 1688 3548 praedictum
1744 3481 1863 3548 est,
1921 3481 1981 3534 et
2027 3474 2203 3533 hodie
2250 3487 2285 3528 a
2329 3458 2537 3525 Dom¹1¹⁰

484 3577 796 3647 peractum
836 3578 954 3647 est,
992 3572 1128 3633 ideo
1162 3572 1259 3631 hic
1292 3590 1490 3651 paene
1525 3571 1744 3633 similia
1778 3574 2055 3635 dicuntur
2067 3596 2083 3652 3
2135 3577 2202 3634 ut
2235 3564 2383 3647 apud
2412 3560 2531 3621 Pro·

478 3672 726 3747 phetam
759 3672 1001 3751 Esajam
1041 3674 1200 3750 quod
1246 3675 1435 3733 omnis
1485 3675 1785 3751 exercitus
1831 3674 2131 3735 coelorum
2171 3668 2389 3731 decidet
2413 3656 2534 3719 sicut

484 3770 703 3831 decidit
753 3771 959 3832 folium
1008 3774 1079 3833 de
1120 3777 1268 3846 vite,
1328 3782 1385 3834 et
1426 3776 1578 3833 sicut
1616 3774 1896 3834 decidens
1943 3775 2018 3834 de
2061 3775 2205 3841 ficu,
2257 3776 2367 3828 tum
2409 3747 2532 3835 q¹¹⁰d

486 3871 641 3930 coeli
675 3873 924 3931 convolv
1007 3882 1104 3933 tur
1139 3877 1293 3933 sicut
1330 3874 1608 3933 volumen
1619 3895 1639 3950 3
1691 3876 1752 3933 in
1789 3875 2186 3954 Apocalypsi,
2241 3863 2383 3947 quod
2410 3850 2526 3918 stel-

480 3970 578 4029 lae
616 3972 832 4031 cadent
864 3891 1207 4046 ufferram,
1247 3976 1403 4032 sicut
1436 3974 1584 4034 ficus
1625 3973 1826 4052 dejicit
1852 3993 2097 4052 grossos
2133 3969 2383 4044 suosset
2405 3945 2530 4035 ‘1¹¹⁰‘¹

420 4110 435 4121 .
481 4071 714 4127 coelum
764 4071 1050 4130 abscedet
1099 4073 1254 4130 sicut
1315 4072 1469 4132 liber
1530 4075 1885 4134 convolutus
1899 4097 1916 4153 3
1999 4076 2158 4153 quod
2205 4053 2526 4131 contabffloe‘

482 4166 669 4220 omnis
733 4169 1031 4226 exercitus
1086 4169 1417 4244 coelorum,
1508 4173 1802 4250 significat
1855 4177 2015 4258 quod
2068 4176 2256 4236 omnia
2301 4167 2436 4225 bona
2476 4153 2525 4210 ²²

480 4274 648 4331 vera,
716 4279 868 4337 quae
919 4266 1135 4323 amoris
1199 4275 1256 4324 et
1319 4269 1485 4345 fidei,
1544 4280 1826 4349 corrupta
1877 4278 1994 4336 sint
2009 4298 2026 4353 3
2097 4295 2206 4355 per
2254 4260 2524 4330 exercitum
