2791 4778
359 422 589 477 CAPUT
631 420 944 476 SEXTUM.
1689 419 1900 473 VERS:
1949 429 2039 482 14.
2212 433 2318 484 419

226 598 348 656 nae,-
383 589 440 639 et
468 583 613 656 quia
637 580 708 639 de
740 579 1076 640 salvatione
1103 573 1310 637 eorum
1341 578 1731 655 agitur-,ideo
1764 576 1994 656 dicitur,
2036 598 2111 640 en
2137 598 2321 659 super

224 680 493 740 montibus
552 681 743 757 pedes
793 679 1261 755 evangelizantis
1312 696 1557 756 pacem,
1638 685 1699 738 et
1748 681 2005 739 ascende
2062 689 2323 743 montem

222 782 381 839 altum
418 781 890 857 evangelizatrix
928 780 1110 854 Zion3
1167 797 1276 856 per
1313 780 1731 856 evangelizare
1767 798 1978 855 pacem
2016 784 2317 859 significa-

222 890 299 941 tur
330 883 686 959 praedicare
726 882 1047 940 adventum
1075 880 1345 954 Domini,
1403 898 1539 939 nam
1568 898 1679 957 per
1711 899 1922 959 pacem
1950 883 2321 959 significatur

220 986 268 1042 in
299 1000 580 1059 supremo
620 999 805 1041 sensu
831 983 1156 1055 DominuS,
1215 987 1272 1039 et
1309 984 1370 1038 in
1406 998 1589 1039 sensu
1628 982 1859 1042 interno
1889 1000 2063 1042 omne
2098 983 2322 1042 bonum

223 1091 269 1143 et
309 1102 515 1143 verum
573 1083 734 1159 quod
780 1101 816 1141 a
858 1082 1147 1156 Domino,
1203 1081 1479 1140 videatur
1518 1099 1703 1158 supra
1747 1102 1818 1142 n:
1876 1084 2048 1161 3653
2105 1090 2166 1143 et
2209 1101 2321 1160 per

219 1185 761 1261 evangelizatricem
810 1184 1060 1242 Zioncm
1106 1181 1457 1259 intelligitur
1516 1182 1793 1242 Ecclesia
1842 1202 1996 1259 quae
2043 1188 2105 1243 in
2163 1185 2319 1244 bono

220 1288 415 1344 amoris
451 1288 515 1343 in
551 1286 873 1343 Dominum
914 1291 1036 1356 est,
1094 1300 1165 1341 ac
1215 1300 1324 1360 per
1362 1283 1921 1359 evangelizatricem
1962 1284 2316 1362 Hierosoly-
2361 1294 2519 1358 [621]

219 1404 351 1444 mam
386 1386 672 1444 Ecclesia
708 1402 861 1461 quae
897 1385 1033 1442 inde
1077 1401 1152 1442 ex
1187 1383 1391 1442 Verbo
1429 1386 1490 1441 in
1528 1386 1686 1442 veris
1724 1385 2049 1444 doetrinae.
2140 1386 2322 1463 Apud

218 1487 437 1564 Esajam
491 1484 796 1561 „Ponam
837 1502 1047 1543 omnes·
1094 1488 1334 1544 montes
1382 1501 1551 1543 meos
1600 1484 1669 1545 in
1706 1485 1906 1561 viam,
1960 1492 2019 1547 et
2059 1486 2322 1548 semitae

218 1605 367 1675 meae
398 1584 899 1647 exaltabuntur:
949 1591 1198 1645 cantate
1232 1581 1416 1659 coeli,
1464 1590 1523 1644 et
1551 1582 1776 1646 eoeulta
1811 1593 2011 1662 terra,
2056 1606 2134 1648 ac
2164 1606 2318 1667 per-

217 1692 415 1747 sonate
442 1692 706 1748 montes
754 1691 975 1760 cantu,
1042 1684 1198 1765 quia
1240 1682 1602 1747 consolatus
1643 1692 1738 1746 est
1788 1685 2072 1748 Jehovah
2104 1705 2319 1767 popu·

221 1784 339 1847 lum
388 1792 629 1850 suum“
689 1786 926 1847 XLIX:
976 1790 1087 1845 11.
1139 1789 1259 1860 133
1335 1804 1455 1863 per,
1481 1794 1711 1848 montes
1747 1790 1808 1846 in
1844 1789 2063 1865 plurali
2094 1787 2320 1848 intelli·-

219 1897 418 1963 guntur
472 1898 536 1948 et
587 1897 820 1946 montes
868 1895 929 1946 et
986 1887 1205 1961 colle-s,
1277 1889 1362 1945 ita
1415 1893 1535 1946 tam
1588 1888 1809 1947 bonum
1863 1892 2080 1949 amoris
2144 1907 2323 1967 quam

219 1987 422 2047 bonum
456 1991 799 2061 charitatis3
878 1988 1038 2065 quod
1086 1994 1316 2047 montes
1361 1994 1421 2048 ct
1458 1989 1643 2047 colles
1691 1996 1988 2064 ponentur
2033 1992 2095 2049 in
2141 1992 2320 2065 viam,

222 2095 273 2146 et
308 2093 555 2149 semitae
594 2088 1050 2162 exaltabuntur,
1107 2089 1403 2164 significat
1449 2088 1610 2163 quod
1643 2087 1728 2145 illi
1768 2091 1868 2168 qui
1902 2091 1963 2146 in
2002 2090 2121 2148 illis
2149 2089 2324 2148 bonis

222 2196 380 2258 sunt,
431 2197 603 2250 erunt
637 2194 698 2248 in
734 2192 892 2249 veris
930 2192 1231 2266 genuinis,
1288 2190 1430 2263 poni
1470 2191 1529 2245 in
1566 2190 1721 2244 viam
1755 2187 2052 2263 significat
2088 2204 2224 2247 esse
2260 2191 2321 2248 in

221 2292 405 2359 veris,
471 2299 529 2349 et
576 2290 824 2350 exaltari
875 2293 1119 2351 semitas
1169 2288 1464 2365 significat
1513 2304 1649 2347 esse
1698 2289 1759 2345 in
1812 2289 1972 2346 veris
2021 2289 2316 2365 genuinis,

226 2393 354 2449 viae
396 2395 547 2449 enim
581 2398 638 2450 et
670 2395 917 2451 semitae
955 2392 1288 2468 significant
1324 2407 1496 2467 vera,
1555 2407 1709 2466 quae
1753 2387 2006 2448 exaltari
2042 2388 2320 2448 dicuntur

234 2508 270 2548 a
311 2490 488 2567 bono,
544 2499 600 2551 et
648 2511 792 2551 vera
837 2511 991 2568 quae
1039 2511 1075 2550 a
1119 2492 1273 2550 bono
1322 2498 1461 2549 sunt
1505 2508 1649 2549 vera
1694 2493 1980 2568 genuina3
2039 2489 2322 2566 gaudium

227 2591 413 2650 cordis
452 2612 652 2652 eorum
687 2595 857 2663 inde,
895 2593 1261 2670 significatur
1295 2609 1408 2667 per
1443 2597 1681 2651 cantate
1719 2590 1901 2665 coeli,
1960 2590 2162 2650 exulta
2185 2597 2323 2648 -ter-

224 2710 311 2762 ra,
369 2695 651 2770 gaudium
684 2698 980 2753 internum
1024 2711 1135 2769 per
1185 2698 1421 2750 cantate
1459 2692 1641 2764 coeli,
1694 2691 1976 2768 gaudium
2014 2697 2337 2757 externum*

222 2809 321 2867 per
371 2795 572 2853 exulta
617 2802 805 2868 terra3
878 2794 1284 2852 confessiones
1344 2809 1418 2850 cx
1471 2791 1690 2868 gaudio
1745 2791 1992 2851 oriundo
2046 2809 2120 2851 ex
2168 2791 2326 2850 bono

224 2897 426 2954 amoris
483 2895 894 2971 significantur
946 2913 1056 2970 per
1106 2903 1425 2970 personate
1463 2883 1694 2952 montes
1739 2899 1949 2967 cantu3
2007 2892 2166 2969 quod
2212 2891 2328 2952 hoc

222 2995 290 3051 sit
325 3004 576 3072 propter
610 2995 1093 3054 reformationem
1129 3001 1189 3053 et
1225 2994 1768 3070 regenerationem,
1816 2993 2184 3071 significatur
2217 3010 2331 3071 per

222 3098 345 3169 quia
393 3096 741 3155 consolatus
795 3102 888 3154 est
942 3094 1223 3154 Jehovah
1267 3094 1556 3171 populum
1607 3111 1816 3153 suum:
1874 3095 2032 3171 quod
2076 3095 2328 3154 hic-non

224 3205 438 3257 montes
503 3199 559 3252 in
611 3195 827 3254 mundo
876 3195 1311 3273 intelligantur,
1365 3202 1562 3272 patet3
1617 3213 1754 3254 nam
1790 3203 1930 3255 tunc
1976 3196 2118 3273 quid
2151 3196 2324 3270 foret,

223 3298 365 3370 quod
405 3302 645 3356 montes
696 3303 1062 3372 ponerentur
1110 3298 1171 3353 in
1208 3297 1398 3367 viam,
1462 3302 1522 3355 et
1576 3296 1736 3371 quod
1785 3298 2034 3355 semitae
2091 3295 2325 3354 exalta-

226 3393 468 3472 buntur,
524 3403 648 3455 tum
688 3397 851 3473 quod
889 3403 1121 3455 montes
1156 3402 1553 3472 personarent.
1582 3403 1777 3453 cantu.
1851 3395 2032 3471 Apud
2057 3394 2329 3461 Eundem

224 3494 534 3568 „Oantate
571 3484 765 3571 coeli,
792 3493 1091 3579 -jubz'late
1128 3495 1439 3576 inferiora
1475 3502 1705 3566 terrae,
1762 3499 2102 3571 personate
2144 3510 2324 3552 mon·

221 3600 303 3657 tes
352 3605 551 3660 cantu
570 3642 585 3669 ,
649 3594 837 3678 sylva
876 3601 935 3656 et
978 3597 1186 3657 omnis
1234 3596 1422 3656 arbor
1459 3595 1528 3654 in
1561 3612 1662 3667 ea,
1716 3593 1870 3670 quia
1906 3590 2173 3652 redemit
2211 3589 2324 3650 Je-

222 3693 415 3760 hovah'
474 3696 813 3774 Iacobum,
884 3704 946 3759 et
1002 3698 1074 3758 in
1132 3693 1379 3757 Israele
1433 3691 1788 3774 ylorz‘osum
1860 3710 1926 3753 se
1989 3689 2325 3757 emhibuitf‘

223 3794 447 3860 XLIV:
493 3802 615 3875 233
671 3816 782 3876 per
820 3804 1055 3857 cantate
1092 3798 1273 3870 coeli,
1322 3796 1578 3874 jubilate
1615 3794 1896 3852 inferiora
1932 3800 2146 3865 terrae,
2185 3809 2329 3869 per-

223 3908 423 3960 sonate
460 3905 692 3958 montes
732 3906 951 3973 cantu,
1018 3898 1233 3957 similia
1280 3896 1688 3974 significantur
1743 3910 1897 3971 quae
1951 3910 2090 3952 mox
2123 3908 2328 3970 supra,

224 3999 321 4057 sed
356 4000 454 4059 hic
491 4018 601 4077 per
637 4007 869 4059 montes
899 3999 1306 4076 significantur
1340 3997 1499 4056 bona
1525 3996 1863 4070 charitatis3
1920 4010 2106 4071 quare
2151 3995 2332 4052 etiam

224 4095 458 4175 dicitur,
516 4099 691 4177 sylva
729 4107 787 4159 et
825 4102 1013 4159 omnis
1052 4101 1229 4158 arbor
1270 4101 1331 4157 in
1388 4116 1493 4171 ea,
1550 4115 1687 4155 nam
1723 4113 1834 4173 per
1870 4095 2099 4172 sylvam
2146 4093 2326 4153 intel-

222 4194 411 4274 ligitur
448 4209 731 4260 externus
769 4217 880 4260 scu
913 4200 1203 4259 naturalis
1244 4200 1420 4258 homo
1465 4199 1664 4274 quoad
1700 4198 1898 4255 omnia
1934 4196 2084 4273 ejus,
2125 4202 2184 4255 et
2220 4213 2331 4272 per

224 4313 445 4361 omnem
499 4302 775 4361 arborem
824 4300 1175 4378 intelligitur
1222 4301 1589 4377 cognitivum
1647 4306 1708 4357 et
1769 4298 2155 4358 scientificum
2219 4295 2329 4369 ibi3

1744 4405 1776 4456 2
1799 4404 1825 4455 'a'
1864 4393 1901 4431 ἡ*
