2791 4778
477 386 586 439 404
914 374 1407 429 APOCALYPfflS
1453 357 1883 428 EXPLI'CATA.
1958 374 2002 439 ς.
2043 381 2168 434 409.

470 533 801 613 Jehovah„
822 533 1035 615 juxta
1083 534 1335 594 verbum
1377 539 1578 594 tuum.
1667 532 1805 593 Fac
1848 553 1990 595 oum
2038 551 2213 594 servo
2250 538 2363 594 tuo
2398 534 2600 617 juxta

473 634 983 697 misericordiam
1020 640 1231 710 tuam,
1274 640 1334 694 et
1373 640 1625 695 statuta
1660 640 1776 695 tua
1821 633 1968 694 dooe
2011 653 2126 704 me,
2178 633 2421 696 Servus
2458 643 2597 698 tuus

472 756 584 817 eqo
605 782 621 811 ,
669 734 854 796 erudi
894 755 990 795 me
1002 780 1019 810 ,
1076 740 1149 796 ut
1186 754 1559 815 coynosoam
1597 735 1965 796 testimonia
2001 741 2132 795 tua.
2184 734 2421 797 Facie-9
2458 743 2596 800 tuas

474 835 778 899 illumina
837 855 1026 915 super
1079 855 1327 897 servum
1381 843 1563 896 tuum
1579 882 1596 911 ,
1697 842 1757 895 et
1805 835 1953 895 doce
2002 856 2099 896 me
2155 841 2405 898 statuta
2464 845 2588 900 tua.

480 937 729 1000 Erravi
772 938 941 997 siout
979 956 1174 1015 pecus
1198 937 1487 1016 periens,
1539 956 1765 1015 quaere
1799 956 2054 997 servum
2082 941 2311 998 tuum“
2359 938 2585 999 Psalm:

478 1040 703 1100 CXIX:
729 1038 900 1115 [16.]
938 1043 1039 1096 17.
1069 1039 1176 1096 23.
1211 1040 1319 1097 65.
1355 1041 1516 1096 124.
1557 1040 1715 1098 125.
1747 1039 1908 1097 135.
1950 1041 2111 1098 176:
2144 1038 2299 1114 apud
2324 1039 2586 1101 Eundem

480 1187 513 1215 „
533 1138 803 1199 Custodi
838 1137 1123 1197 animam
1175 1157 1381 1198 mea-m
1417 1137 1572 1216 quia
1617 1144 1877 1198 sanctu-3
1926 1157 2069 1217 eyo,
2130 1157 2310 1199 serva
2346 1157 2584 1201 servum

478 1246 659 1300 tuum
691 1239 844 1318 quia
883 1238 1125 1318 confido
1163 1239 1232 1298 in
1274 1237 1394 1299 Te:
1449 1236 1728 1320 laetifica
1771 1239 2074 1298 animam
2090 1239 2258 1300 servi
2292 1240 2410 1314 tui,
2447 1241 2592 1319 quia

477 1340 566 1400 ad
608 1339 697 1400 Te
736 1339 1020 1399 Domine
1045 1336 1268 1398 attollo
1305 1340 1590 1399 animam
1624 1359 1830 1400 meam
1846 1337 1874 1409 ,'·
1922 1340 2010 1399 da
2036 1343 2226 1403 robur
2258 1358 2436 1400 servo
2472 1347 2590 1417 tu0,

475 1446 533 1501 et
574 1459 758 1500 serva
780 1437 1003 1521 filium
1044 1436 1317 1499 ancillae
1357 1443 1549 1501 tuae“
1588 1442 1814 1500 Psalm:
1852 1441 2214 1500 LXXXVI:
2262 1444 2324 1499 2.
2369 1445 2433 1499 4.
2482 1446 2560 1503 16
2574 1464 2590 1520 3

476 1549 721 1620 praeter
741 1541 898 1614 alibi,
931 1550 998 1598 ut
1016 1540 1239 1599 Psalm:
1279 1541 1545 1599 XXVII:
1592 1546 1650 1600 9.
1691 1542 1913 1600 Psalm:
1945 1542 2182 1601 XXXI:
2224 1545 2330 1600 17.
2371 1537 2589 1604 Psalm:

477 1640 756 1702 XXXV:
816 1645 924 1698 27.
995 1641 1231 1699 Psalm:
1285 1640 1522 1701 CXVI:
1589 1644 1699 1701 16.
1778 1642 1935 1701 Luc:
1989 1642 2050 1701 I:
2123 1645 2241 1717 593
2320 1647 2592 1719 quoniam

476 1743 768 1801 Dominus
809 1740 1007 1816 quoad
1033 1740 1313 1798 Divinum
1341 1741 1570 1801 Verum
1596 1745 1870 1820 insupra
1899 1743 2096 1802 allatis
2124 1742 2272 1802 locis
2311 1761 2422 1818 per
2467 1746 2588 1804 Da-

360 1905 365 1909 ,
474 1842 671 1899 videm
708 1840 1089 1916 intelligitur,
1149 1847 1208 1898 et
1254 1842 1394 1915 quia
1428 1842 1566 1900 inde
1620 1862 1732 1920 per
1767 1844 2062 1902 Davidem
2098 1844 2450 1922 intelligitur
2484 1846 2585 1904 Di-

474 1945 678 1999 vinum
718 1942 974 2015 Verum,
1030 1941 1223 1999 simile
1262 1942 1424 2017 qtsod
1464 1961 1575 2019 per
1609 1945 1969 2021 prophetas,
2027 1944 2161 2003 ideo
2198 1963 2312 2021 per
2358 1964 2589 2006 servum

477 2050 656 2102 etlam
701 2045 762 2100 in
800 2042 894 2100 his
931 2042 1080 2101 locis
1135 2045 1194 2101 in
1236 2059 1420 2101 sensu
1474 2045 1772 2160 sQrituali
1829 2045 2179 2122 intelligitur
2226 2049 2587 2106 inserviens:

477 2148 578 2221 qui
616 2162 734 2203 non
771 2147 884 2202 scit
917 2159 1159 2203 sensum
1197 2144 1570 2219 spiritualem
1605 2145 1821 2220 Verbi,
1864 2146 2109 2204 credere
2147 2154 2379 2222 potest,
2438 2149 2590 2225 quod

476 2264 593 2303 non
646 2245 839 2303 solutu
888 2243 1115 2319 David,
1188 2243 1296 2302 sed
1342 2247 1522 2302 etiam
1574 2245 1817 2322 reliqui,
1877 2246 1949 2305 de
1991 2246 2205 2322 quibus
2255 2250 2317 2305 in
2370 2249 2584 2322 Verbo,

476 2363 543 2406 se
582 2345 837 2405 dixerint
882 2361 1091 2403 servos
1142 2362 1216 2403 ex
1265 2361 1451 2403 causa
1501 2348 1641 2422 quia
1690 2364 1895 2407 omnes
1948 2354 2088 2406 sunt
2135 2351 2295 2407 servi
2332 2349 2483 2420 Dei,
2531 2356 2588 2408 at

476 2465 669 2523 usque
728 2447 829 2504 ubi
882 2448 941 2502 in
1002 2445 1207 2511 Verbo
1259 2447 1635 2504 nominantur
1690 2451 1886 2523 servi,
1947 2451 2006 2506 in
2055 2450 2353 2524 spirituali
2414 2469 2590 2510 sensu

475 2548 893 2623 intelliguntur
928 2549 1323 2604 inservientes
1375 2553 1435 2604 et
1486 2546 1849 2607 efficientes:
1908 2567 1979 2608 ex
2038 2567 2158 2625 qua
2194 2566 2381 2609 eausa
2417 2554 2590 2611 etiam

472 2645 1014 2709 Nebuchadneear
1075 2645 1226 2706 Rex·
1288 2644 1557 2706 Babelis
1625 2654 1887 2710 vocatur
1947 2668 2217 2723 „servus
2270 2649 2588 2712 Jehovae“.

481 2748 722 2808 Jerem:
762 2748 975 2807 XXV:
1022 2750 1080 2805 9.
1124 2746 1283 2823 Cap:
1323 2747 1564 2806 XLHI:
1614 2751 1732 2807 1οε
1789 2756 1850 2807 at
1886 2753 1945 2808 in
1984 2752 2189 2826 specie
2217 2769 2327 2827 per
2354 2769 2585 2811 servum

479 2854 539 2905 et
584 2864 790 2907 servos
839 2851 899 2905 in
952 2848 1154 2907 Verbo
1207 2848 1621 2922 intelliguntur
1667 2848 1753 2907 illi
1804 2852 1904 2926 qui
1960 2853 2258 2927 recipiunt
2311 2853 2581 2912 Divinum

477 2945 734 3019 Verum,
776 2964 844 3003 ac
883 2935 983 3022 qui
1020 2947 1234 3006 docent
1267 2948 1443 3022 illud,
1494 2951 1774 3025 quoniam
1811 2951 2094 3009 Divinum
2131 2950 2361 3011 Verum
2397 2956 2572 3011 inser-

474 3047 591 3114 vit,
647 3052 705 3104 et
742 3062 854 3121 per
888 3045 948 3102 id
994 3046 1279 3104 Divinum
1325 3047 1560 3107 Bonum
1612 3050 1819 3127 efficit3
1874 3051 2011 3109 inde
2065 3057 2189 3122 est,
2244 3054 2406 3130 quod
2437 3068 2567 3130 pas-

476 3149 588 3205 sim
628 3145 899 3203 dicantur
948 3148 1107 3204 servi
1159 3152 1219 3203 et
1258 3148 1435 3206 simul
1483 3149 1685 3220 electi,
1739 3155 1900 3210 servi
1941 3153 2042 3227 qui
2083 3155 2384 3231 recipiunt
2414 3153 2566 3212 Dixi-

475 3265 614 3304 num
657 3245 883 3305 Verum
922 3252 981 3305 et
1016 3245 1261 3321 docent,
1327 3265 1398 3307 ac
1445 3249 1622 3309 electi
1660 3254 1761 3327 qui
1807 3254 2102 3328 recipiunt
2144 3253 2428 3317 Divinum
2459 3253 2566 3310 Bo-

474 3366 613 3406 num
665 3354 722 3406 et
779 3347 1034 3422 ducunt,
1102 3354 1168 3405 ut
1231 3348 1390 3424 apud
1439 3349 1680 3426 Esajam
1743 3350 2168 3426 „Producam
2214 3373 2297 3415 ew
2358 3352 2566 3414 Jacobo

475 3467 706 3523 semen,
779 3455 838 3509 et
900 3467 980 3509 ex
1036 3447 1334 3510 1εήαᾶαή
1382 3448 1710 3510 haeredem
1771 3452 2082 3514 montium
2131 3473 2440 3530 meorum,
2507 3456 2569 3511 ut

465 3548 842 3628 possideant
891 3568 1033 3611 eum
1082 3546 1298 3610 Eleoti
1354 3549 1509 3624 mei,
1585 3558 1645 3611 et
1694 3550 1878 3613 Servi
1928 3554 2052 3613 mei
2107 3553 2389 3616 habitent
2435 3553 2515 3615 ibi
2535 3552 2565 3583 “

469 3651 678 3710 LXV:
728 3655 803 3711 9:
860 3652 1021 3727 apud
1058 3651 1328 3710 Eundem
1379 3693 1410 3724 .,
1426 3647 1527 3710 Tu
1560 3649 1775 3712 Israel
1813 3651 2050 3715 Servus
2092 3673 2302 3731 meu-S,
2367 3663 2426 3718 et
2457 3652 2567 3715 Ja-

473 3751 657 3812 cobus
709 3770 888 3829 quem
937 3749 1145 3830 ε’ῑθςμὟί
1200 3751 1374 3811 XLI:
1429 3755 1504 3810 8:
1578 3752 1739 3828 apud
1788 3752 2057 3812 Eundem
2112 3755 2348 3830 „Audi
2395 3751 2575 3815 Jacob

473 3871 645 3912 serve
686 3852 777 3912 mi
789 3896 808 3926 ,
863 3850 1078 3911 Israel
1117 3871 1297 3930 quem
1339 3848 1541 3930 ele9i;
1597 3871 1673 3912 ne
1707 3853 1859 3913 time
1906 3873 2078 3915 serve
2113 3856 2206 3916 mi
2246 3855 2473 3930 Jacob,
2524 3854 2577 3911 et

471 3949 833 4012 Jeschurun
864 3969 1043 4028 quem
1084 3948 1294 4030 ele9i“
1331 3951 1569 4011 XLIV:
1626 3957 1683 4011 1.
1744 3958 1820 4031 23
1881 3956 2040 4030 quod
2085 3956 2279 4016 Electi
2321 3958 2578 4016 dieantur

471 4054 570 4127 qui
619 4055 678 4111 in
730 4054 854 4109 vita
908 4049 1212 4108 charitatis
1263 4036 1429 4126 sunt,
1512 4053 1784 4112 videatur
1834 4074 1901 4113 n:
1960 4057 2145 4116 3755
2197 4057 2311 4116 fin:
2375 4056 2573 4118 3900.

473 4150 631 4220 Quia
680 4168 835 4207 nunc
883 4153 1046 4208 servi
1092 4152 1152 4207 in
1200 4150 1405 4210 Verbo
1456 4152 1736 4213 dicuntur
1794 4174 1868 4214 ex
1921 4157 2302 4217 inserviendo
2355 4166 2415 4218 et
2450 4153 2574 4215 effi-

471 4244 711 4316 ciendo,
766 4248 1015 4318 proinde
1051 4247 1136 4304 illi
1173 4252 1275 4327 qui
1310 4251 1638 4311 inserviunt
1675 4262 1734 4312 et
1771 4255 2067 4328 efficiunt,
2119 4258 2258 4318 inde
2297 4266 2390 4319 est
2426 4251 2579 4333 quod
