2791 4778
418 366 530 422 134
862 355 1358 414 APOCALYPsm
1398 355 1834 416 urucam.
1886 357 1936 426 §-
1977 365 2110 419 355.

411 532 518 578 rus
554 516 864 584 saltitans,
914 513 1208 590 significat
1240 513 1582 590 cupidinem
1619 513 1966 574 destruendi
2005 530 2178 588 vera,
2217 531 2409 591 equus
2435 521 2524 576 est

410 613 822 676 intellectuale
857 628 1210 689 perversum
1246 630 1319 673 ex
1349 630 1486 690 quo,
1527 619 1588 672 et
1615 629 1824 672 currus
1863 620 1956 672 est
1983 613 2253 673 doctrina
2288 614 2427 673 falsi
2451 630 2524 674 ex

411 731 560 793 qua3
613 715 844 772 hinnire
883 718 943 772 et
978 713 1284 786 saltitare,
1326 719 1420 771 est
1455 713 1593 771 ferri
1633 712 1914 788 cupidine
1948 721 2009 771 et
2032 713 2306 790 jucundo
2342 712 2521 788 adid,

411 820 472 875 et
501 831 687 891 eques
716 811 1042 872 ascendere
1069 813 1295 870 faciens
1333 817 1427 870 est
1459 814 1857 888 impugnati03
1895 812 2031 871 inde
2068 812 2287 870 dicitur
2321 814 2524 872 multi·

407 914 551 973 tnd'o
588 913 999 973 confossorum
1035 918 1095 970 et
1131 927 1381 970 acervus
1419 911 1764 984 cadaveris,
1816 913 2077 971 confossi
2112 912 2393 970 dicuntur
2429 915 2526 988 qui

403 1016 714 1091 perierunt
751 1029 822 1071 ex
858 1011 1060 1085 salsiS,
1101 1016 1162 1070 et
1188 1010 1485 1069 cadavera
1520 1013 1620 1085 qui
1658 1028 1731 1069 ex
1758 1011 1961 1086 malis3
2017 1019 2079 1069 et
2110 1010 2251 1070 inde
2287 1029 2524 1088 quoqne

404 1113 634 1186 dieitur,
674 1127 821 1190 prae
856 1111 1227 1169 multitudine
1264 1111 1690 1168 scortationum
1726 1113 1911 1168 scorti
1955 1111 2271 1169 vendentis
2311 1119 2523 1186 gentes

402 1231 514 1290 per
553 1212 979 1282 scortationes,
1021 1216 1081 1268 et
1114 1208 1371 1268 familias
1407 1227 1519 1286 per
1553 1212 1942 1285 praestigiae,
1983 1227 2092 1285 per
2121 1213 2521 1269 scortationes

401 1311 813 1388 significantur
870 1308 1318 1369 falsificationes
1362 1311 1523 1382 veri,
1585 1326 1693 1384 per
1747 1319 2006 1368 scortum
2056 1309 2326 1368 haeresis
2340 1353 2361 1384 ,
2418 1328 2524 1386 per

400 1411 664 1470 vendere
699 1416 909 1486 gentes
946 1407 1316 1484 significatur
1360 1407 1704 1466 abalienare
1739 1407 1936 1480 bona,
1993 1417 2053 1467 et
2099 1427 2207 1486 per
2257 1410 2522 1468 vendere

400 1511 658 1570 familias
707 1526 820 1587 per
852 1510 1211 1585 praestigias
1260 1508 1626 1583 significatur
1686 1506 2030 1567 abalienare
2081 1525 2256 1578 vera,
2310 1517 2520 1584 gentes

402 1616 544 1669 sunt
575 1610 768 1678 bona,
822 1608 1081 1667 familiae
1116 1624 1263 1664 vera
1295 1607 1466 1679 inde,
1507 1614 1568 1664 et
1601 1610 1966 1682 praestigiae
2004 1615 2142 1666 sunt
2187 1608 2346 1666 falsa
2383 1607 2522 1666 mali

396 1728 508 1787 per
544 1727 717 1785 quae.
772 1708 955 1784 Apud
988 1705 1287 1766 Habakuk
1323 1704 1521 1784 2,Ερο
1544 1707 1833 1766 eoecitans
1861 1704 2230 1779 Chaldaeae,
2273 1713 2521 1785 ymtem

398 1825 691 1868 ama-ram
731 1813 793 1866 et
828 1805 1246 1886 praecipitem
1265 1848 1284 1880 ,
1335 1812 1700 1885 peryentem
1742 1806 1810 1867 in
1864 1805 2246 1866 latitudines
2293 1813 2518 1880 terrae,

396 1905 584 1987 cujus
621 1902 783 1965 leves
820 1910 970 1964 cunt
998 1923 1160 1984 prae
1181 1905 1424 1984 pardis
1459 1903 1632 1983 equi,
1670 1910 1730 1964 et
1767 1907 1941 1966 acuti
1978 1910 2128 1964 eunt
2158 1924 2321 1983 prae
2347 1904 2522 1985 lupis

395 2023 720 2084 vesperae,
769 2012 843 2066 ut
878 2003 1248 2082 diffundant
1285 2023 1353 2063 ee
1389 2004 1628 2082 equites
1664 2004 1800 2085 ejus
1814 2026 1843 2077 ;
1893 2004 2060 2064 unde
2104 2006 2343 2092 equites
2385 2005 2522 2085 qiua

392 2123 427 2164 e
463 2102 806 2185 lonqinquo
856 2104 1124 2176 venient,
1178 2100 1566 2164 advolabunt
1605 2104 1771 2164 siout
1814 2102 2038 2184 aquila
2060 2104 2399 2183 festinans
2432 2102 2521 2163 ad

395 2204 867 2279 comedendum,
909 2207 1042 2264 tota
1080 2201 1170 2263 ad
1207 2200 1574 2263 violentiam
1610 2202 1812 2264 veniet
1822 2224 1851 2275 ;
1902 2201 2024 2264 illa
2048 2223 2226 2283 reyes
2268 2201 2515 2278 illudet,

391 2311 452 2366 et
492 2303 921 2365 dominatores
954 2302 1128 2363 risui
1167 2299 1333 2362 illi“
1387 2302 1453 2361 I:
1509 2305 1569 2361 6.
1616 2307 1675 2363 8.
1734 2305 1793 2360 9.
1843 2306 1961 2379 103
2017 2322 2127 2379 per
2174 2303 2516 2362 Chaldaeos

390 2407 803 2484 intelliguntur
852 2408 952 2481 qni
1000 2404 1382 2481 prophanant
1419 2421 1592 2474 vera,
1648 2410 1709 2462 et
1750 2406 1837 2463 sie
1871 2412 2118 2462 vastant
2151 2406 2512 2477 Ecclesiam,

393 2524 577 2582 quare
614 2513 864 2565 vocatur
897 2520 1045 2581 gens
1082 2519 1285 2561 amara
1323 2511 1383 2561 et
1419 2519 1715 2579 praeceps
1761 2521 2019 2579 pergens
2070 2506 2128 2560 in
2164 2504 2517 2562 latitudines

390 2610 622 2678 terrae,
687 2604 1034 2665 latitudines
1083 2609 1278 2663 terrae
1339 2608 1482 2661 sunt
1544 2620 1690 2661 vera
1735 2603 2079 2673 Ecclesiae,
2143 2604 2420 2662 videatur
2454 2607 2517 2663 in

390 2701 594 2779 Opere
655 2703 728 2761 de
791 2702 997 2763 Coeno
1046 2722 1124 2762 m*
1164 2702 1441 2761 Inmmvo
1490 2719 1560 2759 ηε
1622 2703 1761 2760 197-
1777 2721 1793 2774 3
1850 2719 2054 2761 eorum
2108 2704 2408 2785 cupiditas
2456 2709 2522 2762 et

390 2804 614 2858 astutia
648 2802 1030 2877 pervertendi
1082 2819 1226 2860 vera
1286 2808 1345 2859 et
1393 2801 1740 2860 destruendi
1792 2787 1894 2859 illa
1944 2819 2054 2877 per
2091 2805 2404 2861 ratiocinia
2439 2820 2515 2860 ex

387 2900 556 2958 salsis
591 2917 839 2977 prorsus
889 2904 1131 2960 remotis
1181 2918 1217 2958 a
1252 2902 1440 2974 veris,
1516 2900 1923 2976 significantur
1976 2919 2082 2978 per
2131 2903 2303 2978 cujus
2339 2903 2514 2960 leves

385 3014 536 3077 prae
572 2998 775 3075 pardis
814 3003 976 3074 equi,
1034 3007 1093 3058 et
1129 3002 1288 3059 acuti
1322 3018 1470 3075 prae
1507 2999 1666 3076 lupis
1704 3017 1998 3076 vesperae
2024 3046 2037 3073 ‚
2078 3009 2144 3059 ut
2181 3001 2516 3059 diffundant

392 3114 460 3158 se
499 3100 732 3174 equites
771 3098 936 3174 ejus,
993 3098 1148 3157 unde
1198 3101 1428 3173 equites
1479 3101 1609 3176 ejus
1649 3116 1680 3157 e
1718 3099 2036 3176 longinquo
2073 3104 2348 3170 venient,
2399 3101 2511 3158 ad·

389 3196 681 3257 volabunt
741 3200 894 3257 sicut
956 3199 1158 3275 aquila
1204 3197 1493 3257 festinans
1562 3198 1639 3255 ad
1684 3200 2143 3271 comedendum,
2213 3202 2514 3278 cupiditas

388 3297 757 3373 significatur
790 3315 902 3375 per
938 3298 1096 3375 quod
1125 3298 1262 3373 equi
1294 3297 1424 3373 ejus
1453 3299 1622 3356 leves
1659 3300 1777 3355 sint
1802 3316 1950 3375 prae
1975 3300 2198 3375 pardiS,
2240 3309 2302 3358 et
2337 3309 2510 3360 astu-

387 3399 473 3456 tia
506 3416 617 3474 per
653 3398 810 3476 quod
848 3401 986 3475 equi
1020 3401 1138 3457 sint
1166 3399 1326 3454 acuti
1362 3414 1511 3473 prae
1539 3398 1702 3472 lupis
1731 3415 2053 3474 vesperae,
2094 3406 2153 3457 et
2188 3410 2513 3477 utrumqne

386 3515 498 3575 per
533 3499 691 3575 quod
726 3500 1011 3559 advolent
1046 3502 1202 3559 sicut
1237 3496 1438 3573 aquila
1450 3517 1467 3573 3
1526 3499 1666 3574 quia
1703 3498 2001 3574 cupiditas
2060 3506 2120 3556 et
2155 3504 2380 3558 astutia
2417 3507 2512 3559 est

389 3597 465 3657 ad
503 3599 924 3659 destruendum
963 3617 1140 3674 vera,
1176 3596 1312 3655 ideo
1350 3596 1598 3670 dicitur,
1637 3604 1761 3654 tota
1787 3596 1863 3655 ad
1894 3598 2236 3657 violentiam
2273 3603 2509 3675 veniet;

390 3698 550 3773 quod
574 3700 859 3758 irrideant
885 3716 1031 3758 vera
1058 3707 1117 3757 et
1142 3696 1316 3770 bona,
1359 3697 1729 3773 significatur
1763 3715 1875 3772 per
1902 3698 2058 3772 quod
2088 3715 2265 3773 reges
2296 3700 2513 3758 illudet

187 3804 348 3867 [468]
391 3801 452 3854 et
499 3795 895 3856 dominatores
933 3800 1081 3856 risui
1118 3794 1235 3867 illi,
1275 3813 1450 3870 reges
1489 3796 1822 3872 significant
1858 3814 2032 3870 vera,
2085 3814 2170 3857 aes
2194 3798 2417 3857 domini
2451 3805 2511 3857 et

384 3893 783 3953 dominatores
819 3894 992 3952 bona.
1047 3888 1224 3970 Apud
1259 3894 1554 3953 Davidem
1597 3941 1632 3969 „
1658 3894 1764 3955 He·
1805 3896 1876 3956 in
1912 3913 2129 3969 curru,
2187 3902 2248 3956 et
2287 3898 2406 3958 isti
2441 3897 2511 3957 in

383 3991 588 4070 equis,
636 4010 753 4051 nos
790 4010 930 4051 vero
967 3992 1038 4052 in
1063 3990 1340 4050 Nomine
1362 3991 1504 4052 Dei
1526 3995 1735 4054 nostri
1756 3993 2229 4074 yloriabimur“
2265 3997 2507 4056 Psalm:

383 4087 523 4150 XX:
570 4094 625 4150 8.
674 4094 744 4150 9:
799 4090 958 4166 apud
994 4091 1264 4150 Eundem
1328 4135 1366 4166 „
1392 4091 1541 4153 Non
1575 4112 1692 4153 rex
1733 4101 2026 4156 servatur
2053 4114 2175 4174 per
2210 4093 2510 4156 multitu-

384 4188 595 4250 dinem
634 4189 966 4268 exercitu&
1005 4190 1407 4253 mendacium
1432 4192 1666 4272 Equus
1693 4195 1906 4271 quoad
1931 4191 2253 4256 saluteqffl
2282 4194 2508 4255 Psalm:
