2791 4778
406 372 631 428 CAPUT
674 372 981 431 SEXTUM.
1677 373 1855 427 VERS
1875 396 1884 427 :
1942 382 1996 433 2.
2229 385 2338 436 205

257 530 505 590 Schalcm
530 531 800 607 Regnum
831 532 1141 607 spirituale
1174 531 1276 589 ubi
1312 532 1634 607 genuinum
1671 549 1909 604 verum,
1947 540 2007 591 et
2044 552 2154 609 per
2193 533 2338 593 Zio-

247 650 367 691 ›nem
416 631 681 707 Regnum
742 631 1003 691 coeleste
1064 631 1167 690 ubi
1218 635 1538 707 genuinum
1594 632 1842 707 bonum3
1916 640 1973 691 et
2022 651 2132 709 per
2181 634 2341 710 quod

245 734 457 809 franget
490 748 706 790 nervos
748 748 956 802 arene,
1015 739 1278 800 scutum,
1331 732 1593 807 gladium
1632 740 1689 791 et
1727 733 1978 809 bellum,
2036 735 2340 811 significa-

249 840 332 889 tur
365 833 669 908 dissipatio
708 834 897 889 omnis
935 849 1175 908 pugnae
1213 832 1498 890 falsorum
1537 833 1843 891 doctrinae
1882 841 2085 892 contra
2119 834 2338 895 bonum

250 938 299 990 et
327 951 549 1006 verum,
587 934 759 1002 nervi
796 949 971 990 arcus
1010 941 1146 990 sunt
1182 933 1541 1009 priucipalia
1576 933 1895 992 doetrinae.
1987 935 2168 1009 Apud
2203 936 2336 994 Ho-

246 1032 463 1092 scheam
522 1031 832 1107 „Feriam
874 1029 1015 1090 illis
1048 1031 1288 1110 foedus
1334 1033 1404 1092 in
1444 1032 1549 1092 die
1597 1029 1712 1092 illo
1755 1052 1895 1093 oum
1932 1034 2132 1093 bestia
2168 1035 2337 1114 ayri,

245 1137 295 1191 et
329 1152 460 1192 cum
498 1151 612 1193 ave
649 1130 988 1204 coelorum,
1045 1139 1103 1192 et
1149 1151 1290 1192 cum
1333 1129 1556 1210 reptili
1611 1140 1840 1208 terrae,
1913 1140 1972 1193 ‘et
2023 1153 2242 1196 arcum
2280 1140 2340 1194 et

244 1230 519 1311 ⁸clodium
568 1240 629 1293 et
682 1229 908 1292 bellum
941 1233 1258 1311 frangam
1317 1232 1394 1291 de
1447 1239 1640 1306 terra,
1714 1240 1773 1293 et
1825 1235 2048 1293 cubare
2083 1235 2339 1314 faciam

243 1350 334 1391 eos
372 1336 624 1393 aecure“
676 1333 765 1391 II:
829 1336 943 1408 183
1002 1336 1196 1409 agitur
1232 1333 1312 1391 ibi
1349 1333 1423 1392 de
1461 1332 1721 1391 adventu
1766 1334 2036 1408 Domini,
2095 1343 2154 1394 et
2195 1341 2337 1393 tunc

238 1432 308 1491 de
343 1434 751 1510 conjunctione
786 1432 988 1508 Ipsius
1019 1451 1152 1491 cum
1182 1433 1453 1491 omnibus
1485 1435 1583 1507 qui
1610 1436 1670 1491 in
1698 1436 1854 1492 veris
1885 1452 1958 1492 ex
1984 1434 2141 1494 bono
2177 1441 2335 1511 sunt3

243 1550 338 1609 per
368 1535 571 1592 foedus
613 1550 750 1592 cum
784 1533 978 1591 bestia
1015 1535 1176 1609 agri,
1236 1550 1369 1591 cum
1417 1550 1529 1590 ave
1568 1533 1870 1591 coelorum
1920 1541 1979 1591 et
2027 1551 2158 1593 cum
2195 1553 2340 1611 rep-

243 1632 320 1690 tili
346 1641 568 1708 terrae,
631 1616 997 1708 significatur
1035 1634 1374 1710 conjunctio
1414 1650 1546 1691 cum
1589 1633 1897 1692 affectione
1934 1634 2074 1692 boni
2113 1652 2336 1710 eorum,

243 1749 361 1790 cum
401 1734 713 1793 affectione
758 1735 912 1806 veri,
995 1740 1053 1791 et
1098 1748 1230 1791 cum
1282 1733 1591 1792 affectione
1648 1736 2045 1809 cognitionum
2100 1737 2226 1793 veri
2279 1741 2341 1795 et

244 1833 363 1893 boni
413 1853 563 1909 quae
603 1834 914 1893 Ecclesiae
930 1853 945 1908 3
1002 1834 1199 1891 bestia
1244 1836 1398 1891 enim
1451 1836 1577 1908 agri
1627 1834 1921 1910 significat
1967 1836 2339 1895 affectionem

243 1932 392 2007 boni,
455 1938 582 1993 avis
626 1934 924 1993 coelorum
965 1933 1336 1992 affectionem
1375 1934 1528 2008 veri,
1592 1941 1651 1992 et
1688 1934 1906 2010 reptile
1953 1941 2148 1994 terrae
2186 1936 2336 1996 affe-

242 2036 471 2095 ctionem
511 2035 913 2111 cognitionum
950 2036 1078 2092 veri
1121 2041 1180 2091 et
1227 2033 1395 2110 boni3
1453 2034 1611 2109 quod
1647 2052 1763 2092 non
1801 2033 2004 2109 aliqua
2039 2036 2232 2094 bestia
2268 2053 2339 2096 ac

240 2137 356 2192 avis
391 2152 456 2193 ac
499 2135 718 2211 reptile
757 2144 952 2214 terrae
996 2134 1092 2192 hic
1131 2134 1528 2210 intelligatur,
1584 2134 1782 2192 nullus
1822 2151 1939 2191 non
1979 2136 2161 2206 videt,
2198 2155 2340 2194 num

241 2234 459 2310 aliquod
491 2236 706 2294 foedus
744 2249 876 2293 cum
923 2234 1076 2309 illis;
1133 2234 1291 2309 quod
1329 2253 1403 2293 ex
1441 2234 1854 2310 conjunctione
1903 2250 2037 2292 cum
2082 2235 2339 2294 Domino

242 2350 347 2393 non
379 2335 571 2412 aliqua
611 2353 813 2413 pugna
852 2336 1139 2394 exstitura
1174 2337 1251 2394 sit
1286 2336 1423 2394 falsi
1462 2342 1669 2395 contra
1701 2351 1929 2407 verum,
1969 2334 2337 2409 significatur

246 2451 342 2508 per
375 2437 518 2510 quod
554 2443 852 2500 arcumet
878 2436 1139 2512 gladium
1171 2443 1230 2494 et
1266 2436 1490 2517 bellum
1526 2435 1793 2510 frangam
1831 2433 1904 2491 de
1941 2441 2120 2502 terra,
2157 2451 2334 2493 arcus

249 2532 323 2590 ibi
369 2543 450 2594 est
490 2538 789 2610 doctrina,
856 2535 1091 2612 gladius
1144 2522 1524 2609 est'falsum‚
1585 2541 1645 2592 et
1690 2533 1913 2593 bellum
1966 2541 2058 2593 est
2109 2551 2330 2610 pugna.

246 2633 407 2709 Apud
449 2637 828 2697 Ezechielem
878 2635 1059 2710 „Hic
1108 2634 1247 2694 dies
1293 2635 1370 2695 de
1415 2654 1534 2714 quo
1586 2632 1884 2713 loquutus
1947 2651 2120 2704 aum,
2190 2641 2337 2695 tuno

240 2734 474 2797 exibunt
511 2737 902 2797 habitatores
955 2736 1207 2797 urbium
1245 2734 1548 2811 Israelis,
1603 2741 1662 2794 et
1709 2733 2035 2795 incendent
2088 2734 2334 2797 combu-

240 2843 470 2914 remque
518 2856 736 2910 arma,
794 2844 853 2898 et
894 2842 1174 2910 scutum,
1232 2844 1291 2897 et
1334 2834 1656 2917 clypeum,
1707 2853 1849 2895 oum
1900 2853 2055 2896 arou
2090 2840 2150 2895 et
2192 2838 2368 2898 cums

239 2931 395 3011 telio,
449 2945 507 2999 et
557 2955 699 2998 oum
739 2935 956 2999 baculo
1003 2956 1265 3010 manua,
1321 2944 1380 2998 et
1432 2956 1575 2996 cum
1624 2935 1844 3009 hasta,
1906 2941 1966 2996 et
2003 2934 2335 2996 accendent

238 3031 364 3094 illis
411 3036 623 3117 iynem
684 3045 917 3117 septem
968 3037 1204 3097 anni3“
1270 3037 1585 3096 XXXIX:
1647 3040 1706 3096 8.
1766 3039 1836 3111 95
1894 3039 2087 3114 agitur
2132 3037 2214 3095 ibi
2258 3036 2333 3095 de

238 3131 424 3212 Gog0,
475 3157 591 3215 per
628 3156 802 3213 quem
839 3137 1248 3213 intelliguntur
1285 3139 1384 3213 qui
1419 3140 1480 3195 in
1520 3144 1762 3196 externo
1802 3138 1966 3196 cultu
2003 3142 2140 3196 sunt
2178 3143 2236 3196 et
2270 3139 2333 3194 in

234 3235 381 3294 nullo
415 3241 651 3298 interno
668 3257 683 3313 3
723 3240 783 3297 hi
819 3242 959 3314 quia
987 3245 1191 3301 contra
1219 3238 1587 3296 affectionem
1615 3240 1745 3296 veri
1773 3237 2146 3313 spiritualem
2172 3243 2329 3309 sunt,

234 3350 373 3409 quae
410 3346 500 3397 est
537 3356 742 3397 amare
778 3357 924 3398 vera
960 3341 1099 3413 quia
1145 3355 1291 3396 vera
1326 3344 1496 3412 sunt,
1562 3346 1622 3397 et
1672 3338 1808 3396 inde
1858 3343 1996 3397 sunt
2050 3337 2110 3391 in
2161 3336 2332 3392 falsis

232 3438 413 3508 quoad
446 3439 773 3498 doctrinam
795 3484 810 3513 ,
862 3447 921 3498 et
955 3440 1014 3495 in
1050 3438 1221 3495 malis
1261 3437 1459 3513 quoad
1489 3439 1701 3510 vitam,
1741 3453 1914 3494 nemo
1954 3436 2109 3493 enim
2133 3435 2328 3492 refor-

232 3539 364 3594 mari
395 3546 625 3614 potest,
681 3539 794 3598 hoc
833 3546 948 3611 est,
1009 3546 1068 3597 et
1109 3556 1146 3595 a
1179 3538 1348 3595 falsis
1393 3546 1453 3596 et
1492 3555 1528 3596 a
1581 3536 1752 3595 malis
1790 3535 2022 3608 abduci,
2075 3533 2184 3589 nisi
2222 3548 2333 3607 per

232 3650 362 3693 vera
375 3656 389 3711 3
426 3638 564 3698 inde
603 3645 694 3697 est
733 3640 891 3715 quod
929 3639 1190 3710 dicatur,
1226 3638 1383 3714 quod
1421 3638 1662 3696 exibunt
1696 3634 2061 3693 habitatores
2099 3632 2332 3690 urbium

227 3730 487 3813 Israelis,
558 3746 617 3797 et
652 3739 1001 3798 comburent
1037 3756 1203 3796 arma
1247 3744 1307 3796 et
1342 3745 1576 3796 scutum
1614 3744 1673 3794 et
1707 3736 1981 3810 clypeum
2021 3750 2153 3792 cum
2192 3750 2335 3792 arcu

236 3840 289 3890 et
323 3852 450 3895 cum
486 3838 655 3911 teliS,
697 3847 756 3897 et
793 3857 926 3897 cum
962 3837 1176 3896 baculo
1213 3854 1425 3896 manus
1465 3844 1525 3896 et
1572 3854 1704 3894 cum
1752 3836 1931 3893 hasta
1945 3855 1962 3910 3
2013 3852 2123 3911 per
2158 3834 2335 3893 habi-

235 3938 442 3996 tatores
496 3940 728 3997 urbium
772 3939 1018 3998 Israelis
1062 3938 1477 4013 intelliguntur
1513 3938 1613 4012 qui
1648 3939 1707 3995 in
1744 3936 2054 3995 affectione
2093 3937 2224 3994 veri
2259 3953 2335 3995 ex

232 4030 375 4092 bono
410 4046 576 4113 sunt,
639 4039 752 4098 hoc
791 4046 911 4113 est,
976 4041 1034 4097 in
1081 4038 1390 4096 affectione
1445 4039 1573 4096 veri
1607 4037 1935 4113 spirituali,
2000 4043 2061 4095 et
2096 4036 2235 4095 inde
2272 4037 2333 4094 in

233 4132 486 4194 doctrina
518 4142 757 4215 genuini
790 4142 920 4198 veri
932 4159 949 4214 3
986 4157 1096 4214 per
1132 4138 1480 4196 comburere
1518 4155 1681 4194 arma
1711 4137 2075 4213 significatur
2112 4138 2331 4195 exstir-⁸

230 4248 366 4306 pare
400 4238 552 4298 falsa
587 4242 775 4300 omnis
824 4242 1092 4315 generis;
1149 4256 1259 4313 per
1305 4244 1543 4296 scutum
1591 4237 1806 4296 salsum
1857 4236 2173 4295 destruens
2217 4234 2331 4292 bo-
