2791 4778
348 372 595 429 CAPUT
633 373 944 428 SEXTUM.
1686 375 1862 430 VERS
1884 397 1894 427 :
1944 386 2032 436 16.
2205 387 2313 440 495

204 536 433 593 dentem
491 549 675 607 super
727 531 936 588 throno
992 537 1049 588 et
1103 549 1211 606 per
1270 531 1504 608 Aguum
1555 531 1930 609 intelligitur,
2001 539 2313 607 irascatur,

201 644 284 694 est
318 636 483 693 enim
521 633 726 709 Ipsum
762 631 1046 690 Divinum
1091 632 1355 703 Bonum,
1415 640 1473 689 et
1521 633 1650 691 Hoc
1702 651 1817 691 non
1860 641 2063 710 potest
2109 638 2307 713 irasci,

196 740 276 793 ira
304 737 469 793 enim
506 751 623 790 non
662 731 820 789 cadit
856 733 916 788 in
950 731 1154 808 Ipsum
1192 732 1455 804 Bonum,
1513 734 1618 790 sed
1654 735 1739 790 ita
1776 734 1988 795 dicitur
2025 740 2084 795 in
2125 736 2314 797 Verbi

196 853 372 894 sensu
421 835 668 904 literae,
727 831 801 888 ob
841 848 1084 905 causae,
1152 833 1223 889 de
1275 832 1489 907 quibus
1531 834 1699 908 alibi3
1756 834 1851 892 hic
1892 839 2063 895 modo
2103 842 2310 896 osten-

194 935 393 1003 detur,
454 934 615 1009 quod
663 932 845 989 facies
894 932 1166 991 Jehovae
1222 950 1331 990 seu
1390 933 1628 992 Domini
1677 936 1969 1009 significet
2030 938 2311 996 Divinum

194 1037 510 1109 Amorem,
568 1038 627 1090 et
659 1032 797 1090 inde
844 1032 1123 1091 Divinum
1162 1034 1395 1089 Bonum
1448 1036 1505 1091 in
1562 1011 1744 1092 Coelo
1795 1040 1951 1094 etin
2000 1036 2304 1113 Ecclesia,

191 1138 338 1193 etin
380 1136 668 1210 opposito
719 1148 897 1189 sensu
944 1151 1054 1208 per
1108 1150 1330 1208 ponere
1382 1134 1595 1192 faciem
1643 1143 1847 1193 contra
1895 1137 2190 1220 aliquem,
2247 1146 2308 1196 et

190 1253 294 1310 per
330 1235 711 1293 abscondere
760 1239 820 1291 et
867 1234 1166 1291 occultare
1207 1234 1451 1303 faciem,
1507 1234 1873 1309 intelligatur
1918 1238 2108 1294 simile
2149 1239 2309 1311 quod

191 1353 294 1410 per
334 1333 902 1395 excandescentiarn
941 1341 999 1392 et
1032 1336 1180 1391 iram
1195 1354 1210 1408 3
1267 1341 1392 1391 tum
1431 1334 1588 1409 quod
1627 1352 1735 1409 per
1759 1336 2010 1407 faciem,
2063 1353 2194 1395 cum
2234 1338 2307 1396 de

187 1435 463 1508 homine,
500 1434 904 1510 intelligantur
936 1436 1230 1491 interiora
1257 1452 1409 1508 quae
1451 1437 1664 1491 mentis
1709 1442 1767 1495 et
1804 1435 2130 1494 affectionis
2175 1438 2307 1514 ejus

188 1544 378 1610 sunt,³
420 1540 479 1596 in
517 1541 771 1609 utroque
811 1550 1025 1592 sensu:
1083 1533 1241 1609 quod
1292 1534 1508 1606 facies,
1565 1552 1698 1594 curn
1748 1537 1819 1593 de
1872 1535 2152 1595 Jehovah
2198 1554 2309 1596 seu

188 1633 482 1709 Domino,
538 1635 834 1710 significet
873 1634 1154 1692 Divinum
1196 1636 1510 1710 Amorem,
1583 1644 1641 1693 et
1676 1638 1811 1695 inde
1848 1638 2128 1694 Divinum
2177 1637 2303 1696 Bo-

186 1751 358 1813 num,
416 1743 653 1794 constat
689 1753 756 1793 ex
787 1735 1176 1818 sequentibus
1213 1735 1304 1792 his
1341 1735 1522 1810 locis3
1564 1739 1723 1813 apud
1761 1738 2054 1797 Davidem
2090 1734 2306 1812 „Illu-

187 1836 369 1897 mina
393 1836 607 1916 facie-s·
661 1840 811 1894 tuas
859 1854 1046 1913 super
1095 1854 1343 1895 servum
1394 1844 1603 1909 tuum,
1678 1858 1860 1898 serva
1907 1857 2004 1898 me
2044 1843 2307 1917 propter

188 1934 637 2015 beniynitatem
684 1927 917 1995 buam“
980 1936 1213 1994 Psalm:
1264 1933 1506 1996 XXXI:
1557 1943 1636 1996 17
1663 1960 1679 2014 3
1734 1940 2067 2000 illiuuinare
2118 1939 2303 1997 facies

192 2037 487 2111 significat
520 2037 819 2094 illustrare
859 2035 1074 2093 Divino
1113 2036 1274 2112 Vero
1320 2054 1393 2094 ex
1432 2038 1650 2094 Divino
1690 2039 1909 2114 Amore
1923 2059 1938 2111 3
1998 2038 2155 2112 quod
2191 2038 2306 2097 hoc

190 2136 556 2211 significetur
592 2156 701 2212 per
750 2137 1084 2193 illuminare
1128 2135 1341 2208 facicS,
1402 2143 1493 2193 est
1546 2139 1682 2210 quia
1718 2136 2001 2193 Divinum
2056 2135 2299 2210 Verum,

193 2237 359 2307 quod
392 2238 661 2313 procedit
699 2255 733 2294 a
768 2237 1022 2294 Domino
1065 2243 1127 2292 ut
1166 2234 1303 2293 Sole
1341 2237 1401 2292 in
1440 2234 1620 2294 Coelo
1662 2237 1978 2312 AngelicO,
2037 2234 2139 2292 dat
2174 2253 2302 2292 om-

193 2350 338 2391 nem
387 2337 575 2395 lucem
620 2339 730 2412 ibi,
803 2346 862 2396 et
917 2355 1152 2412 quoque
1204 2336 1467 2394 illustrat
1517 2345 1745 2395 mentes
1794 2337 2170 2414 angelorum,
2230 2353 2300 2396 ac

202 2435 410 2508 implet
443 2438 571 2497 illos
609 2440 931 2515 sapientia,
990 2455 1172 2513 quare
1213 2439 1395 2496 facies
1435 2439 1674 2496 Domini
1718 2440 1779 2496 in
1829 2439 2073 2514 prop'rio
2115 2453 2301 2498 sensu

202 2542 295 2592 est
333 2536 432 2597 Sol
469 2538 633 2598 Coeli
667 2539 972 2614 Angelicj,
1030 2556 1167 2597 nam
1201 2522 1518 2597 Dominus
1547 2545 1816 2615 apparet>
1845 2537 2090 2614 Angelis
2139 2523 2297 2596 inte·
2389 2612 2392 2615 A

192 2636 408 2696 riorum
446 2640 762 2698 Coelorum
814 2648 879 2696 ut
929 2638 1062 2713 Sol,
1147 2645 1206 2696 et
1253 2639 1367 2697 hoc
1421 2657 1495 2697 ex
1549 2640 1768 2709 Divino
1815 2639 2016 2714 Ipsius
2053 2626 2295 2712 An'iore,

189 2753 325 2796 nam
370 2743 556 2799 Amor
599 2743 661 2798 in
701 2739 928 2814 CoeliS,
985 2740 1124 2799 dum
1173 2741 1401 2797 sistitur
1449 2734 1585 2797 ante
1631 2738 1864 2812 ocuIOS,
1929 2744 2180 2813 apparet
2230 2745 2300 2796 ut

187 2836 372 2912 ignis,
424 2841 679 2899 Divinus
721 2849 923 2899 autem
970 2841 1155 2899 Amor
1190 2848 1254 2897 ut
1292 2839 1425 2914 801,
1480 2858 1548 2898 ex
1596 2839 1699 2897 illo
1751 2838 1891 2898 Sole
1931 2838 2202 2915 procedit
2240 2845 2299 2898 et

187 2939 347 2998 calor
387 2947 445 2999 et
492 2941 627 3015 lux,
686 2959 754 3001 ac
793 2940 973 3000 Calor
1016 2941 1118 2999 ille
1157 2947 1248 2998 est
1282 2941 1565 2998 Divinum
1601 2940 1863 3014 Bonum,
1922 2946 1981 2998 et
2015 2939 2145 2997 Lux
2193 2940 2299 2999 illa

185 3047 276 3098 est
316 3043 605 3111 Divinum
641 3043 899 3100 Verum:
958 3059 1030 3100 ex
1068 3041 1158 3099 his
1210 3047 1483 3100 constare
1533 3048 1763 3118 potest,
1819 3041 1977 3117 quod
2012 3044 2119 3117 'per
2154 3041 2296 3099 illu-

182 3143 407 3199 minare
445 3143 628 3200 facies
667 3150 799 3200 tuas
838 3160 1021 3217 super
1072 3160 1309 3200 servum
1354 3124 1527 3200 tuum*
1575 3144 1941 3220 significetur
1993 3142 2294 3225 illustrare

181 3238 399 3299 Divino
427 3242 600 3300 'Vero
640 3261 712 3300 ex
746 3242 963 3300 Divino
998 3242 1424 3324 Bon03>quare
1465 3246 1641 3301 etiam
1679 3245 1947 3313 additur,
1991 3261 2168 3304 serva
2199 3260 2293 3301 me

178 3349 429 3419 propter
463 3342 888 3420 benignitatem
936 3350 1130 3417 tuam,
1185 3342 1522 3418 benignitas
1571 3352 1661 3402 est
1709 3344 1910 3401 Divini
1947 3344 2129 3400 Boni:
2185 3343 2327 3413 sed,

178 3439 249 3500 de
296 3442 440 3501 Sole
477 3445 536 3499 in
578 3442 758 3500 Coelo
786 3442 1107 3518 Angelico,
1151 3451 1209 3501 et
1246 3443 1317 3499 de
1348 3442 1561 3500 Calore
1599 3450 1657 3499 et
1691 3443 1856 3499 Luce
1894 3441 2047 3508 inde,
2082 3442 2292 3498 videa-

176 3547 270 3600 tur
306 3545 369 3600 in
407 3541 608 3617 Opere
656 3543 728 3600 de
766 3541 973 3602 Coeno
1018 3562 1094 3600 Εἰ·
1136 3543 1439 3612 INFERNO,
1500 3539 1571 3597 de
1615 3540 1753 3598 Sole
1800 3541 1883 3596 ibi
1923 3560 1988 3595 n:
2037 3543 2169 3597 116
2213 3541 2290 3598 ad

182 3644 355 3703 125:
415 3650 473 3701 et
519 3643 590 3701 de
646 3642 858 3701 Calore
917 3626 1183 3700 etLuce
1232 3641 1387 3714 inde,
1446 3660 1515 3697 n:
1580 3643 1711 3698 126
1748 3639 1822 3696 ad
1860 3641 2016 3696 140.
2107 3639 2290 3714 Apud

176 3739 449 3801 Eundem
488 3739 739 3817 „Multi
778 3741 1026 3816 dicunt,
1091 3741 1236 3819 quis
1287 3739 1566 3801 ostendet
1612 3740 1789 3800 nobis
1833 3739 2087 3813 bonum,
2144 3736 2292 3799 tolle

174 3860 366 3921 super
414 3861 529 3902 nos
577 3842 772 3902 lucem
813 3843 1137 3922 facierum
1182 3847 1442 3902 tuarum
1490 3840 1769 3901 Jehovah
1792 3844 1826 3874 “
1879 3841 2113 3901 Psalm:
2168 3840 2288 3899 IV:

184 3946 214 3999 7
240 3964 259 4002 :
317 3942 477 4018 apud
512 3944 782 4002 Eundem
835 3942 1181 4018 ,‚Jeh0vah,
1221 3943 1290 4002 in
1328 3939 1463 4002 luce
1484 3943 1808 4023 facierum
1849 3948 2106 4002 tuarum
2149 3960 2288 4003 am-

177 4038 523 4102 bulabunt“
591 4044 825 4102 Psalm:
877 4044 1238 4127 LXXXIX:
1298 4047 1419 4102 16:
1502 4043 1663 4120 apud
1718 4043 1989 4102 Eundem
2052 4041 2291 4117 „Deus

178 4142 370 4203 reduc
402 4163 547 4218 2208,
596 4152 656 4205 et
695 4142 897 4204 lucere
918 4146 1040 4222 fac
1061 4144 1276 4224 facies
1317 4149 1494 4218 tua-9,
1534 4151 1607 4204 ut
1646 4146 2007 4204 servemur“
2051 4143 2286 4201 Psalm:

178 4239 435 4303 LXXX:
469 4248 530 4302 4.
570 4249 627 4304 8.
663 4248 774 4303 20:
815 4253 873 4303 et
902 4246 1064 4319 apud
1090 4244 1355 4303 Eundem
1399 4242 1633 4315 „Deus
1661 4243 2039 4305 misereatur
2063 4242 2291 4325 nostri,
