2791 4778
406 390 520 445 254
842 377 1334 434 APOCALYPSIS
1376 374 1809 432 ExpchT-A.
1872 377 1919 445 §.
1964 384 2094 438 374.

407 540 568 619 quod
613 557 689 598 ex
731 538 959 614 origine
1004 535 1285 610 coelesti,
1343 534 1504 611 quod
1548 536 1611 593 in
1665 540 1977 594 aeternum
2043 540 2520 613 conservaturus,

410 644 495 702 ita
523 657 629 700 eos
666 639 768 715 qui
801 639 863 696 in
896 636 1002 696 lllo
1037 642 1201 709 sunt,
1242 642 1304 694 et
1336 635 1558 695 falsum
1593 636 1784 694 omnis
1821 636 2062 712 generis
2102 637 2263 710 quod
2300 654 2378 695 ex
2405 640 2518 696 ori-

408 745 543 821 gine
577 738 877 812 infernali,
929 736 1091 816 quod
1133 735 1578 808 destructurus,
1646 738 1733 795 ita
1783 753 1890 796 eos
1943 737 2044 812 qui
2095 737 2159 795 in
2206 736 2313 797 illo
2366 742 2523 813 eunt3

410 851 473 904 et
526 842 668 918 quia
721 838 936 899 dicitur
985 839 1273 912 triticum,
1342 835 1626 895 horreum
1680 841 1743 895 et
1795 836 2004 913 palea,
2078 838 2264 896 etiam
2319 836 2527 897 dicitur

407 940 804 1003 ventilabrum
833 947 895 998 et
929 955 1105 1008 area,
1140 954 1212 996 ac
1247 955 1358 1014 per
1383 936 1780 995 ventilabrum
1806 936 2179 1013 significatur
2204 940 2525 1015 separatio,

411 1062 485 1105 ac
520 1059 632 1120 per
668 1058 872 1099 aream
907 1039 1012 1098 ubi
1047 1039 1352 1115 separatio
1380 1036 1464 1095 fit.
1534 1037 1717 1113 Apud
1749 1036 2022 1097 Eundem
2060 1035 2309 1111 „Jews
2338 1036 2548 1115 dixit„

410 1140 624 1206 simile
663 1146 759 1201 eet
791 1139 1093 1219 Reqnum
1136 1135 1467 1199 Goelorum
1499 1137 1744 1199 homini
1768 1137 2114 1198 seminanti
2156 1137 2393 1198 bonum
2437 1156 2528 1198 ee-

411 1263 552 1305 men
606 1242 679 1302 in
737 1258 897 1321 ayro
945 1257 1062 1301 suo
1072 1283 1093 1314 ,
1149 1236 1263 1298 sed
1318 1257 1462 1300 oum
1518 1238 1952 1301 dormiverunt
1999 1238 2286 1299 homines
2297 1284 2315 1314 ,
2375 1238 2531 1301 venit

411 1344 549 1427 ejus
596 1340 901 1403 inimicus
948 1344 1007 1399 et
1043 1338 1385 1399 seminavit
1432 1338 1694 1400 zizania
1746 1346 1807 1401 et
1854 1339 2089 1400 abivit:
2149 1357 2352 1418 quum
2401 1357 2531 1401 vero

411 1442 801 1526 ymainavit
861 1439 1050 1501 herba
1069 1483 1086 1515 ,
1157 1445 1219 1499 et
1255 1439 1555 1518 fructum
1605 1439 1771 1519 fecit
1787 1485 1805 1515 ,
1887 1446 2035 1501 tuno
2096 1444 2532 1518 apparuerunt

414 1546 609 1606 etiam
634 1542 896 1605 zizania
910 1563 930 1601 .·
977 1538 1333 1601 accedentes
1361 1546 1575 1601 autem
1611 1540 1780 1602 servi
1799 1537 2320 1620 patrisfamilias
2347 1539 2529 1603 dixe-

410 1652 565 1707 runt
591 1641 726 1718 illi,
780 1641 1096 1717 Domine,
1151 1659 1351 1700 nonne
1391 1641 1620 1701 bonum
1655 1660 1863 1702 semen
1893 1639 2234 1702 seminasti
2268 1640 2343 1702 in
2381 1658 2531 1722 ayro

414 1752 553 1821 tue,
608 1742 775 1805 unde
813 1761 961 1822 erqo
1005 1741 1187 1802 habet
1223 1741 1487 1802 zizania
1495 1762 1524 1813 ;
1591 1741 1695 1803 hio
1747 1749 1893 1803 tunc
1945 1740 2125 1802 dimit
2169 1738 2350 1817 illia,
2407 1741 2531 1804 ini-

412 1844 621 1905 micus·
669 1841 848 1903 homo
893 1842 1006 1902 hoc
1040 1841 1206 1921 fecit
1225 1862 1246 1902 .·
1299 1842 1470 1903 servi
1504 1849 1716 1904 autem
1765 1842 2101 1918 dixerunt,
2159 1841 2343 1902 visne
2391 1859 2532 1923 erqo

412 1949 709 2005 ememtes
760 1940 1145 2021 oolliyamue
1196 1961 1272 2002 ea
1282 1962 1312 2015 ,·
1373 1943 1515 2020 ipse
1571 1962 1712 2003 vero
1764 1942 1972 2018 dixit,
2026 1961 2179 2018 non,
2243 1961 2322 2002 ne
2362 1943 2532 2024 sorte

412 2041 776 2124 colliyentes
831 2043 1092 2129 {itania
1156 2042 1498 2104 eradicetis
1562 2041 1761 2104 simul
1819 2062 1962 2104 cum
2014 2040 2158 2103 illie
2225 2042 2531 2116 triticum,

416 2144 609 2206 sinite
657 2162 789 2205 una
837 2161 1107 2205 cresce-re
1144 2148 1415 2224 utraque
1451 2163 1651 2223 usque
1685 2143 1778 2204 acl
1812 2162 2079 2204 messem
2090 2189 2107 2219 ,
2163 2148 2225 2203 et
2269 2143 2342 2204 in
2382 2151 2536 2206 tem-

404 2264 563 2328 pore
597 2245 829 2306 messis
868 2243 1080 2304 dicam
1116 2244 1532 2320 messoribus,
1597 2241 1880 2324 colliyite
1905 2244 2103 2323 prius
2134 2243 2435 2319 zizania,
2481 2249 2536 2305 et

416 2345 714 2427 colliyate
755 2364 831 2406 ea
885 2344 954 2406 in
994 2342 1357 2424 fasciculos
1410 2344 1501 2406 ad
1545 2345 2028 2408 comburendum
2068 2363 2172 2421 ea,
2242 2344 2534 2408 triticum

409 2469 550 2511 vero
591 2453 967 2528 conyreyate
1004 2446 1077 2505 in
1113 2443 1407 2506 horreum
1444 2450 1698 2508 meum“
1736 2447 1928 2507 XIII:
1973 2449 2061 2505 24
2109 2446 2189 2505 ad
2228 2449 2358 2523 303
2399 2446 2536 2522 quid

409 2552 561 2610 haec
598 2549 934 2622 involvunt,
974 2553 1144 2623 patet
1179 2548 1494 2607 manifeste
1534 2566 1608 2606 ex
1642 2564 1825 2607 sensu
1861 2547 2188 2624 spirituali,
2226 2565 2371 2606 nam
2406 2549 2529 2607 sin·

409 2651 551 2727 gula
585 2650 667 2708 ibi
703 2656 843 2707 sunt
877 2647 1482 2724 correspondentiae,
1523 2648 1816 2707 Dominus
1854 2651 2010 2707 enim
2045 2664 2181 2708 cum
2214 2650 2280 2706 in
2313 2647 2532 2706 mundo

411 2752 553 2819 fuit,
603 2767 716 2826 per
752 2765 947 2808 meras
986 2748 1547 2823 correspondentias
1583 2749 1869 2825 loquutus
1909 2755 2000 2807 est
2049 2749 2191 2824 quia
2230 2766 2309 2809 ex
2353 2748 2532 2807 Divi-

413 2866 522 2922 no,
589 2850 786 2924 agitur
837 2848 921 2906 ibi
983 2848 1057 2907 de
1107 2847 1326 2908 Ultimo
1376 2848 1649 2924 Judicio‚
1725 2848 1961 2925 quando
2026 2847 2348 2925 separandi
2397 2853 2535 2906 sunt

411 2948 555 3007 boni
589 2967 625 3007 a
660 2947 864 3022 malie„
904 2964 976 3007 ac
1001 2947 1145 3008 boni
1177 2951 1415 3009 venturi
1442 2952 1504 3008 iu
1542 2948 1792 3009 Coelum
1834 2956 1894 3009 et
1929 2949 2071 3009 mali
2107 2952 2169 3008 in
2202 2950 2499 3009 infernum
2510 2967 2528 3024 ;

406 3066 616 3108 semen
649 3048 873 3107 bonum
910 3049 973 3106 in
1008 3065 1183 3126 agro,
1237 3050 1397 3125 quod
1432 3050 1608 3109 homo
1657 3051 2008 3124 seminavit,
2065 3049 2366 3127 significat
2407 3049 2527 3108 Ec·

412 3150 634 3208 clesiae
684 3165 833 3208 vera
878 3165 1034 3225 quae
1087 3166 1163 3208 ex
1210 3149 1367 3209 bono
1416 3156 1586 3223 sunt,
1654 3168 1798 3226 ager
1851 3150 2147 3226 significat
2197 3149 2531 3210 Ecclesiam

410 3250 514 3309 ubi
549 3250 681 3323 illa,
734 3255 796 3308 et
831 3251 1128 3309 seminare
1167 3250 1465 3326 significat
1498 3251 1747 3310 influere
1784 3268 1854 3309 ac
1892 3253 2191 3327 recipere,
2246 3252 2336 3309 ita
2379 3266 2526 3326 quo·

410 3368 524 3429 que
559 3354 890 3426 instruere,
945 3349 1125 3410 homo
1162 3353 1267 3427 qui
1303 3353 1620 3411 seminavit
1655 3356 1748 3409 est
1783 3351 2078 3411 Dominus
2117 3370 2228 3428 per
2262 3350 2527 3412 Verbum

406 3453 510 3512 ubi
550 3455 747 3512 omnia
795 3469 940 3511 vera
989 3450 1300 3511 Ecclesiae
1353 3459 1525 3526 sunt3
1592 3469 1729 3511 cum
1788 3450 2199 3511 dormiverunt
2258 3450 2527 3510 homines

408 3558 571 3615 venit
606 3555 737 3632 ejus
775 3555 1050 3612 inimicus
1107 3558 1169 3612 et
1215 3554 1539 3612 seminavit
1586 3554 1819 3610 zizania
1868 3559 1930 3611 et
1975 3551 2178 3626 abivit,
2237 3550 2528 3628 significat

408 3656 571 3730 quod
605 3655 767 3733 apud
813 3652 1118 3712 naturales
1165 3651 1437 3712 homines
1476 3652 1632 3711 falsa
1685 3652 1826 3711 mali
1871 3653 1947 3712 ab
2000 3653 2235 3713 inferno
2283 3652 2526 3710 influant

407 3763 471 3815 et
502 3757 897 3831 recipiantur,
949 3754 1204 3813 dormire
1243 3757 1400 3813 enim
1448 3754 1740 3829 significat
1784 3757 1993 3814 vivere
2046 3756 2230 3817 vitam
2281 3758 2526 3811 natura-

404 3855 526 3912 lem
578 3853 807 3931 absque
858 3853 1182 3930 spirituali,
1241 3855 1518 3914 videatur
1569 3870 1758 3930 supra
1798 3872 1868 3912 n:
1926 3856 2099 3925 187,
2154 3859 2216 3914 et
2253 3855 2526 3912 inimicus

403 3951 700 4029 significat
756 3951 1081 4026 infernum,
1154 3959 1216 4011 et
1265 3956 1498 4014 zizania
1547 3953 1885 4032 significant
1934 3954 2093 4014 mala
2143 3954 2312 4014 falsi:
2391 3949 2527 4031 quid

402 4050 637 4127 reliqua
680 4068 873 4126 usque
919 4052 996 4110 ad
1041 4051 1217 4110 finem
1267 4054 1635 4131 significant,
1692 4061 1968 4115 constare
2015 4060 2221 4131 potest
2271 4072 2349 4115 ex
2406 4053 2521 4113 illis

406 4168 563 4230 quae
598 4154 660 4211 in
700 4149 1010 4227 Opusculo
1047 4150 1122 4210 de
1159 4149 1405 4213 Ummo
1442 4155 1484 4214 J
1490 4172 1730 4226 umero,
1781 4174 1850 4215 n:
1916 4157 2025 4228 70,
2065 4155 2326 4215 adducta
2364 4158 2521 4225 sunt,

402 4251 714 4321 mvolvunt
768 4253 924 4311 enim
973 4252 1215 4312 Arcana
1268 4269 1431 4330 quae
1492 4254 1574 4313 ibi
1629 4258 1910 4331 exposita
1958 4261 2129 4332 sunt3
2182 4254 2280 4314 hic
2333 4253 2526 4315 solum

2648 550 2688 639 ¹
