2791 4778
373 372 592 429 CAPUT
632 372 937 428 SEXTUM.
1287 400 1292 405 ·
1741 371 1954 427 VERS=
1999 384 2049 434 8.
2123 426 2180 474 θ
2210 381 2319 436 303

238 535 370 612 quod
403 538 487 592 est
522 532 650 592 sola
688 532 869 607 fides,
928 548 1037 591 seu
1075 531 1222 590 fides
1260 537 1543 608 separata
1580 549 1617 590 a
1654 533 1973 608 charitate,
2043 532 2318 593 destruat

233 653 380 695 omne
412 634 624 693 bonum
654 640 712 692 et
738 650 945 691 verum
976 632 1308 702 Ecclesiae,
1342 633 1693 709 intelligitur
1726 649 1837 709 per
1875 650 1911 691 a
1947 634 2149 693 radice
2178 651 2314 693 ser·-

232 738 398 812 pentis
436 735 616 793 exibit
657 733 1004 802 basilis011S‚
1069 733 1239 790 radix
1289 736 1588 809 serpentis
1629 740 1722 792 est
1768 736 2132 810 principium
2165 734 2318 794 illud

233 837 444 910 falsum,
484 842 543 894 et
577 835 894 893 basiliscus
934 840 1026 891 est
1063 834 1390 892 destructio
1428 834 1569 893 boni
1606 840 1665 894 et
1698 837 1827 893 veri
1860 834 2172 894 Ecclesiae
2202 853 2316 912 per

228 937 378 1011 illud3
430 935 586 1012 quod
623 935 757 992 inde
801 936 1028 993 oriatur
1074 936 1446 992 ratiocinatio
1503 951 1579 992 ex
1616 938 1795 993 meris
1833 935 2032 1005 falsis,
2085 935 2312 995 intelli-

232 1039 362 1114 gitur
402 1053 508 1112 per
557 1036 730 1113 cujus
792 1035 1017 1092 fructus
1071 1040 1309 1109 prester
1358 1035 1569 1111 volans
1585 1079 1600 1109 ,
1668 1042 1908 1112 prester
1958 1036 2170 1095 volans
2222 1042 2317 1095 est

230 1139 569 1197 ratiocinatio
620 1154 693 1195 ex
748 1135 949 1210 salsis;
1018 1135 1351 1210 deprivatio
1405 1136 1593 1192 omnis
1640 1138 1769 1194 veri
1819 1142 1880 1194 et
1932 1135 2069 1196 inde
2124 1138 2315 1197 omnis

227 1237 367 1308 boni,
413 1237 761 1313 intelligitur
794 1254 906 1311 per
942 1235 1205 1294 occidam
1254 1235 1410 1292 same
1460 1236 1721 1294 radicem
1762 1243 1952 1306 tuam,
2017 1243 2078 1295 et
2124 1238 2315 1296 fames

225 1339 463 1398 residuas
503 1344 641 1397 tuos
683 1337 945 1405 occidet,
999 1336 1186 1392 sames
1231 1341 1323 1392 est
1375 1334 1710 1411 deprivatio
1755 1339 1883 1395 veri
1933 1343 1993 1396 et
2026 1337 2200 1406 boni,
2254 1343 2317 1397 et

225 1440 419 1498 residui
455 1445 598 1498 sunt
634 1439 831 1496 omnia
866 1453 1020 1512 quae
1073 1452 1146 1493 ex
1196 1452 1267 1493 eo
1323 1437 1614 1512 principio
1669 1437 2097 1496 excluduntur:
2155 1438 2318 1514 quod

224 1538 349 1598 haec
381 1540 816 1616 intelligantur,
876 1538 1075 1612 patuit
1122 1538 1299 1593 etiam
1338 1536 1413 1594 ab
1449 1538 1583 1613 ipsa
1622 1539 2023 1614 experientia3
2078 1537 2167 1597 illi
2212 1540 2316 1614 qui

223 1641 272 1696 in
301 1642 577 1717 principio
619 1638 691 1696 de
721 1637 851 1695 sola
887 1636 1001 1694 fide
1031 1652 1096 1694 se
1129 1635 1631 1695 confirmaverunt
1668 1637 1938 1696 doctrina
1975 1644 2033 1697 et
2069 1639 2212 1712 vita,
2251 1639 2312 1696 in

224 1740 410 1798 mundo
459 1738 760 1817 spirituali
805 1739 919 1795 visi
975 1741 1115 1794 sunt
1165 1737 1322 1794 sicut
1366 1737 1666 1811 basilisci,
1733 1745 1791 1796 et
1827 1740 2313 1797 ratiocinationes

226 1856 397 1899 eorum
438 1844 594 1899 sicut
631 1845 935 1914 prestares
988 1837 1279 1895 volantes,
1371 1836 1552 1914 Apud
1603 1812 1876 1896 Eunde‘ae'm
1928 1838 2119 1915 „Qui
2159 1837 2310 1917 for-

220 1945 333 1999 πται
392 1938 606 2014 deum,
678 1945 736 1998 ct
770 1936 981 2017 fusile
1026 1935 1293 2016 fundit,
1381 1943 1442 1996 ct
1487 1957 1611 1998 non
1663 1938 1928 2017 prodest
1952 1981 1968 2009 ‚
2025 1939 2318 2020 fabricat
2418 1985 2422 1989 -

225 2039 433 2102 ferrum
480 2038 763 2121 forcipe,
836 2043 895 2096 ct
942 2043 1242 2116 operatur
1294 2039 1581 2112 carbone,
1664 2046 1722 2099 et
1783 2036 2036 2098 malleis
2100 2039 2314 2101 acutis

209 2139 428 2219 format
459 2139 674 2202 illud.-
728 2139 824 2198 εἰσ
853 2143 1155 2218 operatur
1180 2134 1353 2198 illud
1377 2158 1498 2216 per
1531 2138 1856 2198 brachium
1891 2139 2135 2200 roboris
2182 2139 2308 2209 sui,

220 2240 387 2301 etiam
412 2240 613 2303 esurit
647 2258 841 2318 usque
868 2237 1021 2298 dum
1063 2257 1188 2308 ‘nov
1224 2238 1444 2312 robur,
1500 2258 1692 2318 neque
1730 2230 1899 2299 bibit
1925 2257 2123 2317 usque
2156 2238 2314 2299 dum

210 2340 558 2421 fatiyatur“
616 2341 849 2401 XLIV:
920 2342 1027 2399 10.
1091 2343 1200 2416 [23
1266 2356 1376 2415 per
1425 2338 1576 2399 haec
1627 2339 1982 2398 describitur
2036 2340 2310 2399 formatio

226 2440 496 2503 doctrinae
545 2462 622 2503 ex
670 2444 913 2518 proprio
969 2447 1091 2499 tam
1142 2440 1450 2499 intellectu
1511 2458 1685 2516 quam
1737 2458 1969 2516 amore3
2026 2458 2136 2515 per
2182 2440 2307 2498 sor-

223 2556 371 2599 mare
406 2543 567 2601 deum
603 2542 970 2619 significatur
1006 2541 1275 2599 doctrina
1310 2558 1381 2598 ex
1421 2545 1664 2617 proprio
1700 2540 2040 2614 intellectu,
2102 2547 2164 2599 et
2197 2556 2309 2616 per

220 2640 442 2701 fundere
479 2644 654 2702 fusile
691 2660 766 2701 ex
803 2644 1048 2718 proprio
1087 2659 1287 2700 amore
1308 2661 1323 2715 3
1380 2660 1490 2717 per
1534 2642 1789 2701 fabricat
1825 2641 2045 2699 ferrum
2080 2640 2308 2717 forcipe

221 2746 271 2799 et
305 2751 578 2820 operatur
613 2742 905 2811 carbone,
960 2742 1328 2817 significatur
1374 2741 1593 2801 falsum
1643 2742 1801 2818 quod
1851 2748 2029 2800 vocat
2082 2758 2309 2812 verum,

217 2849 269 2899 et
311 2845 517 2905 malum
569 2843 730 2920 quod
781 2849 960 2901 vocat
1012 2842 1260 2911 bonum,
1326 2842 1545 2900 ferrum
1594 2852 1687 2902 est
1737 2842 1982 2915 falsum,
2049 2825 2308 2918 et‘ignis

217 2943 465 3004 carbonis
504 2951 599 3004 est
634 2942 854 3001 malum
894 2945 1110 3000 amoris
1152 2943 1408 3018 proprii3
1445 2960 1556 3019 per
1592 2942 1824 3001 malleis
1865 2934 2056 3002 acutis
2094 2942 2311 3002 format
2370 3019 2377 3032 ,

196 3041 367 3116 -illud,
430 3044 798 3122 significatur
845 3061 955 3119 per
1002 3044 1316 3101 ratiocinia
1368 3059 1440 3101 ex
1492 3043 1659 3102 falsis
1697 3045 2033 3119 ingeniosa,
2090 3049 2157 3102 ut
2192 3061 2307 3121 ap·

212 3152 439 3217 pareant
477 3145 831 3219 cohaerere3
886 3159 996 3219 per
1037 3146 1123 3201 sic
1174 3149 1460 3219 operatur
1511 3143 1657 3202 illud
1710 3161 1819 3220 per
1859 3144 2169 3203 brachium
2204 3160 2306 3202 ro·-

211 3240 350 3303 boris
389 3249 500 3316 sui,
539 3244 905 3320 significatur
942 3262 1014 3301 ex
1054 3244 1313 3319 propri03
1353 3260 1464 3319 per
1502 3247 1683 3302 etiam
1721 3246 1906 3303 esurit
1943 3260 2132 3319 usque
2164 3242 2306 3301 dum

210 3360 309 3401 non
343 3346 540 3417 robur,
577 3361 772 3420 neque
808 3343 956 3402 bibit
996 3360 1185 3419 usque
1219 3343 1355 3401 dum
1406 3344 1706 3421 fatigatur,
1749 3333 2118 3419 significatur
2148 3342 2307 3418 quod

210 3459 479 3520 nusquam
518 3445 743 3521 aliquid
777 3443 943 3519 boni,
985 3461 1096 3501 nec
1124 3443 1347 3519 aliquid
1382 3448 1539 3518 veri,
1600 3446 1824 3502 esurire
1862 3442 2158 3518 significat
2193 3441 2304 3499 de-

209 3546 584 3616 privationem
619 3545 788 3619 boni,
846 3562 916 3602 ac
956 3562 1072 3601 non
1107 3544 1313 3602 bibere
1354 3543 1823 3621 deprivationem
1860 3545 2021 3609 veri,
2074 3556 2145 3598 ac
2195 3557 2303 3598 us-

210 3660 308 3717 que
344 3645 479 3704 dum
515 3663 634 3703 non
674 3645 882 3717 robur,
941 3652 1001 3703 et
1041 3661 1233 3719 usque
1276 3627 1417 3701 dum
1454 3645 1765 3721 fatigatur,
1821 3641 2111 3719 significat
2149 3639 2309 3718 quod

207 3758 377 3819 usque
416 3747 553 3807 dum
591 3745 735 3804 nihil
776 3745 918 3804 boni
956 3751 1015 3803 et
1050 3744 1195 3802 nihil
1232 3746 1358 3802 veri
1398 3751 1664 3803 maneat:
1724 3746 1887 3819 quis,
1929 3745 2030 3820 qui
2068 3759 2142 3800 ex
2171 3740 2301 3800 solo

209 3857 371 3903 sensu
405 3846 616 3905 literae
652 3846 816 3904 videt
850 3845 1153 3917 Verbum,
1210 3843 1386 3902 aliter
1421 3847 1563 3913 scit,
1622 3861 1796 3918 quam
1838 3844 1995 3918 quod
2032 3843 2307 3903 formatio

206 3941 381 4002 fusilis
415 3945 509 4004 hic
561 3946 963 4017 describatur,
1030 3944 1138 4003 sed
1185 3961 1377 4020 usque
1429 3944 1633 4002 videre
1677 3949 1908 4020 potest,
1977 3945 2135 4018 quod
2170 3943 2309 4003 talis

206 4039 505 4127 descriptio
557 4047 926 4105 formationis
978 4037 1170 4103 fusilis
1225 4062 1343 4102 non
1394 4030 1619 4120 aliquid
1672 4042 1981 4119 spirituale
2019 4044 2302 4117 involvat,

204 4147 316 4200 tum
351 4147 506 4219 quod
562 4147 929 4223 superfluum
983 4148 1062 4203 sit
1115 4145 1348 4218 dicere,
1408 4146 1567 4220 quod
1614 4148 1794 4204 etiam
1842 4145 2072 4201 esuriat
2110 4160 2305 4220 usque

206 4236 328 4301 dum
388 4263 502 4305 non
559 4247 768 4321 robur,
835 4262 1028 4323 neque
1081 4245 1250 4304 bibat
1301 4262 1493 4320 usque
1542 4245 1680 4302 dum
1743 4245 2054 4318 fatigatur3
2136 4251 2196 4300 at.
2245 4246 2306 4300 in
