2791 4778
381 369 619 427 CAPUT
660 369 976 428 SEXTUM.
1768 368 1944 422 VERS
1963 392 1974 422 ε
2021 381 2073 431 ὃ.
2234 381 2341 432 ‘245

231 531 424 591 cultus
461 530 872 589 idololatricus
913 530 1103 588 omnis
1139 529 1404 605 generis,
1452 529 1535 585 ita
1570 525 1764 586 cultus
1804 532 2084 586 externus
2114 526 2343 605 absque

227 632 344 693 ullo
381 634 657 705 interno,
716 629 911 708 qualis
960 635 1052 688 est
1104 627 1265 705 apud
1308 627 1443 685 illos
1494 629 1595 703 qui
1630 625 2041 703 intelliguntur
2075 645 2188 703 per
2220 629 2346 689 Ba·-

225 734 446 808 belem3
509 731 672 809 quod
707 731 872 790 nulla
904 745 1153 806 prorsus
1186 727 1466 787 Ecclesia
1502 728 1663 803 apud
1698 726 1831 786 illos
1869 729 1973 802 sit,
2026 728 2164 804 quia
2198 729 2346 787 nihil

221 832 355 892 boni
392 840 456 893 et
490 831 639 890 nihil
675 833 803 890 veri
836 830 1146 889 Ecclesiae
1180 828 1263 888 ibi
1293 834 1404 900 est,
1439 828 1807 903 significatur
1841 844 1953 904 per
1988 830 2345 905 scripturam

226 951 257 993 e
296 932 486 993 Coelo
505 978 524 1007 ,
563 950 700 996 nam
736 949 848 1008 per
883 935 1233 989 numeratus
1268 937 1617 987 numeratus
1654 928 2023 1005 significatur
2059 929 2341 1006 explora-

224 1035 302 1093 tio
349 1033 559 1110 quoad
603 1032 825 1091 bonum
868 1038 927 1090 et
976 1029 1173 1107 quoad
1221 1047 1428 1087 verum
1443 1049 1460 1104 3
1515 1046 1627 1105 per
1661 1043 1968 1105 appensus
2004 1031 2065 1087 in
2100 1031 2344 1099 trutina,

224 1134 595 1211 significatur
644 1134 982 1193 aestimatio
1033 1130 1365 1189 secundum
1416 1128 1592 1204 quale
1644 1146 1847 1188 eorum
1895 1146 1964 1187 ac
2017 1129 2340 1207 judicium

227 1242 284 1294 et
317 1252 431 1312 per
467 1234 701 1292 divisus
738 1232 1111 1309 significatur
1146 1230 1460 1306 dissipatio
1481 1274 1497 1303 ,
1553 1231 1996 1303 exterminatio,
2062 1237 2121 1288 et
2155 1246 2340 1307 sepa-

224 1338 369 1393 ratio
422 1353 461 1392 a
508 1334 668 1393 bono
717 1340 777 1392 et
822 1349 967 1392 vero
1018 1330 1355 1405 Ecclesiae3
1415 1335 1474 1388 et
1519 1347 1629 1406 per
1677 1347 1925 1404 regnum
1976 1329 2370 1412 significatur,

226 1434 497 1493 Ecclesia
510 1455 528 1509 3
584 1434 722 1492 inde
750 1438 942 1509 patet,
1000 1431 1158 1509 quod
1205 1418 1364 1518 [per]
1405 1430 1667 1507 appendi
1705 1431 1768 1488 in
1806 1432 2025 1488 trutina
2058 1447 2168 1489 seu
2211 1437 2340 1488 sta-

226 1541 348 1594 tera
394 1534 771 1612 significetur
818 1533 1154 1593 aestimatio
1189 1531 1518 1589 secundum
1556 1530 1732 1607 quale
1771 1532 1931 1608 ejus;
1990 1531 2148 1607 quod
2184 1530 2339 1593 divi-

228 1634 361 1695 dere
397 1635 701 1712 sigm‘ficet
735 1634 1067 1710 dissipare,
1122 1622 1546 1703 exterminare,
1603 1638 1663 1690 et
1696 1648 1983 1709 separare
2021 1649 2057 1688 a
2090 1631 2245 1690 bono
2283 1636 2344 1689 et

227 1752 391 1809 νει-ο,
432 1735 714 1796 videatur
741 1753 810 1792 n:
853 1736 1068 1792 4424.
1107 1734 1315 1791 6360.
1356 1733 1565 1791 6361.
1605 1734 1829 1807 9093,
1871 1731 2029 1808 quod
2067 1731 2340 1807 Regnum

229 1838 300 1893 sit
332 1836 649 1908 Ecclesia,
691 1840 785 1892 est
820 1837 959 1909 quia
983 1834 1259 1911 Regnum
1300 1832 1542 1890 Domini
1580 1840 1670 1891 est
1704 1832 1809 1890 ubi
1842 1831 2134 1905 Ecclesia,
2181 1850 2341 1907 qua-

227 1943 469 2012 propter
503 1935 597 1993 illi
634 1936 734 2011 qui
767 1934 843 1993 ab
882 1933 1155 1993 Ecclesia
1189 1940 1357 2008 sunt,
1405 1940 1695 1991 vocantur
1728 1931 1834 1991 filii
1865 1932 2078 2008 Regni,
2114 1931 2339 1992 Matth:

230 2033 403 2095 VIII:
451 2039 566 2094 12.
638 2032 794 2112 Cap:
851 2034 1036 2094 XIII:
1090 2035 1201 2093 38.
1280 2033 1464 2111 Apud
1510 2033 1752 2111 Esajam
1810 2031 2033 2108 „Quis
2085 2050 2342 2093 mensus

230 2141 317 2195 est
368 2132 636 2216 puyillo
695 2152 810 2194 suo
879 2153 1112 2213 aquas,
1183 2139 1242 2194 et
1299 2130 1500 2194 coelos
1560 2133 1889 2213 spithama
1946 2131 2343 2211 exaequavit,

234 2234 709 2315 complexusque
743 2241 838 2295 est
871 2233 942 2293 in
977 2231 1268 2296 trientali
1290 2232 1618 2314 pulverem
1657 2238 1863 2293 terrae
1878 2277 1891 2300 ,
1942 2236 2001 2290 et
2037 2230 2342 2310 appendit

233 2334 300 2396 in
337 2333 502 2398 libra
542 2342 809 2412 montes,
864 2340 923 2395 et
959 2333 1146 2396 colles
1181 2335 1251 2395 in
1290 2331 1622 2395 lancibus“
1679 2332 1823 2392 XL:
1870 2335 1953 2391 12
1974 2352 1990 2408 3
2047 2329 2338 2391 describi-

239 2442 331 2494 tur
362 2456 468 2514 per
504 2453 819 2496 mensuras
853 2437 951 2496 hic
978 2439 1147 2514 Justa
1181 2436 1474 2495 ordinatio
1512 2441 1572 2493 et
1609 2435 1943 2492 aestimatio
1986 2433 2245 2490 omnium
2280 2433 2340 2488 in

248 2534 419 2595 Coelo
455 2546 513 2596 et
544 2541 604 2595 in
639 2537 915 2596 Ecclesia
949 2538 1279 2595 secundum
1317 2534 1496 2611 quale
1535 2535 1677 2593 boni
1715 2541 1774 2592 et
1809 2534 1967 2607 veri;
2023 2548 2340 2590 mensurae

239 2635 332 2695 hic
376 2645 511 2696 sunt
556 2637 848 2714 pugillus,
914 2638 1243 2713 spithama,
1305 2635 1577 2709 triental,
1632 2634 1786 2692 libra
1835 2640 1895 2692 et
1940 2633 2175 2707 lances;
2229 2649 2341 2708 per

238 2753 415 2813 aquas
449 2739 860 2814 significantur
895 2755 1066 2812 vera,
1130 2754 1242 2813 per
1276 2735 1493 2796 Coelos
1527 2737 1812 2794 interiora
1847 2751 1956 2793 seu
2003 2732 2342 2809 spiritualia

239 2854 379 2895 vera
429 2846 492 2897 et
530 2839 716 2911 bona,
771 2855 881 2914 per
932 2837 1243 2913 pulverem
1294 2844 1490 2895 terrae
1536 2836 1836 2895 exteriora
1883 2852 1992 2893 seu
2043 2833 2340 2891 naturalia

234 2953 370 2996 vera
408 2946 469 2997 et
504 2938 692 3012 bona,
747 2945 1001 3013 utraque
1047 2936 1217 2996 Coeli
1265 2943 1323 2996 et
1357 2936 1706 3009 Ecclesiae,
1759 2953 1871 3012 per
1904 2942 2135 2994 montes
2181 2933 2340 2992 bona

235 3042 475 3114 amoriS,
531 3057 643 3114 per
677 3037 862 3098 colles
910 3037 1070 3096 bona
1118 3037 1457 3111 charitatis,
1524 3044 1584 3094 et
1617 3053 1727 3112 per
1762 3036 2108 3113 appendere
2147 3036 2335 3092 aesti-

233 3153 386 3199 mare
423 3147 486 3198 et
523 3139 798 3197 ordinare
847 3138 1174 3197 secundum
1213 3136 1388 3213 quale
1427 3154 1661 3196 eorum:
1718 3137 1877 3213 quod
1910 3136 2064 3196 haec
2107 3134 2334 3211 signifi-

235 3245 431 3297 centur
482 3256 594 3315 per
640 3239 748 3296 illa
789 3238 1009 3311 verba,
1078 3253 1252 3295 nemo
1301 3237 1506 3294 videre
1551 3242 1754 3312 potest
1801 3239 1914 3296 nisi
1960 3254 2033 3297 ex
2085 3236 2339 3295 scientia

234 3338 900 3416 correspondentiarum.
988 3336 1280 3413 Quoniam
1313 3336 1484 3413 justa
1520 3339 1857 3395 aestimatio
1907 3344 1967 3395 et
2003 3335 2336 3412 exploratio

234 3434 365 3496 boni
399 3446 461 3498 et
494 3442 656 3513 veri,
712 3437 1083 3514 significatur
1117 3454 1228 3513 per
1261 3452 1576 3494 mensuras
1613 3439 1674 3494 in
1708 3436 1942 3508 Verbo,
1981 3434 2117 3493 ideo
2151 3449 2334 3508 prae-

237 3544 466 3614 ceptum
510 3555 603 3598 est
650 3545 717 3596 ut
762 3555 1080 3597 mensurae
1130 3544 1335 3596 essent
1368 3538 1604 3613 justae,
1662 3543 1721 3594 et
1769 3551 1887 3592 non
1935 3533 2136 3608 aliqua
2170 3532 2336 3589 fraus

235 3638 383 3697 circa
414 3639 588 3708 illas,
631 3639 795 3715 apud
820 3639 1032 3697 Mosen
1070 3635 1268 3711 „Non
1298 3634 1571 3716 facietis
1605 3633 2083 3714 perversitatem
2116 3630 2187 3691 in
2212 3629 2335 3712 ju-

238 3733 427 3814 dicio,
482 3738 553 3799 in
588 3757 917 3813 mensura,
968 3736 1039 3796 in
1062 3736 1371 3815 pondere,
1427 3742 1486 3795 et
1537 3734 1606 3794 in
1651 3733 2075 3804 climens-ione,-
2138 3728 2339 3791 librae

220 3832 460 3914 justae,
524 3836 776 3917 lapides
797 3837 1003 3920 justi,
1060 3835 1262 3914 ephalz
1281 3837 1506 3918 justa,
1572 3842 1631 3896 et
1684 3833 1797 3894 hin
1830 3832 2090 3916 justae,
2155 3837 2340 3892 erunt

236 3936 442 3997 vobi3“
497 3939 707 3998 Levit:
758 3938 948 3998 XIX:
1009 3939 1119 3996 35.
1166 3939 1292 3997 36:
1348 3943 1408 3995 et
1444 3952 1683 4012 quoque
1723 3935 1860 3995 ideo
1905 3935 2173 4012 justitia,
2235 3933 2340 3994 ubi

236 4050 339 4108 per
367 4038 529 4097 illam
566 4038 919 4115 intelligitur
953 4038 1287 4096 aestimatio
1318 4042 1378 4096 et
1408 4036 1739 4112 exploratio
1774 4035 2079 4095 hominum
2115 4051 2337 4094 secun-

176 4201 181 4207 ,
241 4132 367 4194 dum
403 4139 579 4214 quale
612 4138 755 4198 boni
792 4146 853 4198 et
889 4138 1016 4197 veri
1051 4137 1216 4214 apud
1238 4136 1405 4207 illos,
1448 4138 1680 4212 passim
1714 4138 1777 4195 in
1810 4136 2015 4195 Verbo
2053 4137 2337 4212 exprimi-

240 4237 327 4291 tur
378 4255 484 4313 per
531 4239 762 4314 lances,
838 4245 1129 4308 stateras,
1193 4235 1408 4312 libras,
1482 4238 1766 4313 trutinas,
1837 4242 1896 4297 et
1955 4252 2066 4325 per
2128 4234 2332 4311 ephaS,
2377 4252 2536 4316 [503]
