2791 4778
470 374 580 430 3⁵2
914 364 1413 422 APOCALYPSIS
1452 363 1888 425 EXPLICATA.
1956 365 2005 434 §.
2036 373 2170 427 392.

467 525 556 586 illi
597 525 697 603 qui
722 524 935 602 rejecti
969 528 1088 584 sint
1113 542 1152 584 a
1185 524 1357 584 malis
1394 531 1458 585 et
1486 524 1674 583 abditi
1710 541 1750 584 a
1780 524 2060 598 Domino,
2106 522 2183 582 de
2221 540 2340 600 qua
2368 528 2562 601 ‘sequi-

467 635 599 701 tur;
652 643 726 684 ex
770 625 1200 702 significatione
1237 624 1428 684 Verbi
1474 625 1619 698 Dei,
1678 623 1839 702 quod
1888 627 1968 683 sit
2001 623 2285 683 Divinum
2336 624 2559 702 Verum,

467 726 734 787 Verbum
788 726 905 785 Dei
942 726 1156 785 dicitur
1206 721 1364 801 quod
1399 705 1694 786 Dominus
1738 726 2035 802 loquitur,
2097 733 2157 784 et
2193 723 2310 785 hoc
2347 733 2437 785 est
2465 726 2560 785 Di-

471 830 671 887 vinum
718 826 974 900 Verum3
1030 825 1296 888 Verbum
1350 842 1461 885 seu
1510 825 1829 903 Scriptura
1874 842 2051 885 sacra
2096 835 2215 884 non
2266 826 2425 884 aliud
2466 832 2561 902 est,

469 946 605 987 nam
645 945 816 987 omne
853 927 1138 986 Divinum
1176 925 1402 985 Verum
1439 926 1521 985 ibi
1557 929 1921 1000 continetur,
1977 926 2086 986 sed
2121 928 2323 1003 ipsum
2369 926 2565 987 Verum

472 1029 553 1088 ibi
588 1030 649 1086 in
697 1045 809 1087 sua
859 1028 1052 1104 gloria
1084 1044 1200 1085 non
1239 1033 1495 1103 apparet
1542 1028 1661 1086 nisi
1702 1044 1901 1086 coram
1937 1026 2201 1102 angelisz,
2257 1030 2401 1102 quia
2430 1030 2565 1087 inte-

469 1131 630 1189 riora
659 1128 878 1202 Verbi,
936 1145 1090 1203 quae
1128 1134 1268 1185 sunt
1302 1126 1635 1203 spiritualia
1679 1134 1738 1189 et
1786 1126 2102 1200 coelestia,
2160 1126 2241 1186 ad
2277 1127 2411 1187 illos
2439 1146 2563 1205 per-

472 1232 749 1301 veniunt,
819 1233 880 1286 et
935 1244 1171 1303 quoque
1233 1206 1460 1286 faciunt
1508 1229 1866 1305 sapientiam
1918 1244 2152 1302 eorum,
2235 1245 2421 1304 quare
2469 1246 2566 1306 per

470 1330 736 1388 Verbum
783 1329 901 1386 Dei
939 1330 1002 1390 in
1051 1330 1306 1404 genuino
1353 1344 1543 1388 sensu
1590 1328 1961 1406 significatur
2008 1328 2291 1387 Divinum
2341 1328 2560 1402 Verum,

473 1435 533 1488 et
565 1431 623 1486 in
659 1445 942 1504 supremo
980 1445 1165 1487 sensu
1200 1428 1343 1504 Ipse
1372 1428 1697 1504 Dominus,
1743 1432 1845 1505 qui
1877 1429 1938 1487 id
1972 1428 2262 1504 loquutus
2300 1437 2416 1509 est,
2448 1447 2565 1489 nam

469 1529 757 1606 loquutus
798 1535 891 1588 est
928 1546 965 1585 a
1002 1528 1082 1587 Se
1111 1545 1219 1587 seu
1258 1546 1292 1585 a
1319 1530 1541 1588 Divino
1580 1529 1732 1603 Suo,
1785 1537 1846 1588 et
1881 1530 2038 1606 quod
2074 1528 2152 1586 ab
2184 1528 2332 1606 Ipso
2366 1547 2563 1607 proce-

471 1629 585 1704 dit,
639 1629 752 1688 hoc
795 1646 1035 1705 quoque
1070 1629 1214 1705 Ipse
1258 1638 1382 1689 est:
1440 1630 1599 1707 quod
1625 1631 1905 1690 Divinum
1943 1629 2276 1706 procedens
2314 1633 2393 1689 sit
2426 1632 2563 1708 Ipse,

472 1729 871 1789 illustrabitur
932 1747 1042 1806 per
1100 1730 1245 1789 hocz
1335 1733 1559 1790 circum
1620 1733 2073 1806 unumquemvis
2136 1731 2435 1807 Angelum
2488 1737 2566 1791 est

469 1829 735 1907 sphaera
773 1847 926 1906 quae
975 1838 1228 1889 vocatur
1274 1832 1539 1907 sphaera
1583 1835 1742 1892 vitae
1781 1833 1947 1908 ejuS,
2011 1830 2163 1891 haec
2215 1832 2294 1890 ad
2340 1832 2566 1892 multam

468 1929 810 1992 distantiam
848 1930 923 1988 ab
961 1948 1033 1989 eo
1072 1947 1139 1989 se
1178 1930 1453 2001 effundit,
1508 1931 1660 1992 hacc
1695 1933 1960 2009 sphaera
2001 1933 2189 1992 effluit
2221 1948 2333 1993 seu
2366 1949 2564 2010 proce·

469 2029 555 2090 dit
592 2047 664 2089 ex
702 2033 828 2089 vita
876 2031 1206 2090 affectionis
1258 2048 1369 2096 seu
1424 2035 1643 2091 amoris
1695 2034 1855 2110 ejus,
1934 2050 2117 2109 quare
2172 2041 2269 2092 est
2315 2035 2565 2096 extensio

467 2132 627 2192 vitae
673 2131 865 2207 qualis
915 2134 1112 2190 estin
1159 2130 1260 2189 illo
1313 2139 1486 2190 extra
1532 2132 1728 2207 illum,
1797 2136 2066 2193 extensio
2115 2133 2220 2191 illa
2269 2133 2334 2193 fit
2386 2135 2563 2193 media

468 2231 890 2310 atmosphaera
929 2249 1039 2291 seu
1087 2249 1236 2291 aura
1284 2221 1613 2309 spirituali,
1652 2251 1837 2312 ,quae
1893 2240 1991 2292 est
2033 2251 2181 2292 aura
2232 2235 2416 2310 coeli3
2466 2252 2563 2314 per

464 2331 626 2392 illam
680 2332 997 2410 sphaeram
1032 2334 1362 2410 percipitur
1416 2333 1693 2411 Angelus
1725 2334 1919 2411 qualis
1969 2341 2061 2394 est
2106 2334 2185 2395 ad
2234 2334 2557 2395 distantiam

466 2433 542 2492 ab
579 2434 712 2492 aliis
763 2434 959 2510 quoad
999 2433 1416 2505 affectionem,
1466 2435 1630 2518 quod
1673 2439 1850 2495 etiam
1899 2436 2103 2494 datum
2150 2444 2245 2496 est
2283 2437 2426 2497 mihi
2462 2437 2558 2496 ali-

467 2537 703 2610 quoties
738 2537 1089 2612 percipere:
1153 2540 1216 2593 at
1264 2537 1487 2595 circum
1538 2538 1864 2595 Dominum
1909 2544 2001 2596 cst
2034 2536 2301 2614 sphaera
2336 2537 2553 2611 Divina,

466 2652 621 2710 quae
661 2651 852 2711 prope
900 2636 1105 2713 Ipsum
1157 2644 1413 2711 apparet
1466 2644 1532 2696 ut
1578 2636 1710 2706 Sol,
1790 2639 1893 2713 qui
1941 2644 2034 2695 est
2085 2638 2343 2698 Divinus
2393 2640 2557 2697 Amor

463 2733 668 2810 Ipsius
690 2777 705 2806 ,
769 2753 841 2793 ex
881 2754 998 2811 quo
1034 2735 1304 2812 procedit
1337 2735 1443 2795 illa
1477 2740 1537 2794 in
1573 2740 1917 2799 universum
1955 2736 2221 2809 Coelum,
2274 2745 2334 2798 et
2368 2738 2556 2815 implet

460 2832 643 2906 illud,
709 2843 767 2892 et
815 2835 957 2893 facit
1008 2837 1206 2895 lucem
1255 2854 1411 2912 quae
1455 2837 1566 2906 ibi,
1628 2836 1778 2897 haec
1829 2838 2089 2915 sphaera
2143 2847 2239 2899 est
2291 2839 2553 2898 Divinum

458 2933 793 3009 procedens
845 2951 918 2992 ex
964 2935 1250 3008 Domino,
1314 2937 1473 3013 quod
1532 2940 1594 2996 in
1644 2955 1761 2996 sua
1806 2940 2071 3021 essentia
2133 2948 2227 2998 est
2291 2940 2551 2999 Divinum

461 3031 723 3091 Verum:
775 3033 927 3094 haec
963 3037 1371 3111 comparative
1401 3055 1536 3097 cum
1561 3038 1809 3114 Angelis
1839 3043 2086 3116 propter
2120 3039 2550 3099 illustrationem

460 3131 621 3191 dicta
653 3140 820 3206 sunt,
886 3141 952 3192 ut
985 3137 1213 3194 sciatur
1248 3137 1409 3212 quod
1443 3137 1728 3197 Divinum
1762 3140 2095 3216 procedens
2132 3159 2168 3199 a
2205 3141 2453 3200 Domino
2482 3139 2548 3197 sit

457 3232 600 3310 Ipse
645 3233 968 3308 Dominus,
1020 3238 1160 3312 quia
1197 3244 1290 3296 est
1323 3239 1657 3313 procedens
1682 3242 1913 3298 amoris
1963 3239 2192 3316 Ipsius,
2251 3248 2313 3300 et
2356 3255 2546 3318 proce·

459 3333 607 3393 dens
645 3341 738 3394 est
763 3336 915 3413 ¹Ipse
954 3343 1124 3396 extra
1159 3353 1258 3397 se:
1325 3343 1385 3396 et
1423 3356 1495 3397 ex
1533 3339 1962 3415 significatione
2002 3340 2374 3417 Testimonii,
2411 3335 2547 3418 quod

460 3434 540 3494 sit
574 3436 870 3496 confessio
906 3437 1146 3496 Domini
1174 3444 1235 3497 et
1267 3437 1409 3514 Ipse
1437 3439 1750 3512 Dominus,
1791 3440 1864 3499 de
1893 3458 2013 3516 qua
2045 3444 2340 3517 sequitur.
2396 3436 2575 3517 Quod*

456 3553 568 3613 per
605 3539 836 3597 occisos
876 3537 1416 3615 hic⁴intelligantur
1452 3538 1539 3597 illi
1572 3542 1674 3615 qui
1708 3541 1918 3617 rejecti
1954 3543 2073 3600 sint
2108 3560 2146 3600 a
2181 3543 2358 3603 malis
2393 3540 2548 3618 spiri-

453 3637 615 3696 tibus
654 3644 713 3696 et
749 3637 935 3697 abditi
969 3656 1005 3696 a
1039 3637 1323 3712 Domino,
1382 3655 1496 3697 seu
1545 3638 1620 3698 ab
1673 3640 1863 3701 oculis
1917 3641 2168 3700 aliorum
2214 3645 2448 3715 semoti,
2497 3643 2549 3697 et

455 3740 745 3797 reservati
782 3738 858 3797 ad
893 3738 1048 3797 diem
1079 3739 1270 3798 ultimi
1305 3739 1548 3815 Judicii,
1589 3746 1866 3799 constare
1902 3749 2108 3817 potest
2145 3759 2219 3800 ex
2256 3744 2374 3802 illis
2411 3753 2545 3818 quae

454 3838 512 3893 in
551 3839 848 3913 superiori
885 3838 1154 3897 Articulo
1193 3839 1351 3898 dicta
1389 3846 1559 3914 sunt,
1620 3848 1680 3899 et
1716 3858 1964 3921 quoque
2001 3860 2074 3899 ex
2112 3841 2229 3901 illis
2264 3861 2423 3920 quae
2458 3857 2545 3900 se·

455 3945 715 4012 quuntur
750 3938 807 3995 in
852 3936 1007 3996 binis
1047 3938 1368 4012 Versibus,
1409 3940 1469 3997 in
1506 3940 1719 4016 quibus
1758 3943 1934 4000 unice
1972 3942 2044 4000 de
2078 3941 2199 4001 illis
2243 3946 2465 4020 agitur:
2496 3941 2549 3996 in

453 4037 749 4109 superiori
781 4036 1053 4094 Articulo
1090 4037 1311 4094 dictum
1350 4045 1461 4111 est,
1502 4042 1660 4114 quod
1695 4044 1864 4117 prius
1896 4041 2147 4101 Coelum
2170 4044 2333 4120 quod
2365 4051 2546 4103 trans-

452 4131 596 4213 ivit,
668 4134 997 4188 constiterit
1050 4149 1122 4187 ex
1167 4132 1286 4189 illis
1337 4139 1440 4209 qui
1478 4139 1782 4199 moraliter
1839 4144 2116 4201 vixerunt
2175 4144 2237 4201 in
2285 4140 2546 4206 externi&

454 4222 564 4279 sed
625 4239 814 4296 usque
867 4243 983 4282 non
1031 4230 1411 4306 spirituales,
1481 4253 1689 4296 verum
1745 4257 1908 4300 mere
1954 4242 2261 4302 naturales
2306 4243 2548 4309 suerunt,
