2791 4778
396 350 632 407 CAPUT
671 350 987 410 SEXTUM.
1739 351 1916 412 VERS
1936 374 1946 405 τ
1996 363 2087 416 14.
2248 357 2357 420 4'37

257 529 350 571 rae
393 511 691 588 significat
747 528 934 588 super
990 509 1126 569 illos
1185 513 1297 586 qui·
1346 513 1406 569 in
1469 510 1635 587 altis„
1704 530 1919 589 nempe
1982 507 2167 592 super
2208 533 2358 594 quos

245 612 561 689 judicium,
612 631 750 671 nam
791 614 852 670 in
888 611 1108 672 Mundo
1146 612 1443 687 spirituali
1487 629 1678 689 aeque
1716 620 1855 672 sunt
1906 622 2131 691 terrae,
2185 634 2356 675 mon-

251 719 369 786 teS,
411 713 601 772 colles
640 720 699 771 et
735 712 927 771 valles
965 714 1119 771 sicut
1152 714 1212 769 in
1247 697 1788 789 Mundo'naturali3
1841 717 2116 775 interitus
2153 734 2359 777 eorum

250 799 345 889 qui
383 830 574 890 super
622 813 922 873 montibus
981 818 1041 870 et
1091 815 1149 869 in
1198 811 1491 888 vallibus,
1566 815 1667 889 qui
1725 821 1865 873 sunt
1912 819 2014 893 qui
2073 820 2133 874 in
2181 818 2356 878 malis

248 930 314 972 ex
359 932 570 973 amore
627 916 724 973 sui
773 920 833 972 et
890 912 1095 971 mnndi
1160 919 1219 970 et
1271 914 1331 970 in
1377 914 1546 972 falsis
1593 915 1760 986 inde,
1834 917 2198 994 significatur
2246 935 2357 993 per

248 1014 398 1091 quod
446 1015 760 1091 liquefacti
822 1015 939 1072 sint
996 1019 1226 1071 montes
1285 1014 1399 1071 sub
1447 1014 1589 1090 Ipso
1603 1058 1622 1088 ‚
1689 1021 1749 1074 et
1807 1017 2000 1075 valles
2065 1017 2355 1077 discissae

246 1121 403 1183 sunt,
457 1118 620 1173 sicut
655 1132 796 1174 cera
845 1131 1041 1172 coram
1089 1116 1257 1190 igne,
1312 1115 1468 1173 sicut
1503 1132 1694 1190 aquae
1732 1114 1955 1176 effusae
2001 1119 2063 1176 in
2098 1117 2353 1177 descen-

247 1231 341 1291 su,
390 1222 638 1274 montes
674 1216 1007 1291 significant
1044 1213 1202 1273 mala
1240 1231 1504 1273 amorum
1542 1218 1638 1272 sui
1682 1222 1740 1273 et
1777 1218 2010 1292 mundi,
2068 1224 2125 1277 et
2163 1218 2354 1277 valles

243 1315 386 1374 falsa
421 1317 601 1393 inde3
642 1316 732 1375 -de
780 1315 954 1373 malis
1002 1332 1267 1374 amorum
1316 1318 1409 1373 sui
1447 1323 1507 1374 et
1541 1316 1778 1385 mundi,
1832 1333 1985 1392 quae
2026 1336 2137 1395 per
2180 1304 2351 1377 mon·
2447 1305 2452 1309 ⁴

245 1421 329 1475 tes
365 1416 814 1493 significantur,
880 1416 1093 1474 dicitur
1128 1414 1288 1498 quod
1339 1414 1663 1492 liquefacta
1713 1418 1832 1475 sint
1874 1420 2029 1479 sicut
2065 1436 2204 1478 cera
2245 1436 2349 1479 co·
2429 1494 2435 1500 q

242 1531 371 1574 ram·
409 1520 586 1593 igne,
646 1519 925 1593 quoniam
960 1518 1113 1593 ignis
1150 1515 1447 1591 significat
1481 1515 1617 1575 ilios
1654 1534 1919 1593 amores3
1977 1527 2036 1579 et
2071 1519 2144 1577 de
2180 1518 2350 1578 falsis

249 1634 395 1692 quae
447 1617 859 1693 significantur
905 1634 1013 1693 per
1067 1616 1260 1675 valles
1273 1656 1291 1687 ,
1346 1618 1562 1676 dicitur
1608 1620 1763 1676 sicut
1798 1636 1991 1695 aquae
2034 1618 2254 1678 effusae
2291 1621 2362 1685 in,

186 1797 190 1801 ι
246 1717 575 1790 descensu,
635 1721 913 1793 quoniam
953 1734 1144 1793 aquae
1196 1718 1528 1793 significant
1567 1718 1748 1794 salsa,
1800 1720 1958 1796 quod
1994 1723 2070 1779 sit
2105 1727 2353 1797 propter

248 1818 402 1876 -mala
440 1824 502 1876 et
547 1818 729 1892 salsa,
772 1824 985 1894 patet,
1039 1835 1176 1876 nam
1230 1818 1446 1878 dicitur
1491 1826 1741 1896 propter
1776 1822 2353 1897 praevaricationem

247 1918 454 1978 Jacobi
493 1912 667 1998 omne
702 1919 844 1993 hoc,
901 1925 962 1977 et
998 1925 1244 1997 propter
1292 1920 1785 2001 peccataldomus
1820 1904 2100 1981 Israelis(
2174 1919 2356 1997 Apud
2429 1930 2433 1934 ⁴

248 2019 568 2087 Jeremiam
607 2064 644 2094 „
669 2017 824 2081 Vidi
858 2024 1124 2093 terram,
1178 2026 1239 2079 et
1277 2039 1408 2080 ecoe
1441 2037 1709 2079 vacuum
1757 2025 1814 2079 et
1850 2020 2062 2097 inane,
2118 2028 2178 2083 et
2210 2040 2349 2082 ver-

249 2138 355 2179 sus
391 2117 589 2180 coelos
624 2124 683 2179 et
715 2137 841 2180 non
875 2117 994 2181 lux
1034 2137 1247 2181 eorum
1258 2140 1287 2192 ,·
1338 2118 1478 2179 vide·
1511 2126 1749 2179 montes
1793 2124 1853 2178 et
1900 2139 2030 2180 ecce
2080 2139 2351 2181 commo-

251 2227 491 2296 ventur,
557 2228 617 2282 et
671 2239 884 2280 omnes
916 2216 1119 2281 'colles
1176 2223 1578 2291 ever-tuntum
1645 2218 1787 2278 vidi.
1851 2238 1991 2280 cum
2044 2238 2173 2281 ecce
2229 2239 2356 2281 non

257 2317 457 2392 hom0,
527 2326 584 2379 et
632 2322 836 2381 omnis
885 2321 1027 2382 avie
1079 2318 1235 2380 coeli
1275 2318 1614 2381 avolarunt
1634 2320 1671 2351 “
1723 2320 1845 2380 IV:
1907 2323 2014 2381 23.
2060 2325 2170 2380 24.
2224 2322 2348 2398 253

263 2436 369 2493 per
404 2426 840 2481 commotionem
880 2425 1163 2481 montium
1200 2422 1568 2499 significatur
1617 2421 1941 2482 destructio
1975 2421 2211 2482 illorum
2250 2424 2352 2498 qui

259 2519 314 2602 in
349 2522 510 2580 maiis
560 2527 775 2581 amoris
813 2527 906 2584 sui
943 2531 1110 2595 sunt,
1167 2529 1228 2582 et
1271 2541 1381 2600 per
1418 2523 1789 2582 eversionem
1834 2523 2071 2582 collium
2109 2523 2346 2582 destru—

253 2623 360 2678 ctio
392 2622 627 2681 illorum
666 2627 763 2699 qui
812 2628 870 2682 in
908 2624 1084 2681 malis
1124 2627 1339 2683 amoris
1389 2623 1619 2692 mundi,
1674 2631 1733 2682 et
1765 2626 1826 2681 in
1861 2623 2027 2682 salsis
2050 2646 2082 2691 :⁷
2118 2623 2352 2699 reliqua

249 2722 556 2797 videantur
612 2724 911 2799 explicata
961 2724 1148 2801 supra
1205 2743 1275 2782 n:
1336 2726 1475 2789 280
1522 2730 1581 2781 et
1626 2724 1802 2783 304.'
1878 2725 2058 2801 Apud
2107 2725 2351 2801 Esajam

248 2821 574 2895 „Jelzovah
608 2825 858 2883 utinam
897 2843 1219 2902 rumperes
1254 2821 1484 2898 coeloe,
1529 2819 1929 2884 descenderes
1942 2870 1960 2900 ,
2003 2843 2216 2910 coram
2265 2822 2352 2885 Te

241 2920 471 2983 montes
513 2923 927 3002 deffluerenffl
966 2924 1174 2983 LXIII
1192 2946 1211 2989 ε,
1253 2928 1279 2982 1
1303 2927 1336 2981 9
1359 2945 1375 3000 3
1432 2924 1584 2984 haec
1618 2925 1837 2984 similia
1874 2918 2151 2992 cumillis
2195 2942 2351 3002 quae

241 3025 621 3100 supraapud
657 3025 915 3084 Micham
942 3069 956 3097 ,
1003 3026 1158 3100 Cap:
1200 3025 1262 3083 I:
1309 3027 1368 3084 3.
1413 3029 1474 3083 4.
1523 3028 1587 3099 5,
1628 3027 1992 3103 significant,
2043 3044 2203 3106 quae
2240 3044 2347 3085 ex·
2391 3036 2549 3098 [633]

238 3124 467 3197 plicata
506 3133 678 3197 sunt..
743 3125 923 3202 Apud
957 3125 1256 3185 Davidem
1305 3124 1638 3199 „Jehovah
1681 3124 1925 3188 inclina
1960 3126 2159 3188 coelos
2209 3132 2353 3187 tuos

220 3229 293 3307 *et
343 3224 672 3296 descende,
740 3229 930 3306 tanye
987 3232 1228 3307 montes
1278 3230 1350 3286 ut
1389 3226 1722 3306 fumiyent
1746 3272 1762 3301 ,
1817 3228 2033 3288 mitte
2074 3224 2346 3307 fulmen,

239 3329 291 3382 et
318 3323 618 3405 dieperye
655 3322 852 3385 illos“
893 3325 1130 3385 Psalm:
1170 3325 1454 3385 CXLIV:
1506 3329 1563 3386 5.
1614 3332 1684 3402 63
1739 3313 2167 3402 per‘inclinare
2205 3345 2347 3386 coe-

238 3422 327 3483 los
361 3426 867 3501 et‘descendere,
924 3426 1115 3484 simile
1164 3426 1529 3503 significatur
1578 3425 1739 3501 quod
1789 3444 1975 3501 supra
2024 3445 2135 3501 per
2180 3445 2346 3484 rum-

238 3525 374 3599 pere
412 3507 627 3592 coelos
657 3533 717 3585 et
754 3526 1145 3599 descendere,
1193 3544 1305 3603 per
1343 3524 1504 3585 exire
1549 3542 1579 3583 e
1618 3524 1747 3582 loco
1784 3542 1925 3600 suo,
1982 3525 2348 3584 descendere

241 3632 296 3683 et
345 3629 583 3686 calcare
635 3628 876 3686 excelsa
925 3635 1152 3699 terrae,
1224 3644 1440 3702 nempe
1490 3626 1734 3683 visitare
1782 3631 1840 3683 et
1881 3625 2182 3702 judicare3
2238 3641 2349 3701 per

239 3730 480 3802 tangere
530 3734 760 3800 montes
809 3734 896 3791 ,ut
953 3728 1271 3801 fumigent,
1354 3726 1722 3805 significatur
1782 3742 1892 3800 per
1943 3726 2348 3801 praesentiam

240 3823 545 3891 destruere
580 3826 716 3886 illos
774 3822 972 3903 quiin
1025 3826 1198 3884 malis
1241 3844 1507 3884 amorum
1558 3827 1651 3883 sui
1700 3832 1759 3885 et
1807 3825 2009 3883 mundi
2054 3831 2223 3899 sunt,
2290 3829 2350 3882 et

228 3924 368 3984 inde
402 3930 466 4004 in
502 3908 707 3999 falsis,
770 3927 1403 4003 fumigare-significat
1436 3929 1588 3999 mitti
1622 3928 1680 3985 in
1717 3914 2174 4007 malaamorum
2208 3925 2346 3984 illo·-

239 4039 364 4083 rum
420 4034 481 4085 et
540 4029 600 4084 in
643 4044 847 4087 eorum
903 4027 1084 4103 falsa,
1139 4045 1290 4087 nam
1319 4029 1472 4104 ignis
1520 4028 1815 4103 significat
1851 4042 2083 4085 amores
2117 4026 2253 4085 illos
2291 4032 2352 4085 et

241 4122 431 4186 fumus
491 4127 650 4186 falsa
718 4146 953 4203 eorum3
1034 4145 1144 4204 per
1195 4131 1394 4187 emitte
1443 4126 1666 4188 fulmen
1725 4136 1787 4187 et
1852 4127 2132 4205 disperge
2193 4126 2348 4200 illos,

241 4225 615 4301 significatur
641 4225 925 4288 Divinum
969 4216 1194 4288 Verum
1247 4246 1355 4306 per
1411 4229 1571 4309 quod
1618 4229 2014 4306 dissipantur,
2071 4247 2206 4291 nam
2242 4246 2351 4307 per
