2791 4778
490 379 559 430 78
934 364 1426 422 APOCALYPSIS
1470 363 1902 423 EXPLICATA.
1944 364 1990 433 §.
2038 373 2167 427 324.

486 530 629 607 quia
682 543 793 604 per
830 527 1359 587 murmurationem
1413 542 1618 586 eorum
1669 530 1880 585 contra
1912 522 2128 584 Mosen
2175 527 2238 582 et
2272 521 2634 584 Aharonem

487 626 938 708 significabatur
991 625 1393 703 prophanatio
1442 625 1584 685 boni
1620 628 1840 684 amoris
1878 624 2194 698 coelestis,
2256 640 2368 701 per
2401 623 2633 685 Mosen

491 731 650 788 enim
685 733 745 787 et
785 718 1124 787 Aharonem
1175 725 1744 805 repraesentabatur
1775 726 2104 801 Dominus3
2160 740 2299 783 nam
2340 742 2631 785 murmu-

489 847 656 903 rare,
696 827 810 888 hoc
851 833 968 903 est,
1007 826 1303 887 rebellare
1340 833 1551 887 contra
1575 826 1930 901 Dominum,
1971 832 2032 886 et
2059 830 2273 885 sancta
2299 823 2486 898 obire,
2530 831 2635 887 est

489 929 918 1008 prophanati03
972 927 1084 988 sed
1122 928 1263 1005 quia
1295 929 1495 1005 ignem
1545 932 1889 986 sumserunt
1925 942 2002 986 ex
2036 925 2266 996 Altari,
2320 926 2478 1003 ignis
2516 924 2633 986 ille

489 1031 718 1109 e-Jectus
754 1035 864 1102 est,
905 1034 967 1087 et
1001 1028 1305 1087 thuribula
1345 1043 1554 1087 eorum
1587 1027 1748 1087 facta
1781 1033 1921 1087 sunt
1953 1028 2014 1084 in
2047 1031 2465 1102 tegumentum
2505 1025 2634 1086 Al-

489 1133 639 1203 tari3
677 1130 751 1189 de
787 1146 910 1206 qua
944 1147 1011 1189 re
1046 1131 1133 1188 ita
1166 1128 1330 1206 apud
1355 1127 1570 1187 Mosen
1606 1125 1868 1203 „Dixit
1894 1123 2037 1190 illie
2062 1123 2279 1187 Moses
2302 1131 2377 1188 ut
2401 1143 2630 1187 eume-

486 1234 627 1293 rent
658 1230 874 1309 iynem
886 1273 905 1304 ‚
944 1235 1005 1291 et
1037 1228 1359 1291 mitterent
1382 1227 1455 1289 in
1480 1224 1807 1291 thuribula
1835 1246 1995 1301 ωας
2028 1225 2200 1308 quod
2236 1225 2432 1290 etiam
2459 1227 2629 1307 fac-

490 1338 629 1395 tum
682 1336 807 1406 est,
861 1327 975 1391 ,sed
1026 1329 1314 1410 absorpti
1357 1332 1573 1390 suast
1635 1327 1831 1390 Numa
1881 1328 2068 1389 XVI:
2137 1331 2165 1387 1
2224 1327 2303 1386 ad
2334 1326 2443 1386 fin:
2510 1328 2633 1388 sed
2749 1349 2751 1354 ·

490 1439 706 1511 postea
739 1431 1085 1489 mandatum
1122 1437 1216 1489 est
1255 1435 1375 1507 „ut
1411 1426 1779 1510 colliqmnt
1816 1448 2102 1505 cremae,
2142 1433 2203 1487 et
2245 1435 2633 1508 sparyewnt
2749 1441 2751 1444 ’

490 1533 706 1613 iynem
737 1529 998 1591 horsum
1012 1574 1031 1606 ,
1083 1537 1145 1593 et
1181 1549 1265 1593 ex
1298 1530 1540 1592 acerris
1576 1550 1738 1611 quae
1774 1536 1956 1591 erant
1991 1548 2074 1592 em
2112 1547 2282 1604 aere,
2325 1527 2632 1608 facerent

490 1629 912 1712 expansiones
955 1625 1347 1692 laminarum
1363 1676 1381 1708 ,
1425 1637 1849 1711 teyumentum
1886 1627 2118 1706 altari,
2171 1629 2327 1716 quiq
2370 1628 2627 1692 sancti-

481 1733 722 1814 ficatae
745 1733 940 1791 sunt“
986 1730 1176 1790 Num:
1214 1731 1436 1792 XV11=
1486 1735 1513 1790 1
1560 1732 1637 1791 ad
1680 1735 1707 1790 1
1730 1733 1798 1803 5;
1854 1731 2263 1807 sanctificatae
2301 1737 2478 1789 erant
2509 1747 2631 1808 per

494 1823 691 1909 ignem
742 1831 974 1903 altaria,
1041 1834 1143 1908 qui
1193 1832 1565 1908 significabat
1597 1832 1882 1892 Divinum
1946 1832 2268 1892 coelestem
2330 1848 2624 1890 amorem.

496 1932 795 2009 Quoniam
832 1932 1064 1991 Bonum
1115 1933 1461 2008 spirituale,
1514 1934 1674 2011 quod
1724 1939 1817 1992 est
1865 1932 2088 1992 bonum
2124 1932 2434 1991 charitatis
2477 1948 2629 2007 erga

491 2036 859 2111 proximum,
900 2032 1081 2093 trahit
1110 2036 1434 2092 essentiam
1462 2050 1633 2092 suam
1665 2040 1724 2092 et
1750 2035 2006 2093 animam
2045 2050 2119 2091 ex
2153 2032 2312 2092 bono
2345 2031 2622 2106 coelesti,

494 2132 653 2210 quod
702 2138 795 2193 est
829 2134 1049 2194 bonum
1086 2137 1305 2194 amoris
1354 2137 1414 2193 in
1449 2134 1798 2208 Dominum,
1851 2135 1988 2193 ideo
2034 2136 2214 2193 etiam
2252 2133 2456 2203 Thus,
2510 2149 2627 2209 per

494 2234 654 2311 quod
689 2234 1055 2311 significatur
1087 2235 1320 2294 Bonum
1375 2236 1715 2311 spirituale,
1764 2235 2020 2294 dabatur
2068 2252 2255 2311 super
2286 2234 2490 2293 Panes
2525 2234 2627 2293 fa-

490 2338 713 2396 cierum
734 2380 751 2411 ,
788 2352 899 2412 per
937 2353 1084 2414 quos
1123 2334 1572 2413 significabatur
1605 2336 1838 2396 Bonum
1875 2336 2176 2412 coeleste3
2230 2341 2298 2394 ut
2334 2340 2622 2396 constare

487 2444 691 2514 potest
718 2455 794 2496 ex
818 2438 912 2497 his
942 2437 1103 2514 apud
1131 2439 1341 2498 Mosen
1379 2435 1725 2512 „Dabitur
1748 2436 1945 2499 etiam
1975 2424 2157 2498 T'Izue
2183 2454 2370 2517 super
2390 2433 2624 2494 Panes

479 2537 828 2617 facierum,
877 2539 989 2618 qui
1041 2557 1232 2618 super
1280 2557 1502 2599 mensa
1546 2534 1620 2600 in
1662 2535 1959 2599 Tentorz'o
1999 2544 2361 2609 conventus,
2409 2539 2485 2596 ut
2525 2533 2625 2597 stt

490 2634 700 2698 Panis
736 2639 807 2699 in
829 2635 1241 2700 memoriam
1279 2641 1485 2700 Levit:
1517 2639 1754 2701 XXIV:
1791 2644 1823 2697 7
1833 2658 1851 2714 3
1889 2646 1955 2696 ut
1990 2641 2068 2697 sit
2092 2642 2267 2715 panis
2297 2639 2354 2695 in
2382 2652 2621 2695 memo-

491 2737 657 2811 riale,
695 2740 991 2815 signifieat
1015 2748 1083 2798 ut
1106 2741 1434 2818 recipiatur
1461 2747 1521 2799 et
1548 2740 1827 2800 audiatur
1852 2758 1889 2798 a
1915 2739 2201 2815 Domin03
2239 2739 2430 2797 omnis
2457 2738 2623 2796 enim

494 2837 688 2898 cultus
721 2840 978 2914 Domini,
1018 2842 1291 2917 quivere
1318 2840 1537 2911 cultus,
1571 2840 1636 2899 fit
1672 2858 1747 2900 ex
1780 2841 1938 2900 bono
1965 2840 2215 2899 coelesti
2248 2856 2361 2917 per
2393 2837 2623 2898 bonum

494 2939 827 3017 spIrituale3
858 2940 1080 2999 bonum
1108 2941 1267 3000 enim
1293 2939 1627 3017 spirituale,
1660 2941 1821 3018 quod
1849 2947 1944 3001 est
1962 2940 2223 3000 charitas
2245 2956 2391 3016 erga
2410 2940 2623 3017 proxi-

492 3057 675 3111 mum,
710 3046 803 3099 est
838 3039 1085 3099 effectus
1119 3039 1260 3098 boni
1296 3039 1605 3114 coelestis,
1640 3059 1779 3101 nam
1806 3043 2063 3104 charitas
2102 3059 2246 3119 erga
2280 3042 2627 3118 proximum

493 3148 587 3200 est
622 3157 770 3199 usus
801 3145 1115 3216 praestare
1153 3157 1224 3198 ac
1253 3140 1541 3200 moralem
1568 3145 1751 3201 vitam
1780 3161 1960 3222 agere
1989 3161 2063 3201 ex
2092 3145 2317 3219 origine
2349 3141 2629 3210 coelesti,

493 3239 568 3297 de
599 3258 718 3314 qua
753 3258 816 3296 re
867 3240 1147 3299 videatur
1191 3242 1248 3299 in
1287 3239 1486 3318 Opere
1524 3243 1597 3301 de
1646 3242 1854 3302 CoEno
1893 3263 1971 3302 nr
2016 3243 2290 3302 INennNo
2339 3261 2407 3301 nt
2453 3243 2623 3301 390.

497 3340 659 3397 484.
711 3341 868 3398 529.
918 3342 1054 3400 530
1095 3341 1170 3400 ad
1206 3342 1374 3417 5353
1416 3349 1476 3401 et
1509 3346 1568 3402 in
1602 3343 1938 3404 Doc'rnma
1973 3343 2187 3404 Novae
2222 3343 2626 3402 Hmnosomr-

492 3454 622 3498 ΜΔΕ
657 3459 724 3498 n:
767 3442 853 3499 84
897 3441 972 3499 ad
1017 3444 1199 3518 1073.
1229 3442 1343 3502 hoc
1378 3444 1582 3520 itaque
1620 3450 1713 3503 est
1746 3445 1965 3504 bonum
2002 3443 2345 3520 spirituale3
2395 3447 2455 3502 ct
2489 3443 2630 3502 Bo-

491 3558 636 3599 num
673 3539 950 3600 coeleste
991 3550 1086 3601 est
1123 3550 1400 3620 spectare
1443 3544 1521 3602 ad
1557 3544 1906 3617 Dominum,
1950 3553 2012 3604 et.
2049 3543 2209 3622 quod
2242 3544 2318 3602 ab
2355 3538 2501 3620 Ipso
2542 3546 2630 3602 sit

493 3658 669 3700 omne
705 3641 931 3700 bonum
969 3650 1028 3702 et
1065 3661 1306 3718 verum,
1364 3652 1426 3704 et
1462 3645 1622 3720 quod
1668 3644 1743 3704 ab
1780 3645 2018 3728 homine
2055 3662 2167 3704 seu
2205 3646 2337 3722 ejus
2373 3645 2629 3721 proprio

493 3740 638 3800 nihil
676 3744 787 3800 nisi
826 3760 1001 3818 quam
1030 3744 1268 3802 malum.
1327 3744 1501 3821 Quod
1529 3745 1793 3804 suffitum
1826 3746 2005 3805 fuerit
2040 3764 2158 3804 non
2196 3764 2271 3804 ex
2301 3744 2419 3803 alio
2457 3747 2624 3822 igne,

492 3859 787 3919 quamex
821 3845 957 3920 igne
993 3844 1219 3904 Altaris
1271 3845 1640 3922 holocausti,
1696 3865 1807 3923 per
1858 3863 2036 3923 quem
2088 3846 2488 3923 significatum
2525 3852 2627 3905 est

490 3940 714 4001 bonum
753 3944 1035 4020 coeleste,
1075 3945 1236 4021 quod
1271 3952 1365 4006 est
1399 3945 1621 4005 bonum
1658 3949 1873 4007 amoris
1907 3949 1970 4007 in
2004 3947 2347 4017 Dominum,
2385 3952 2627 4006 constat

492 4045 672 4102 etiam
708 4061 782 4102 ex
811 4044 943 4103 aliis
978 4044 1145 4117 lociS,
1181 4053 1247 4105 ut
1283 4046 1447 4123 apud
1470 4046 1682 4106 Mosen
1721 4045 1927 4123 „Cum
1951 4047 2382 4109 murmuravit
2407 4045 2626 4108 concio

491 4151 710 4206 contra
734 4143 960 4208 Mosen
983 4152 1045 4207 et
1068 4145 1450 4221 Aharoroem,
1492 4153 1553 4208 et
1567 4143 1777 4227 playa
1801 4147 2013 4226 affecti
2037 4152 2190 4208 eunt
2199 4192 2218 4224 ,
2262 4154 2409 4208 tunc
2437 4165 2622 4208 sum-

492 4248 583 4311 sit
621 4247 884 4310 Aharo‘n
939 4247 1150 4326 {quem
1187 4265 1269 4308 ea·
1309 4243 1543 4320 altari,
1597 4252 1657 4304 et
1698 4247 1768 4308 in
1807 4265 2124 4322 aemam,
2182 4254 2241 4308 et
2269 4247 2500 4328 posuit
2549 4248 2622 4306 in

1056 4466 1091 4477 ‚—
