2791 4778
80 3146 95 3241 m

457 324 526 373 7⁶2
874 305 1367 362 APOCALYPSIS
1410 305 1840 364 EXPLICATA.
1924 308 1971 374 §.
2016 316 2145 370 323.

450 471 684 532 Psalm:
722 467 1039 529 CXLVII:
1097 473 1128 527 7
1149 488 1166 544 3
1222 469 1403 527 etiam
1454 466 1552 526 bic
1602 467 1900 526 confessio
1947 484 2018 526 ex
2062 467 2219 528 bono
2273 469 2600 545 spirituali

453 581 514 631 et
581 588 658 630 ex
717 584 862 627 vero
935 568 1230 644 spirituali
1293 568 1645 644 exprimitur
1703 585 1815 645 per
1872 567 2234 644 respondete
2296 568 2339 628 J
2343 568 2596 629 ehovae

455 688 567 748 per
603 668 1065 743 confessionem,
1107 675 1166 727 et
1199 666 1440 747 psallite
1475 667 1611 726 Deo
1660 675 1862 727 nostro
1896 670 1958 727 in
1993 668 2248 742 cithara,
2308 685 2379 728 ex
2412 670 2594 729 bono

455 768 752 848 spirituali
797 787 910 846 per
955 768 1319 844 respondere
1355 767 1661 846 Jelpovae,
1716 773 1776 826 et
1812 786 1887 829 ex
1921 786 2067 827 vero
2115 768 2411 846 spirituali
2463 789 2593 849 per

452 869 716 948 psallere
751 868 884 929 Deo
933 871 991 928 in
1029 869 1292 944 cithara3
1347 867 1626 927 Jehovah
1663 869 1839 927 etiam
1875 868 2089 928 dicitur
2125 868 2226 927 ubi
2261 872 2466 947 agitur
2505 872 2590 929 de

452 971 644 1042 bono,
697 986 765 1030 ac
800 970 972 1030 Deus
1020 969 1123 1028 ubi
1160 970 1354 1045 agitur
1408 968 1481 1027 de
1518 985 1693 1041 vero,
1759 967 2035 1027 videatur
2085 988 2151 1028 n:
2198 975 2229 1027 7
2245 972 2358 1029 09.
2406 973 2584 1030 732.

463 1072 675 1130 2586.
729 1071 939 1129 2769.
997 1070 1212 1128 2807.
1272 1070 1483 1127 2822.
1542 1069 1757 1127 3921.
1810 1072 2023 1129 4287.
2078 1072 2290 1129 4402.
2357 1072 2583 1129 7010.

464 1174 542 1229 91
565 1174 673 1229 67.
730 1170 911 1246 Apud
937 1167 1314 1229 Ezechielem
1355 1165 1666 1242 „Cessare
1689 1168 1944 1249 faciam
1973 1169 2307 1247 strepitum
2342 1167 2583 1232 Canti-

455 1289 671 1331 comm
716 1276 998 1345 tuorum,
1054 1275 1117 1330 ‘et
1162 1286 1289 1330 voa·
1338 1266 1737 1329 cithararum
1784 1275 2044 1331 tuarum
2088 1288 2214 1330 non
2268 1270 2590 1333 audietur

457 1366 768 1449 amplius,
835 1369 996 1433 dabo
1050 1376 1109 1432 te
1147 1367 1220 1430 in
1260 1366 1636 1429 ariditatem
1658 1376 1882 1448 petrae
1904 1372 1938 1404 “
1994 1369 2241 1429 XXVI:
2290 1372 2400 1430 13.
2449 1375 2477 1429 1
2501 1376 2583 1445 43

453 1471 604 1529 haec
643 1469 716 1530 de
756 1469 936 1546 Tyro,
974 1489 1085 1547 per
1119 1487 1298 1546 quam
1334 1468 1702 1545 significatur
1736 1470 2010 1529 Ecclesia
2047 1470 2244 1547 quoad
2271 1474 2580 1547 cognitio-

455 1587 564 1630 nes
626 1570 768 1629 boni
816 1576 876 1628 et
922 1572 1079 1645 veri,
1137 1561 1395 1630 vastatio
1446 1570 1578 1646 ejus
1628 1569 1984 1629 describitur
2040 1588 2151 1648 per
2209 1566 2313 1629 illa
2359 1572 2580 1646 verba,

455 1673 717 1732 vastatio
753 1670 950 1745 quoad
985 1673 1351 1747 cognitiones
1389 1670 1528 1728 boni
1573 1687 1684 1746 per
1722 1687 1963 1730 cessare
2000 1671 2210 1730 faciam
2251 1675 2581 1748 strepitum

457 1771 822 1830 canticorum
871 1778 1145 1844 tuorum,
1214 1779 1272 1828 et
1316 1772 1572 1831 vastatio
1618 1770 1815 1847 quoad
1867 1773 2235 1848 cognitiones
2282 1775 2416 1831 veri
2459 1791 2582 1849 per

456 1869 620 1947 quod
654 1887 772 1929 vox
807 1870 1163 1930 cithararum
1209 1889 1328 1930 non
1381 1870 1656 1930 audietur
1691 1871 1976 1948 amplius3
2031 1871 2325 1932 desolatio
2378 1877 2579 1932 onmis

457 1971 587 2029 veri
621 1988 733 2047 per
766 1970 922 2030 dabo
960 1978 1019 2031 te
1055 1973 1114 2030 in
1151 1971 1485 2030 ariditatem
1522 1977 1761 2049 petrae,
1799 1980 1975 2048 petra
2008 1973 2302 2050 significat
2337 1992 2572 2049 verum,

461 2078 523 2129 et
558 2070 802 2131 ariditas
840 2071 971 2148 ejus
1008 2072 1459 2132 desolationem.
1515 2071 1698 2148 Apud
1731 2072 2029 2132 Davidem
2069 2070 2416 2152 „G'lanyite
2452 2073 2576 2134 Je-

457 2170 652 2232 hovae
695 2172 902 2233 omnis
942 2179 1142 2249 tem-a,
1181 2177 1553 2252 personate,
1574 2169 1852 2253 jubilate
1892 2179 1953 2234 et
1995 2180 2273 2249 cantate,
2321 2181 2604 2236 cantate·

456 2269 731 2336 Jelzovae
765 2271 1014 2334 cithara
1031 2317 1052 2349 ,
1096 2272 1349 2335 eithara
1385 2279 1447 2334 et
1484 2291 1626 2332 voce
1651 2280 1877 2336 cantus
1887 2317 1905 2350 ,
1951 2273 2120 2335 tubis
2156 2282 2216 2336 et
2255 2272 2392 2336 voce
2416 2275 2571 2336 buc·

454 2374 664 2450 cinae,
719 2369 998 2455 olanyite
1046 2393 1260 2435 coram
1294 2372 1476 2455 Reye
1512 2371 1843 2435 «ΤεΙιουαὶῑϋί
1895 2373 2132 2435 Psalm:
2169 2375 2455 2436 XCVIII:
2494 2381 2566 2434 4.

464 2479 522 2534 5.
569 2477 644 2550 63
699 2478 891 2533 varia*
904 2493 1127 2552 genera
1161 2475 1535 2535 affectionum
1584 2493 1657 2533 ex
1697 2475 1911 2551 quibus
1949 2476 2247 2536 confessio
2285 2483 2352 2537 et·
2376 2475 2563 2553 glori-

453 2574 651 2633 ficatio
687 2575 959 2646 Domini,
992 2576 1088 2634 hic
1127 2579 1543 2655 exprimuntur⁴
1572 2594 1682 2652 per
1717 2579 1885 2634 varia
1919 2593 2142 2653 genera
2187 2595 2467 2637 sonorum
2505 2585 2572 2635 et

453 2677 993 2752 instrumentorum,
1032 2695 1142 2754 per
1167 2679 1334 2735 varia
1368 2694 1593 2753 genera
1618 2693 1900 2736 sonorum
1935 2694 2047 2752 per
2084 2678 2378 2756 clangere,
2417 2696 2567 2756 per-

455 2790 691 2849 sonare,
737 2774 995 2851 jubilare
1036 2784 1093 2835 et
1130 2785 1389 2849 cantare,
1433 2785 1492 2834 et
1526 2795 1638 2854 per
1673 2779 1842 2835 varia
1878 2795 2101 2855 genera
2138 2782 2568 2837 instrumento-

450 2892 583 2932 rum
610 2892 720 2950 per
746 2876 1022 2952 citharaS,
1052 2877 1229 2936 tubas
1259 2883 1320 2934 et
1344 2876 1649 2950 buccinaS,
1676 2878 1786 2937 sed
1812 2876 2272 2954 significationes
2296 2879 2566 2956 singulo-

453 2992 586 3033 rum
612 2993 930 3054 exponere,
968 2995 1088 3036 non
1121 2976 1299 3053 hujus
1326 2976 1445 3035 loci
1473 2982 1583 3052 est,
1623 2978 1815 3037 solum
1857 2978 1999 3054 quid
2027 2980 2285 3054 cithara3
2324 2986 2569 3041 cantare

452 3075 725 3138 Jehovae
763 3077 1011 3148 eithara,
1051 3077 1280 3136 cithara
1316 3083 1376 3134 et
1413 3094 1559 3136 voce
1597 3084 1840 3154 cantus,
1895 3079 2190 3157 significat
2226 3081 2569 3139 consessio-

451 3193 589 3237 nem
623 3194 696 3236 ex
733 3178 1043 3237 affectione
1078 3177 1218 3236 boni
1256 3186 1314 3236 et
1344 3179 1470 3236 veri
1497 3178 1852 3256 spiritualis;
1909 3183 2101 3241 omnis
2131 3183 2287 3240 enim
2311 3180 2567 3252 affectio,

453 3279 593 3352 quia
629 3283 724 3338 est
757 3278 1009 3347 amoris,
1047 3294 1181 3336 cum
1218 3277 1377 3336 cadit
1410 3280 1471 3337 in
1497 3295 1727 3355 sonum,
1763 3287 1938 3339 sonat
1972 3280 2088 3339 sibi
2123 3283 2564 3356 convenienter,

450 3376 607 3438 unde
645 3381 824 3438 etiam
862 3395 932 3435 ex
971 3394 1135 3451 son0,
1193 3379 1292 3453 qui
1327 3380 1383 3435 in
1421 3377 1691 3454 loquela,
1733 3386 1793 3439 et
1826 3383 1886 3439 in
1925 3399 2041 3458 quo
2069 3398 2249 3441 voces
2285 3381 2564 3458 loquelae
2605 3456 2608 3461 ἡ

453 3480 623 3555 quasi
657 3479 882 3551 fluunt,
922 3476 1159 3537 auditur
1194 3478 1441 3537 alterius
1480 3478 1742 3554 affectiO,
1785 3499 1939 3556 quae
1977 3483 2157 3541 etiam
2188 3481 2326 3542 inde
2362 3484 2565 3542 nosci-

448 3587 546 3637 tur
580 3597 617 3637 a
653 3581 843 3650 socie,
887 3583 947 3634 et
972 3579 1283 3638 manifeste
1320 3581 1380 3638 in
1432 3579 1650 3638 mundo
1689 3582 2015 3657 spirituali,
2055 3583 2158 3642 ubi
2193 3599 2399 3642 omnes
2433 3586 2566 3642 soni

446 3677 726 3754 loquelae
754 3663 1135 3736 manifestant
1161 3679 1523 3739 affectiones.
1571 3679 1858 3742 Similiter
1882 3682 2025 3742 alibi
2055 3684 2218 3760 apud
2242 3683 2559 3759 Davidem,

449 3779 610 3834 utin
658 3776 752 3836 his
789 3779 1180 3855 sequentibus
1233 3777 1569 3856 „Jubz‘late
1603 3779 1753 3842 Deo
1799 3783 2006 3845 robori
2049 3790 2265 3845 nostro
2279 3804 2297 3860 3
2352 3780 2561 3844 acola-

446 3882 618 3937 mate
670 3876 819 3938 Deo
857 3878 1083 3940 Jacobi
1095 3900 1125 3952 ;
1170 3878 1476 3945 extollite
1526 3887 1784 3943 cantum
1796 3928 1814 3959 ,
1869 3890 1930 3945 et
1980 3882 2130 3945 date
2171 3891 2560 3966 tympanum

447 3976 765 4039 citlzamm
785 3979 1147 4063 jucundam
1175 4001 1317 4043 oum
1342 3979 1575 4058 nabli0‚
1618 3979 1896 4064 clanyite
1930 3983 2001 4044 in
2025 4003 2233 4046 mense
2257 3984 2559 4046 bacciam<

447 4077 684 4137 Psalm:
736 4081 1011 4143 LXXXI
1026 4104 1041 4142 ε
1076 4086 1156 4141 ·2.
1204 4086 1262 4143 3.
1310 4088 1371 4142 4.
1457 4081 1779 4156 „Bonum
1817 4085 2102 4166 confiteri
2147 4084 2453 4159 Jehovae,
2503 4092 2561 4146 et

448 4196 663 4243 canere
712 4182 982 4246 Nomini
1033 4182 1171 4246 Tuo
1188 4229 1210 4258 .,
1278 4180 1655 4258 Alci-rsime,
1738 4203 1936 4275 super*
1965 4182 2376 4249 Decaohordz·
2387 4206 2441 4259 0,
2504 4193 2562 4253 et

2744 0 2751 180 ι

2744 219 2751 430 ⁴
