2791 4778
349 375 593 431 CAPUT
627 375 938 430 SEXTUM.
1722 378 1902 434 VERS
1920 401 1933 433 t
1980 391 2038 441 6.
2205 391 2314 444 255

202 537 349 615 quod
386 553 501 612 per
542 534 829 593 Triticum
875 531 1244 610 significetur
1292 534 1514 594 bonum
1554 539 1714 611 veri,
1782 544 1842 596 et
1894 539 2030 600 inde
2080 540 2167 600 illi
2216 545 2319 620 qui

195 641 251 697 in
297 638 450 695 bono
507 652 621 711 per
665 651 815 692 vera
873 640 1051 709 sunt,
1106 652 1177 693 ac
1212 653 1324 711 per
1370 637 1606 696 zizania
1656 638 1878 697 malum
1913 640 2050 700 falsi
2086 648 2148 700 et
2179 642 2318 703 inde

194 739 277 798 illi
303 740 404 813 qui
437 739 503 794 in
541 735 699 794 malo
734 752 844 810 per
879 735 1036 794 falsa
1068 743 1241 794 sunt:
1299 737 1460 812 quod
1493 737 1599 796 illa
1637 738 1795 798 dicta
1831 741 1950 801 sint
1986 741 2060 801 de
2095 742 2320 804 Ultimo

196 838 456 910 Judicio,
527 841 765 895 constat
814 853 887 892 ex
942 836 1336 910 sequentibus
1385 838 1448 895 in
1501 855 1573 897 eo
1639 837 1885 915 Capite,
1953 841 2056 901 ubi
2104 842 2321 903 dicitur

198 938 374 1016 „Qui
410 936 694 997 seminat
733 936 959 995 bonum
1010 955 1217 996 semen
1266 942 1361 996 est
1414 935 1607 1018 filius
1660 938 1967 1016 hominis,
2023 960 2182 1022 ayer
2219 948 2318 1004 est

196 1037 473 1100 Mundus
484 1081 504 1112 ,
552 1054 760 1096 semen
800 1040 950 1095 sunt
981 1033 1124 1117 filii
1160 1036 1408 1116 Requi,
1460 1039 1722 1099 zizania
1767 1046 1917 1100 sunt
1944 1040 2087 1123 filii
2128 1041 2311 1120 mali,

193 1139 488 1200 inimicus
526 1143 625 1196 est
659 1133 982 1210 diabolus,
1038 1138 1267 1198 messis
1293 1140 1750 1201 consummatio
1787 1140 2031 1204 saeculi
2039 1145 2078 1177 “
2114 1130 2309 1204 Vers:

199 1237 362 1320 [37]
406 1242 521 1299 38.
570 1239 693 1313 393
750 1241 1180 1298 consummatio
1216 1239 1449 1299 saeculi
1488 1247 1580 1298 est.
1609 1240 1881 1301 ultimum
1916 1250 2155 1320 tempus
2190 1245 2312 1305 Ec-

195 1342 403 1401 clesiae
442 1337 690 1416 quando
718 1336 1029 1414 judicium.
1109 1339 1200 1397 Ex
1246 1340 1340 1398 his
1381 1339 1531 1400 locis
1568 1359 1643 1400 ex
1684 1341 1890 1401 Verbo
1926 1344 2125 1404 allatis
2163 1362 2310 1405 con-

195 1448 343 1500 stare
384 1445 624 1517 potest,
680 1437 840 1513 quod
896 1438 1184 1498 Triticum
1243 1440 1539 1516 significet
1596 1441 1817 1502 bonum
1877 1443 2193 1505 Ecclesiae
2252 1448 2314 1506 in

196 1559 427 1617 genere,
482 1555 559 1598 ac
593 1537 905 1598 Hordeum
939 1556 1147 1598 verum
1197 1540 1345 1617 ejus.

339 1642 502 1701 375.
565 1638 658 1697 -Et
706 1638 903 1697 oleum
955 1645 1015 1697 et
1065 1642 1269 1699 vinum
1322 1659 1398 1699 ne
1450 1641 1739 1717 laeseriS,
1797 1645 1957 1720 quod
2015 1647 2313 1722 significet

197 1743 346 1817 quod
396 1742 716 1819 provisum
759 1741 840 1797 sit
876 1757 952 1798 ne
1003 1739 1280 1800 damnum
1331 1744 1622 1802 inseratur
1665 1747 1873 1804 sensui
1919 1748 2152 1807 interno
2200 1763 2311 1807 seu
2350 1734 2511 1797 [514]

201 1843 485 1918 spirituali
522 1839 718 1900 Verbi
757 1856 868 1899 nec
907 1841 1102 1916 quoad
1138 1841 1358 1901 bonum
1395 1860 1507 1902 nec
1543 1845 1740 1920 quoad
1776 1863 2015 1920 verum,
2080 1854 2314 1908 constat

196 1959 263 2000 ex
285 1943 724 2020 significatione
761 1939 911 2014 olei,
970 1941 1128 2017 quod
1169 1945 1250 2001 sit
1277 1942 1495 2002 bonum
1533 1948 1782 2020 amoriS,
1833 1946 1906 2006 de
1947 1965 2066 2024 qua
2099 1951 2308 2025 sequi-

199 2049 315 2119 tur;
378 2061 454 2102 ex
488 2040 926 2119 significatione
976 2043 1127 2114 vini,
1187 2041 1346 2119 quod
1382 2047 1464 2103 sit
1500 2063 1711 2104 verum
1746 2046 1908 2106 illius
1945 2049 2116 2125 boni,
2172 2067 2308 2108 nam

199 2159 356 2202 omne
389 2143 618 2202 bonum
655 2140 840 2199 habet
876 2159 1054 2201 suum
1089 2133 1325 2217 verum,
1404 2162 1516 2203 seu
1564 2163 1735 2204 omne
1775 2164 1985 2206 verum
2021 2155 2113 2207 est
2147 2149 2308 2220 boni,

197 2244 325 2302 inde
358 2245 540 2320 quale
583 2243 803 2302 bonum
854 2243 978 2330 tale
1017 2261 1257 2319 verum3
1329 2252 1391 2302 et
1441 2262 1517 2302 ex
1556 2245 1989 2321 significatione
2039 2247 2304 2324 laedere,

201 2345 348 2419 quod
392 2347 470 2404 sit
506 2344 786 2403 damnum
823 2347 910 2403 eis
951 2345 1201 2421 inferre3
1259 2345 1422 2421 quod
1471 2348 1552 2404 sit
1605 2362 1822 2405 sensus
1876 2349 2145 2407 internus
2197 2364 2309 2409 seu

207 2446 516 2519 spiritualis
566 2443 757 2502 Verbi
802 2446 1000 2521 quoad
1044 2446 1263 2528 bonum
1314 2453 1374 2506 et
1414 2447 1611 2522 quoad
1653 2463 1892 2521 verum,
1955 2447 2199 2525 qui-hic
2245 2451 2308 2509 in

210 2546 403 2619 specie
436 2545 801 2621 significatur
843 2563 955 2622 per
989 2546 1186 2606 oleum
1236 2553 1295 2606 et
1342 2549 1561 2620 vinum,
1608 2553 1843 2606 constat
1886 2566 1961 2608 ex
1999 2566 2111 2619 e0‚
2149 2549 2310 2624 quod

204 2661 312 2719 per
357 2648 605 2704 triticum
657 2651 717 2705 et
768 2646 1059 2706 hordeum
1093 2648 1462 2724 significetur
1500 2647 1720 2706 bonum
1774 2654 1833 2706 et
1868 2666 2078 2708 verum
2113 2666 2308 2725 aeque

203 2762 266 2805 ac
289 2763 393 2823 per
440 2745 644 2806 oleum
681 2752 743 2805 et-
778 2749 1011 2823 vinum,
1067 2746 1177 2807 sed
1207 2764 1319 2825 per
1362 2750 1621 2807 triticum
1663 2754 1721 2807 et
1760 2745 2050 2809 hordeum
2086 2749 2308 2810 bonum

205 2852 259 2904 et
293 2864 496 2907 verum
523 2845 838 2907 Ecclesiae
874 2850 935 2907 in
969 2865 1221 2925 gwere,
1274 2852 1362 2907 ita
1395 2866 1549 2925 quae
1583 2851 1647 2907 in
1680 2865 1866 2908 sensu
1897 2850 2108 2910 literae
2143 2849 2306 2911 Ver-

202 2944 280 3020 bi,
329 2966 458 3007 nam
499 2948 661 3006 bona
698 2950 760 3006 et
793 2965 942 3008 vera
978 2966 1136 3029 quae
1171 2951 1232 3007 in
1270 2966 1342 3009 eo
1380 2965 1567 3008 seusu
1603 2949 1789 3009 Verbi
1841 2957 2006 3026 sunt,
2059 2951 2218 3012 bona
2244 2959 2306 3012 et

201 3063 333 3107 vera
385 3052 446 3108 in
500 3065 722 3125 genere
775 3056 943 3122 sunt,
1007 3050 1260 3109 includit
1310 3051 1466 3108 enim
1528 3067 1742 3109 sensus
1791 3050 2004 3112 literae
2055 3068 2302 3113 sensum

202 3150 590 3224 spiritualem,
650 3155 709 3207 et
740 3148 878 3220 inde
912 3150 1073 3208 bona
1114 3157 1173 3209 et
1210 3169 1356 3210 vera
1393 3151 1757 3226 spiritualia,
1817 3169 2002 3228 quare
2040 3155 2302 3216 triticum

203 3253 256 3304 et
285 3248 571 3310 hordeum
608 3248 942 3324 significant
977 3250 1135 3309 bona
1163 3258 1222 3309 et
1249 3268 1394 3310 vera
1429 3250 1735 3312 Ecclesiae
1761 3254 1822 3310 in
1864 3271 2105 3331 genere,
2146 3270 2300 3330 quae

201 3356 326 3408 sunt
361 3366 579 3411 sensus
617 3350 826 3409 literae
870 3351 1086 3425 Verbi,
1138 3359 1202 3410 at
1250 3351 1449 3411 oleum
1501 3357 1560 3409 et
1605 3355 1806 3411 vinum
1857 3353 2014 3413 bona
2054 3359 2117 3412 et
2156 3370 2301 3412 vera

201 3463 395 3510 sensus
435 3452 664 3510 interni·
689 3467 799 3508 seu
834 3452 1163 3528 spiritualis
1209 3451 1397 3512 Verbi
1409 3473 1425 3529 3
1481 3452 1637 3511 haec
1683 3459 1822 3511 sunt
1859 3453 2016 3511 bona
2058 3458 2119 3509 et
2152 3467 2300 3511 vera

200 3547 490 3625 interiora,
549 3550 653 3609 illa
690 3568 835 3613 vero
882 3554 1210 3628 exteriora;
1269 3553 1430 3629 quod
1464 3555 1584 3611 sint
1629 3553 1785 3611 bona
1836 3557 1896 3611 et
1948 3566 2093 3610 vera
2135 3552 2295 3609 inte-

200 3649 341 3708 riora
384 3661 443 3712 et
481 3653 809 3727 exteriora,
862 3652 967 3710 illa
1002 3654 1062 3710 in
1098 3654 1392 3729 spirituali
1439 3669 1550 3712 seu
1587 3654 1816 3711 interno
1851 3650 2108 3721 homine,
2144 3649 2298 3709 haec

199 3747 254 3804 iu
280 3753 557 3836 ⁴naturali
624 3768 735 3811 seu
780 3761 1060 3823 externo,
1140 3760 1417 3813 constare
1477 3760 1681 3830 potest
1731 3769 1803 3812 ex
1858 3751 1979 3811 illis
2027 3768 2184 3829 quae
2235 3752 2326 3811 in'

203 3844 383 3923 Opere
444 3853 521 3912 de
573 3851 782 3914 Coum
824 3872 903 3912 nr
960 3853 1236 3913 Ins-nano
1286 3854 1447 3914 dicta
1499 3862 1558 3912 et
1610 3861 1856 3914 ostensa
1900 3859 2068 3930 sunt,
2137 3852 2300 3931 quod

202 3962 395 4027 nempe
431 3956 552 4013 sint
587 3959 709 4012 tres
738 3952 938 4024 Coeli,
995 3959 1054 4013 et
1094 3955 1254 4031 quod
1298 3956 1568 4013 intimum
1623 3971 1733 4014 seu
1769 3955 2011 4015 tertium
2049 3953 2300 4015 Coelum

202 4047 270 4106 sit
315 4053 372 4110 in
404 4054 575 4113 bonis
628 4059 690 4112 et
726 4056 884 4114 veris
924 4056 1144 4114 intimis
1191 4072 1302 4114 seu
1349 4057 1510 4116 tertii
1545 4054 1797 4132 graduS,
1856 4056 2136 4135 quodque
2164 4073 2294 4118 me-

199 4144 343 4210 dium
377 4171 486 4214 seu
526 4154 857 4214 secundum
886 4154 1139 4216 Coelum
1175 4158 1254 4215 sit
1290 4158 1352 4215 in
1399 4156 1571 4215 bonis
1615 4164 1676 4216 et
1710 4159 1870 4217 veris
1914 4157 2298 4218 inferioribus

199 4260 296 4307 seu
352 4254 595 4314 secundi
649 4256 897 4332 gradus,
951 4262 1009 4314 et
1048 4254 1209 4333 quod
1256 4256 1526 4315 ultimum
1586 4274 1696 4317 seu
1737 4260 2001 4333 primum
2046 4256 2296 4317 Coelum
