2791 4778
445 329 556 381 110
864 312 1357 369 APOCALYPSIS
1399 311 1836 371 EXPLICATA.
1916 313 1964 381 ς.
2009 321 2141 374 329.

436 473 798 558 praeteribo
830 477 1089 554 praeter
1111 492 1259 545 voe,
1296 491 1406 534 nee
1441 472 1565 535 erit
1600 472 1673 534 in
1703 471 1880 533 vobio
1906 467 2120 552 playa
2152 488 2198 531 a
2222 470 2601 550 perditore,

443 594 639 657 qaum
680 591 1050 654 percussero
1105 577 1343 636 ten-am
1395 572 1684 654 Aeyypti
1700 575 1738 607 “
1747 619 1759 632 .
1843 573 1922 632 Et
1978 589 2160 650 porro
2229 616 2267 647 ,υ
2289 569 2602 635 Sumetie

443 671 830 752 fasciculum
884 673 1178 755 hyssopi,
1243 678 1304 734 et
1362 673 1702 754 intinqetis
1767 672 1839 734 in
1886 672 2269 753 sanquinem
2337 674 2463 751 qui
2525 673 2599 735 in

436 774 614 859 pelvi
628 819 643 849 ‚
710 779 770 834 et
816 775 1131 855 attinqere
1169 773 1440 854 facietis
1484 793 1676 853 super
1733 770 2227 853 superliminare
2277 776 2343 832 et
2415 773 2600 835 duos

434 881 651 958 postes
692 874 771 936 de
812 874 1127 956 sanquine
1177 875 1290 955 qui
1346 874 1417 934 in
1442 871 1619 954 pelvi
1635 895 1656 934 .·
1724 891 1836 934 vos
1873 879 2088 935 autem
2136 891 2262 934 non
2305 874 2598 936 exibitis

440 977 778 1060 quisquam
814 979 1003 1037 extra
1046 973 1285 1035 ostium
1322 972 1549 1035 domus
1589 993 1745 1035 suae
1769 992 1963 1054 usque
1999 991 2220 1044 mane,·
2261 977 2322 1033 et
2354 978 2593 1036 trane-

442 1078 559 1142 ibit
597 1074 882 1138 Jehovah
935 1074 1025 1136 ad
1051 1073 1536 1153 percutiendum
1572 1073 1968 1156 Aeqyptum,
2024 1091 2287 1153 eumque
2332 1073 2592 1138 viderit

244 1196 404 1257 [413]
445 1176 842 1257 Sanquinem
894 1194 1086 1257 super
1124 1171 1612 1255 superliminari
1652 1180 1712 1235 et
1748 1193 1937 1254 super
1977 1173 2221 1235 duobus
2247 1175 2590 1253 postibus,
2695 1247 2696 1254 ἵ

435 1275 812 1360 praeteribit
852 1274 1140 1338 Jehovah
1170 1279 1431 1355 praeter
1480 1275 1749 1350 ostium,
1805 1279 1866 1334 et
1901 1293 2025 1335 non
2051 1274 2390 1353 permittet
2420 1295 2588 1356 per-
2695 1259 2696 1314 ἶ

446 1374 696 1439 cus-sori
728 1376 939 1439 venire
979 1375 1070 1438 ad
1109 1374 1330 1437 domos
1373 1381 1623 1437 vestras
1667 1374 1759 1438 ad
1779 1372 2264 1455 percutiendum
2283 1376 2320 1406 ‘³
2368 1376 2585 1436 Exod:
2695 1377 2696 1460 ζ

445 1478 608 1539 XII:
655 1483 713 1537 7.
756 1480 866 1537 132
909 1481 1021 1537 22.
1067 1478 1191 1552 233
1248 1478 1351 1553 qui
1403 1493 1522 1536 non
1571 1479 1685 1536 soit
1720 1476 1879 1553 quod
1915 1475 2134 1554 aliquis
2183 1491 2410 1535 sensus
2446 1478 2584 1555 spi-

445 1579 680 1639 ritualis
716 1580 777 1637 in
813 1577 1016 1637 Verbo
1053 1579 1164 1651 sit,
1220 1575 1413 1636 credit
1461 1577 1622 1654 quod
1666 1576 1778 1653 ptr
1811 1578 2166 1653 sanguinem
2208 1575 2306 1636 hic
2342 1577 2582 1638 intelli-

453 1688 631 1757 gatur
666 1679 913 1753 sanguis
947 1678 1188 1737 Domini
1238 1694 1425 1754 super
1458 1694 1668 1754 cruce3
1724 1677 1836 1736 sed
1867 1677 1985 1738 hoc
2017 1692 2265 1754 prorsus
2315 1695 2447 1738 non
2484 1681 2583 1737 in-

455 1778 747 1854 telligitur
783 1779 843 1835 in
882 1776 1098 1853 Coelo;
1154 1796 1363 1837 verum
1411 1778 1496 1837 ibi
1530 1777 1730 1854 angeli
1769 1795 1880 1854 per
1915 1776 2180 1837 Coenam
2210 1776 2585 1839 Paschalem

450 1879 549 1938 hio
585 1877 774 1936 simile
810 1877 1150 1953 intelligunt
1193 1879 1356 1955 quod
1386 1896 1499 1955 per
1533 1877 1816 1938 Sanctam
1852 1877 2116 1938 Coenam
2161 1880 2513 1937 institutam
2547 1896 2585 1937 a

454 1980 741 2052 Domino,
780 1979 838 2035 in
874 1996 992 2053 qua
1024 1979 1158 2037 loco
1194 1966 1450 2057 pecudis
1482 1977 1793 2038 Paschalis
1830 1984 1973 2037 sunt
2003 1979 2190 2038 Panis
2224 1985 2287 2038 et
2311 1977 2580 2054 Vinum3

452 2086 515 2138 et
539 2085 677 2138 tunc
707 2078 853 2137 dixit
876 2077 1190 2153 Dominus,
1231 2079 1392 2155 quod
1415 2080 1598 2138 Panis
1627 2085 1791 2138 esset
1818 2077 1972 2138 Caro
2003 2074 2219 2155 IpsiuS,
2262 2085 2322 2138 et
2348 2078 2579 2138 Vinum

452 2185 618 2239 esset
650 2178 909 2255 Sanguis
940 2179 1175 2255 Ipsius3
1233 2185 1294 2238 et
1327 2182 1583 2255 quisque
1619 2182 1762 2254 scit,
1819 2184 1923 2239 aut
1954 2182 2113 2239 scire
2147 2184 2371 2256 potest,
2412 2179 2579 2256 qnod

448 2282 633 2341 Panis
671 2289 731 2340 et
768 2279 989 2339 Vinum
1025 2282 1144 2337 sint
1180 2297 1333 2354 quae
1370 2282 1639 2339 nutriunt
1675 2296 1927 2356 corpuS,
1963 2279 2149 2340 Panis
2185 2288 2253 2338 ut
2289 2278 2477 2339 Cibus
2516 2287 2576 2340 et

447 2382 669 2443 Vinum
703 2389 771 2453 ut
794 2382 1009 2454 PotuS,
1050 2387 1112 2440 et
1148 2380 1307 2457 quod
1339 2382 1403 2439 in
1430 2379 1668 2456 Verbo,
1710 2380 1871 2458 quod
1902 2380 1963 2439 in
1998 2397 2110 2441 suo
2147 2382 2284 2440 sinu
2318 2387 2417 2440 est
2435 2382 2568 2457 spi-

452 2485 695 2556 rituale,
754 2485 931 2541 etiam
968 2481 1072 2539 illa
1107 2480 1496 2558 spiritualiter
1529 2480 1916 2557 intelligenda
1948 2483 2097 2557 sint,
2132 2485 2220 2541 ita
2241 2481 2430 2540 Panis
2456 2497 2573 2558 pro

453 2585 609 2644 omni
638 2583 770 2642 cibo
800 2580 1117 2659 spirituali,
1159 2589 1219 2640 et
1244 2581 1468 2640 Vinum
1500 2598 1612 2657 pro
1651 2584 1809 2642 omni
1842 2587 1989 2656 potu
2014 2582 2345 2659 spirituali3
2388 2581 2573 2642 Cibus

451 2682 778 2760 spiritualis
818 2688 908 2740 est
946 2698 1119 2742 omne
1154 2682 1376 2741 bonum
1429 2682 1589 2756 quod
1634 2682 2102 2742 communicatur
2147 2690 2210 2741 et
2244 2682 2423 2740 datur
2456 2681 2575 2742 ho·

450 2784 595 2843 mini
649 2799 685 2838 a
717 2781 1008 2857 Domino,
1064 2799 1136 2841 ac
1169 2782 1357 2842 Potus
1406 2782 1736 2860 spiritualis
1777 2787 1880 2841 vest
1910 2799 2101 2865 uomne
2149 2800 2362 2845 verum
2412 2783 2586 2859 quod·

451 2883 919 2942 communicatur
969 2890 1028 2941 et
1063 2882 1240 2942 datur
1289 2882 1514 2943 homini
1548 2901 1586 2940 a
1618 2883 1908 2959 Domino;
1961 2883 2114 2943 haec
2148 2883 2297 2954 duo,
2351 2899 2573 2961 nempe

452 2984 689 3042 Bonum
724 2987 784 3039 et
817 2980 1074 3059 Verum,
1129 2999 1241 3042 seu
1275 2984 1463 3042 Amor
1501 2990 1561 3041 et
1593 2982 1802 3059 Fides,
1839 2983 2067 3043 faciunt
2098 2983 2400 3043 hominem
2437 2987 2568 3061 spi-

451 3081 765 3158 ritualem3
821 3099 932 3141 seu
969 3101 1136 3143 amor
1197 3089 1258 3141 et
1303 3082 1453 3142 fides
1502 3083 1752 3155 dicitur,
1809 3085 1949 3159 quia
1995 3100 2169 3143 omne
2214 3082 2440 3141 bonum
2478 3091 2572 3144 est

448 3183 671 3242 amoris
727 3189 787 3242 et
822 3201 994 3242 omne
1029 3200 1239 3242 verum
1276 3190 1371 3242 est
1404 3181 1546 3243 fidei
1558 3205 1574 3259 3
1629 3184 1768 3244 inde
1804 3190 2080 3243 constare
2117 3189 2352 3260 potest,
2411 3184 2573 3260 quod

451 3301 563 3362 per
589 3282 814 3344 Panem
847 3283 1214 3360 intelligatur
1248 3283 1531 3343 Divinum
1557 3285 1792 3344 Bonum
1815 3283 2021 3343 Divini
2046 3284 2283 3343 Amoris
2309 3284 2569 3361 Domini,

449 3390 513 3444 et
548 3384 747 3462 quoad
778 3384 1107 3458 hominem,
1163 3384 1225 3442 id
1259 3391 1572 3460 receptum
1609 3384 1684 3442 ab
1719 3384 1854 3460 illo,
1912 3391 1973 3444 et
2007 3384 2168 3461 quod
2200 3401 2314 3462 per
2347 3384 2571 3444 Vinum

446 3485 814 3563 intelligatur
846 3484 1131 3544 Divinum
1158 3483 1387 3544 Verum
1421 3485 1755 3562 procedens
1794 3503 1868 3545 ex
1904 3486 2122 3546 Divino
2156 3484 2327 3544 Bono
2361 3483 2568 3545 Divini

447 3587 686 3647 Amoris
715 3586 980 3658 Domini,
1022 3591 1082 3645 et
1117 3584 1315 3663 quoad
1346 3585 1664 3658 hominem,
1702 3586 1765 3644 id
1799 3592 2109 3662 receptum
2143 3585 2220 3644 ab
2250 3585 2391 3645 illo:
2430 3587 2570 3661 quia

446 3686 739 3745 Dominus
775 3685 919 3745 dicit
950 3686 1113 3762 quod
1148 3685 1300 3745 Caro
1335 3686 1539 3763 Ipsius
1576 3687 1654 3744 sit
1686 3685 1869 3745 Panis
1885 3729 1903 3761 ,
1961 3692 2023 3746 et
2070 3685 2328 3762 Sanguis
2363 3685 2565 3763 Ipsius

447 3787 529 3845 sit
566 3784 817 3856 Vinum,
872 3792 1149 3847 constare
1184 3792 1389 3863 potest
1422 3786 1582 3863 quod
1614 3803 1727 3864 per
1761 3785 2019 3846 Carnem
2052 3787 2296 3846 Domini
2338 3781 2563 3847 int'elli-

448 3891 624 3962 gatur
657 3887 946 3947 Divinum
969 3886 1210 3945 Bonum
1234 3885 1441 3946 Divini
1465 3887 1704 3946 Amoris
1735 3886 1939 3964 Ipsius
1949 3930 1968 3962 ,
2010 3891 2072 3946 et
2104 3903 2216 3964 per
2252 3887 2563 3948 comedere

444 3986 610 4045 illam
653 3986 1026 4062 intelligatur
1072 3986 1344 4060 recipere
1391 3985 1485 4060 id,
1540 3989 1933 4065 appropriare
1985 3987 2128 4062 sibi,
2188 3993 2248 4046 et
2282 3990 2372 4047 sie
2418 4004 2562 4048 con-

437 4087 614 4165 jungi
657 4087 944 4159 Domino,
1013 4090 1075 4144 et
1119 4085 1278 4160 quod
1336 4102 1449 4162 per
1500 4089 1852 4169 sanguinem
1901 4087 2144 4148 Domini
2203 4087 2566 4167 intelligatur

446 4187 731 4246 Divinum
775 4183 1003 4245 Verum
1063 4184 1394 4261 procedens
1458 4202 1533 4244 ex
1595 4186 1813 4247 Divino
1860 4188 2031 4247 Bono
2083 4187 2293 4254 D1vini
2325 4188 2567 4250 Amoris
