2791 4778
379 343 618 399 CAPUT
642 345 954 404 SEXTUM.
1329 387 1332 388 ν
1713 347 1900 404 VERS
1920 367 1933 399 ε
1980 357 2072 410 12.
2234 357 2342 413 377

235 506 303 563 sit
336 510 393 562 et
426 507 678 580 perierit
714 523 751 563 a
792 504 964 563 malis
1016 513 1078 565 et
1126 505 1296 565 falsis
1350 507 1501 583 illis;
1564 506 1816 581 clamor,
1883 509 1943 564 in
1989 507 2139 564 mari
2175 503 2345 583 Suph

233 604 422 663 audita
464 612 564 664 est
614 624 730 667 vox
785 606 957 682 ejus,
1024 605 1321 682 significat
1385 607 1823 666 damnationem
1874 624 2106 681 eorum,
2180 623 2344 666 mare

235 704 390 780 Suph
428 712 523 763 est
574 705 908 775 damnati0‚
970 702 1193 765 clamor
1242 706 1456 766 dicitur
1504 707 1577 766 de
1628 708 2002 766 damnatione
2055 706 2227 782 mali,
2262 713 2347 780 *et

231 822 335 863 vox
362 805 434 865 de
464 805 851 865 damnatione
889 806 1026 864 falsi
1038 827 1054 881 3
1096 806 1255 883 quod
1279 825 1443 867 mare
1481 806 1652 883 Suph
1685 808 1979 884 significet
2007 807 2341 867 damnatio-

230 922 353 966 nem
389 913 449 964 et
475 906 806 981 infernum,
841 906 1118 965 videatur
1160 925 1231 966 n:
1280 908 1492 966 8099.
1550 907 1730 986 Apud
1761 908 2058 967 Davidem
2101 907 2343 982 „Deus

230 1003 563 1067 deseruisti
627 1026 741 1066 nos
758 1052 774 1082 ,
842 1011 1182 1085 rupturam
1229 1007 1462 1087 fecisti
1510 1007 1581 1068 in
1629 1008 1834 1083 nobis,
1904 1007 2341 1083 succensuisti,

169 1107 180 1114 ’“
228 1104 400 1165 reduc
435 1107 624 1166 nobis
657 1107 924 1186 quietem
938 1151 955 1176 ,
1010 1107 1418 1187 tremesco-isti
1443 1113 1709 1179 temam,
1772 1107 2140 1187 diffreyc'sti,
2179 1127 2342 1168 sana

218 1204 546 1284 fracturas
596 1206 731 1288 ejus
774 1207 929 1287 quia
963 1213 1272 1269 commota
1307 1211 1450 1267 est“
1500 1209 1736 1267 Psalm:
1783 1209 1925 1268 LX:
1977 1210 2036 1267 3.
2089 1211 2162 1284 43
2231 1227 2343 1284 per

226 1312 519 1381 rupturam
577 1309 948 1384 significatur
987 1308 1376 1368 labefactatio
1415 1309 1759 1379 Ecclesiae,
1814 1315 1874 1368 et
1908 1308 2043 1367 inde
2079 1327 2336 1385 perver-

227 1408 305 1463 sio
335 1410 462 1466 veri
500 1425 575 1468 ac
611 1411 862 1486 irruptio
899 1408 1037 1467 salsi
1049 1430 1066 1485 3
1121 1409 1236 1469 hec
1285 1411 1489 1486 itaque
1544 1410 1915 1487 significatur
1963 1427 2075 1485 per
2112 1413 2335 1469 treme-

225 1506 402 1565 fecisti
448 1516 715 1582 terram,
792 1510 1136 1585 diffregisti‚
1202 1517 1264 1568 et
1306 1527 1417 1586 per
1478 1510 1636 1585 quod
1689 1518 1848 1568 terra
1906 1518 2199 1569 commota
2245 1513 2340 1585 sit,

226 1613 367 1666 terra
402 1617 497 1667 est
533 1610 846 1669 Ecclesia.
920 1609 1100 1686 Apud
1140 1610 1495 1687 Haggaeum
1549 1609 1835 1685 „Adhuc
1885 1607 2101 1684 semel,
2171 1611 2339 1670 brevi

223 1703 413 1777 illud,
464 1708 726 1786 quando
772 1709 922 1790 Eyo
959 1727 1343 1769 commovens
1381 1708 1618 1781 C'oelos,
1654 1719 1713 1772 et
1752 1704 2031 1787 terremus
2061 1716 2121 1769 et
2160 1730 2335 1771 mare

227 1810 277 1865 et
313 1808 604 1884 aridam,
677 1815 736 1869 et
791 1817 938 1872 tunc
991 1812 1371 1871 commovebo
1421 1830 1633 1873 omnes
1685 1817 1903 1892 yentes
1922 1856 1939 1887 ,
1998 1819 2072 1874 ut
2125 1810 2338 1872 veniat

228 1903 421 1967 electio
457 1910 745 1970 omnium
778 1911 1089 1991 yentium,
1145 1916 1204 1970 et
1230 1909 1532 1992 impleam
1578 1912 1835 1973 domum
1869 1911 2032 1973 hanc
2073 1910 2337 1993 yloriaf‘

225 2007 303 2066 II:
357 2013 412 2067 6.
461 2017 535 2087 73
596 2012 746 2071 haec
791 2013 952 2070 dicta
998 2018 1139 2071 sunt
1175 2011 1248 2070 de
1284 2014 1766 2072 reaedificatione
1807 2013 2045 2089 Templi
2088 2017 2150 2071 in
2184 2014 2336 2072 Hie-

225 2108 506 2186 rosolyma
528 2156 546 2186 ‚
618 2118 679 2170 et
718 2131 829 2189 per
863 2130 1086 2172 novum
1128 2112 1447 2189 Templum
1483 2112 1565 2170 ibi
1609 2113 1976 2188 significatur
2011 2129 2169 2171 nova
2217 2114 2336 2170 Ec-

229 2207 413 2281 clesia,
454 2230 615 2287 quae
650 2214 1038 2271 instauranda
1071 2231 1108 2271 a
1132 2212 1421 2289 Domino3
1460 2213 1572 2271 hoc
1608 2212 1975 2288 intelligitur
1999 2230 2108 2288 per
2143 2211 2338 2271 adhuc
2394 2209 2396 2212 ’

229 2311 430 2385 semel,
470 2312 642 2372 brevi
677 2313 862 2387 illud,
917 2322 975 2374 et
1009 2332 1121 2392 per
1158 2314 1313 2391 quod
1352 2320 1493 2373 tunc
1520 2311 1906 2372 commovebo
1932 2328 2148 2371 *omnes
2185 2330 2333 2388 gen-

234 2414 351 2482 tes,
409 2420 472 2471 ut
506 2415 712 2473 veniat
749 2433 820 2474 eo
873 2414 1087 2474 electio
1123 2417 1414 2491 gentium,
1470 2421 1529 2472 et
1567 2413 1847 2490 impleam
1898 2413 2133 2472 domum
2181 2413 2335 2473 hanc

232 2507 434 2586 gloria,
481 2532 593 2591 per
629 2522 839 2592 gentes
876 2523 938 2574 et
990 2516 1338 2575 electionem
1378 2518 1643 2592 gentium
1685 2514 2092 2591 significantur
2128 2531 2334 2573 omnes

228 2611 320 2684 qui
360 2614 415 2669 in
451 2615 644 2691 bono,
714 2616 994 2675 videatur
1049 2632 1236 2692 supra
1285 2634 1353 2673 n:
1411 2620 1569 2675 175.
1619 2617 1790 2690 331,
1848 2621 1907 2674 et
1949 2632 2060 2690 per
2096 2614 2334 2675 domum

223 2711 573 2786 significatur
619 2716 926 2790 Ecclesia,
986 2733 1055 2774 ac
1092 2733 1201 2793 per
1254 2716 1505 2793 gloriam
1548 2717 1829 2775 Divinum
1866 2715 2126 2792 Verum,
2180 2733 2339 2774 nova

219 2810 312 2869 illa
343 2814 622 2874 Ecclesia
664 2834 774 2894 per
823 2817 1140 2893 Templum
1177 2816 1537 2877 describitur
1587 2817 1842 2894 amplius
1893 2818 1954 2874 in
1997 2833 2068 2875 eo
2119 2816 2334 2894 Capite

220 2911 308 2986 ita,
345 2914 615 2998 „Major
650 2916 775 2977 erit
800 2915 1022 2996 ⁸cloria
1049 2917 1279 2978 domus
1303 2915 1497 2999 hujus
1524 2917 1908 2996 posterioris
1937 2936 2129 2996 quam
2146 2918 2333 2996 prio-

219 3010 334 3087 ris,
401 3037 559 3078 nam
613 3018 682 3077 in
734 3014 865 3077 loco
914 3016 1026 3077 hoc
1076 3017 1236 3077 dabo
1283 3020 1552 3097 pacem“
1627 3019 1810 3078 Vers.
1884 3020 1960 3094 93
2029 3019 2335 3078 ,Iudicium

224 3116 365 3188 quod
398 3117 733 3193 praecedet
764 3120 826 3175 in
863 3118 1085 3199 Mundo
1124 3119 1423 3195 spirituali
1459 3118 1820 3178 describitur
1867 3135 1977 3194 per
2012 3119 2170 3195 quod
2194 3120 2334 3195 Ego

220 3229 592 3276 commovens
629 3217 833 3278 coelos
874 3224 935 3276 et
970 3225 1189 3277 terram
1230 3227 1289 3277 et
1329 3235 1490 3277 mare
1532 3226 1590 3277 et
1630 3221 1888 3290 aridam,
1950 3226 2010 3278 et
2042 3238 2154 3296 per
2188 3235 2331 3277 coe-

219 3311 298 3372 los
343 3325 401 3377 et
451 3326 686 3377 terram*
711 3318 1127 3395 intelliguntur
1165 3323 1361 3378 onmia
1402 3322 1684 3379 interiora
1732 3320 2069 3392 Ecclesiae,
2129 3325 2190 3377 et
2222 3337 2333 3394 per

222 3430 370 3476 mare
420 3425 484 3478 et
536 3419 762 3477 aridam
814 3421 1010 3478 omnia
1073 3422 1370 3479 exteriora
1420 3420 1571 3495 ejus
1668 3419 1849 3495 Apud
1909 3416 2331 3493 Evangelistas

223 3512 680 3585 „Eoecz'tabz‘tur
712 3537 868 3598 qens
905 3525 1124 3580 contra
1160 3527 1438 3598 yentem,
1489 3537 1757 3598 reynum
1794 3522 2014 3577 contra
2045 3534 2328 3595 reynum,

215 3625 381 3679 erunt
417 3619 588 3679 enim
627 3624 869 3699 pestes,
919 3619 1138 3699 fames
1174 3625 1233 3680 et
1285 3625 1492 3680 terrae
1533 3623 1744 3678 motus
1779 3617 1850 3677 in
1884 3616 2091 3677 variis
2125 3613 2329 3676 locis“

217 3712 425 3779 Matth:
476 3720 733 3779 XXIV:
782 3726 839 3777 7.
886 3723 945 3780 8.
1000 3721 1197 3780 Marc:
1239 3720 1427 3780 XIII:
1473 3721 1534 3778 8.
1588 3718 1743 3778 Luc:
1795 3717 1984 3777 XXI:
2045 3721 2167 3791 113
2222 3734 2332 3793 per

219 3819 559 3879 excitabitur
618 3837 766 3897 gens
829 3827 1036 3880 contra
1096 3829 1333 3898 gentem
1394 3827 1454 3879 et
1506 3837 1758 3895 regnum
1810 3826 2017 3878 contra
2060 3836 2327 3894 regnum,

220 3915 570 3990 significatur
635 3921 794 3996 quod
820 3928 1247 3998 pugnaturum
1309 3920 1533 3980 malum
1602 3937 1735 3978 cum
1788 3918 1947 3978 malo
1996 3926 2058 3978 et
2109 3918 2323 3977 salsum
2370 3926 2533 3990 [594]

220 4029 337 4076 cum
395 4021 586 4094 falso,
663 4039 774 4098 per
827 4028 1067 4098 gentem
1124 4020 1495 4098 significatur
1547 4019 1771 4080 bonum
1822 4019 2133 4080 Ecclesiae
2179 4020 2333 4079 etin

221 4122 479 4192 opposito
514 4138 701 4181 sensu
736 4122 960 4181 malum
998 4123 1151 4200 ejus,
1187 4140 1257 4182 ac
1291 4140 1404 4199 per
1434 4139 1683 4197 regnum
1728 4121 2100 4198 significatur
2125 4138 2332 4181 verum

215 4209 526 4303 Ecclesiae,
568 4228 627 4283 et
662 4224 724 4282 in
761 4225 1042 4301 opposito
1082 4240 1267 4284 sensu
1300 4223 1518 4283 falsum
1547 4223 1678 4300 ejus
1697 4243 1713 4301 3
1754 4240 1866 4300 per
1895 4231 2067 4283 erunt
2103 4230 2328 4302 pestes,
