2791 4778
390 364 633 423 CAPUT
665 364 1012 458 QUINTUM.
1759 369 1968 426 VERS:
2017 379 2103 433 12.
2263 384 2368 437 141

234 528 501 603 agnitio,
539 522 892 601 glorificatio
930 530 993 583 et
1025 526 1350 600 grat-iarum
1390 528 1547 587 actio
1586 528 1744 603 quod
1779 529 1854 587 ab
1888 529 2036 605 Ipso
2078 532 2156 589 sit
2200 549 2374 594 omne

233 626 465 685 bonum
504 631 566 683 et
598 642 839 695 verum,
896 631 957 684 et
989 624 1128 684 inde
1167 626 1400 685 coelum
1440 634 1501 686 et
1536 628 1792 688 felicitas
1830 637 2079 688 aeterna
2113 629 2234 691 illis
2272 636 2376 710 qui

237 727 581 803 recipiunt:
636 725 801 802 apud
833 724 1057 784 Lucam
1110 769 1147 799 „
1170 724 1483 805 Apertum
1518 733 1614 789 est
1648 747 1719 787 os
1758 727 2124 804 Sachariae,
2177 738 2238 791 et
2277 730 2373 793 lo-

234 832 485 905 quutus
521 831 619 886 est
641 823 1033 884 Benedicens
1058 823 1206 885 Deo
1220 845 1247 897 ;
1287 834 1348 888 et
1374 825 1571 903 dixit,
1612 827 2001 889 Benedictus
2039 829 2374 894 Dominus

235 925 437 987 Deus
474 922 752 986 Israelis
807 924 962 1003 quia·
999 925 1295 985 visitavit
1332 934 1392 987 et
1420 928 1584 1007 feeit
1620 928 2103 1008 redemptionem
2130 931 2371 1013 populo

237 1029 408 1087 suo“
463 1025 523 1085 1:
570 1029 680 1086 64.
729 1028 855 1101 683
909 1024 1024 1084 hoc
1076 1025 1223 1085 dixit
1271 1026 1591 1089 Sacharias
1642 1047 1774 1089 cum
1816 1030 2103 1106 impletus
2157 1037 2371 1109 spiritu

235 1127 635 1205 prophetavit
670 1126 744 1184 de
778 1126 1036 1184 Domino
1058 1169 1076 1200 ,
1117 1133 1177 1185 et
1211 1144 1322 1203 per
1356 1128 1718 1188 benedicens
1754 1130 1888 1189 Deo
1927 1137 1987 1189 et
2027 1150 2143 1208 per
2177 1134 2365 1194 bene-

234 1229 444 1288 dictus
479 1227 772 1285 Dominus
807 1227 977 1285 Deus
1013 1227 1256 1286 Israelis
1275 1271 1293 1301 ,
1333 1229 1704 1304 significatur
1738 1229 2088 1306 glorificatio
2128 1240 2187 1293 et
2221 1252 2365 1310 gra-

232 1331 460 1389 tiarum
497 1328 652 1386 actio
696 1326 856 1402 quod
891 1327 1107 1386 liberet
1144 1334 1205 1385 et
1241 1327 1504 1387 vindicet
1537 1330 1614 1389 ab
1649 1330 1889 1390 Inferno
1939 1331 2073 1391 illos
2123 1337 2225 1410 qui
2260 1352 2362 1394 re-

237 1430 473 1505 cipiunt
504 1426 743 1503 Ipsum,
800 1445 984 1504 quare
1037 1429 1216 1485 etiam
1250 1427 1485 1499 dicitur,
1534 1434 1675 1506 quia
1713 1433 1979 1491 visitavit
2028 1441 2088 1492 et
2122 1434 2359 1493 redem-
2399 1444 2565 1508 [437]

233 1530 505 1607 ptionem
567 1528 713 1586 fecit
771 1527 997 1604 populo
1053 1544 1163 1587 suo
1199 1528 1449 1599 Israeli,
1500 1548 1611 1607 per
1658 1533 2133 1609 redemptionem
2173 1535 2362 1612 signi-

232 1629 458 1689 ficatur
491 1627 767 1687 liberatio
794 1628 867 1685 ab
893 1627 1156 1702 Inserno,
1199 1636 1258 1687 et
1284 1646 1393 1705 per
1421 1631 1711 1707 populum
1741 1649 1915 1690 suum
1955 1634 2367 1710 significantur

232 1731 441 1807 quiin
473 1729 632 1787 veris
686 1745 761 1786 ex
809 1727 964 1787 bono
1012 1734 1188 1802 sunt,
1241 1732 1327 1787 ita
1377 1732 1479 1805 qui
1527 1734 1854 1808 recipiunt3
1910 1734 2073 1809 quod
2117 1753 2229 1811 per
2264 1753 2365 1796 re-

232 1830 644 1906 demptionem
684 1828 1052 1905 significetur
1085 1828 1358 1888 liberatio
1400 1837 1461 1889 et
1494 1832 1816 1891 vindicatio
1856 1834 1930 1892 ab
1965 1834 2222 1908 Insern0,
2268 1838 2361 1895 vi-

229 1931 455 1989 deatur
490 1945 680 2005 supra
714 1946 783 1987 n:
825 1931 960 1987 328
981 1948 997 2002 ς
1054 1935 1113 1987 et
1149 1929 1307 2005 quod
1341 1947 1452 2006 per
1486 1933 1778 2008 populum
1817 1935 2224 2009 significentur
2260 1938 2362 2013 qui

224 2034 296 2091 in
330 2032 494 2089 veris
545 2046 621 2087 ex
662 2027 818 2087 bono
854 2036 1021 2101 sunt,
1080 2031 1260 2087 etiam
1307 2046 1493 2107 supra
1539 2050 1609 2090 n:
1653 2034 1813 2091 331.
1867 2034 2050 2110 Apud
2083 2035 2357 2095 Eundem

229 2128 546 2206 „Simeon
582 2128 858 2206 suscepit
881 2128 1116 2196 ¹Jesum,
1151 2128 1462 2210 infantem
1508 2130 1578 2191 in
1617 2130 1810 2192 ulnas
1848 2151 2037 2209 suas,
2097 2140 2158 2194 et
2185 2136 2359 2196 bene-

230 2229 419 2291 dixit
470 2228 619 2289 Deo
631 2248 661 2301 ;
724 2234 784 2288 et
835 2228 1042 2305 dixit,
1092 2230 1388 2291 viderunt
1440 2228 1608 2291 oculi
1657 2232 1781 2292 mei
1834 2231 2107 2294 salutem
2155 2242 2358 2309 tuam,

227 2350 431 2413 quam
469 2329 732 2410 parasti
765 2335 910 2389 ante
923 2330 1166 2410 faciem
1192 2330 1475 2392 omnium
1491 2328 1921 2411 populoram“
1967 2333 2047 2394 11:
2092 2337 2204 2394 28.
2245 2336 2356 2395 30.

237 2435 372 2507 313
424 2432 521 2490 hic
555 2431 912 2491 benedicere
947 2433 1081 2492 Deo
1134 2434 1453 2491 manifeste
1503 2450 1615 2509 pro
1652 2432 1988 2510 glorificare
2041 2443 2100 2494 et
2134 2437 2359 2512 gratias

236 2548 457 2607 agere,
508 2532 663 2608 quod
695 2532 988 2591 Dominus
1039 2534 1101 2591 in
1153 2532 1435 2592 mundum
1475 2535 1706 2591 venerit
1763 2534 2106 2595 salvaturus
2148 2552 2358 2596 omnes

238 2634 355 2708 qui
412 2633 694 2706 recipiunt
726 2632 966 2709 Ipsum3
1023 2650 1209 2708 quare
1245 2633 1569 2693 Dominum
1632 2640 1809 2692 vocat
1864 2634 2119 2695 salutem
2182 2654 2361 2713 quam

236 2731 410 2791 oculi
440 2734 534 2791 sui
559 2732 853 2803 videbant,
892 2749 1069 2808 quam
1102 2742 1277 2810 parat
1303 2734 1578 2793 omnibus
1608 2733 1886 2811 populis3
1924 2737 2133 2812 populi
2158 2736 2358 2814 Ipsius

228 2833 517 2893 dicuntur
549 2835 648 2909 qui
680 2836 743 2892 in
781 2835 937 2893 veris
975 2851 1048 2892 ex
1083 2833 1240 2893 bono
1276 2843 1450 2906 sunt,
1500 2837 1584 2892 ita
1620 2837 1722 2910 qui
1778 2853 1890 2912 per
1923 2836 2030 2894 illa
2063 2840 2361 2915 recipiunt

222 2933 479 3010 Ipsum,
532 2940 599 2993 ut
643 2950 847 3010 supra.
927 2934 1111 3010 Apud
1145 2933 1438 2993 Davidem
1480 2979 1515 3009 „
1541 2932 1850 2996 Viderunt
1885 2955 2150 3016 yressus
2191 2943 2355 3013 tuoe,

228 3033 471 3105 Deus;
520 3039 995 3112 praecesserunt
1045 3041 1372 3095 cantantes
1420 3039 1573 3114 post
1618 3032 1989 3113 pulsantes,
2046 3037 2118 3097 in
2152 3037 2359 3100 medio

227 3134 568 3214 viminum
606 3133 1183 3213 tympanizantium
1199 3154 1229 3206 ‚²
1264 3135 1334 3194 in
1373 3135 1964 3212 eonyreyatiom'bus
1994 3137 2362 3200 Benedicite

228 3234 407 3306 Dea,
478 3233 769 3294 Domino
813 3252 845 3292 e
883 3235 1068 3313 fonte
1108 3232 1405 3295 sal-ate's“
1456 3235 1694 3294 Psalm:
1747 3237 2046 3298 LXVIII:
2088 3243 2199 3299 25.
2246 3243 2358 3298 26.

238 3339 369 3410 273
434 3337 496 3394 in
549 3335 1110 3412 congregationibus
1158 3335 1517 3394 benedicere
1565 3337 1699 3394 Deo
1716 3380 1735 3411 ,
1806 3337 2063 3397 Domino
2113 3357 2145 3396 e
2195 3339 2356 3398 fonte

231 3436 490 3510 salutis,
545 3434 842 3510 significat
876 3435 1208 3511 glorificare
1244 3435 1565 3494 Dominum
1612 3452 1684 3494 ex
1721 3439 1880 3495 veris
1917 3436 2355 3513 spiritualibus,

233 3552 398 3613 quae
433 3542 575 3595 sunt
606 3553 753 3594 vera
791 3553 865 3595 ex
899 3535 1090 3610 bone,
1150 3552 1260 3612 per
1299 3537 1791 3612 congregationes
1828 3538 1890 3593 in
1924 3534 2129 3594 Verbo
2166 3536 2358 3596 simile

231 3636 610 3712 significatur
645 3635 807 3711 quod
836 3652 946 3712 per
980 3636 1305 3712 populum,
1361 3635 1701 3725 nempe-illi
1736 3637 1839 3710 qui
1870 3637 1932 3694 in
1965 3637 2122 3694 veris
2174 3637 2360 3713 spiri-

232 3736 504 3796 tualibus
543 3743 714 3811 sunt,
767 3743 828 3794 et
862 3735 1164 3795 abstracte
1213 3737 1348 3812 ipsa
1380 3736 1487 3794 illa
1520 3753 1698 3811 vera3
1754 3742 1815 3794 et
1847 3754 1958 3812 per
1993 3735 2217 3795 sontem
2252 3753 2355 3797 sa-

229 3837 381 3896 lutis
417 3835 786 3913 significatur
831 3836 1054 3894 bonum
1102 3837 1414 3912 spirituale
1466 3837 1741 3913 quoniam
1789 3853 1901 3913 per
1933 3835 1996 3895 id
2040 3844 2133 3897 est
2167 3839 2352 3916 salus,

229 3935 460 3996 bonum
511 3936 826 4013 spirituale
879 3942 979 3994 est
1024 3935 1242 3996 bonum
1298 3938 1606 3995 charitatis
1661 3953 1805 4013 erga
1856 3940 2225 4015 proximum,
2299 3946 2360 4001 et

231 4054 450 4097 verum
484 4037 797 4113 spirituale
847 4042 940 4096 est
974 4054 1181 4095 verum
1218 4036 1359 4098 fidei
1410 4055 1483 4096 ex
1519 4037 1622 4096 illo
1657 4036 1814 4097 bono
1827 4057 1845 4113 3
1902 4039 2061 4116 quod
2097 4057 2355 4118 congre-

230 4139 510 4214 gationes
559 4138 621 4196 in
656 4136 861 4198 Verbo
925 4137 1195 4196 dicantur
1255 4138 1329 4197 de
1382 4141 1541 4198 veris
1580 4138 2029 4216 spiritualibus,
2083 4140 2360 4199 videatur

233 4255 307 4295 n:
354 4239 567 4297 6355.
608 4239 830 4313 78433
870 4239 1010 4313 quia
1043 4254 1154 4314 per
1187 4238 1545 4299 benedicere
1581 4240 1639 4296 in
1670 4240 2231 4315 congregationibus
2270 4240 2355 4296 si-
