2791 4778
407 350 518 403 300
805 339 1312 416 'APOCALYPSIS
1356 334 1790 400 EXPLIGATA.
1873 343 1920 410 §.
1964 350 2094 404 384.

405 497 702 576 signifieat
738 515 909 560 omne
961 500 1426 576 conjunctionis:
1485 503 1545 559 in
1582 500 1787 561 Verbo
1823 502 2070 577 saepius
2105 499 2323 562 dieitur
2358 505 2536 562 tertia

401 616 546 677 pars
578 603 638 658 et
673 615 911 674 quoque
943 606 1157 676 quarta
1192 618 1365 676 pars,
1425 609 1486 660 et
1521 603 1624 677 qui
1663 618 1782 660 non
1818 603 1934 659 seit
1968 601 2132 678 quod
2165 618 2377 661 omnes
2418 622 2532 661 nu·

401 700 554 759 meri
587 697 922 773 significent
956 716 1086 774 res,
1143 701 1388 760 credere
1436 707 1644 777 potest
1688 701 1850 777 quod
1884 703 2063 760 tertia
2108 718 2252 778 pars
2301 703 2530 779 signifi-

404 805 504 859 cet
536 800 767 857 tertiam
798 805 1062 877 partem,
1099 806 1158 860 et
1198 807 1411 877 quarta
1436 817 1580 877 pars
1618 808 1891 878 quartam
1929 807 2183 877 partem,
2224 818 2339 860 seu
2374 803 2533 878 quod

405 898 740 975 significent
786 899 1039 975 aliquid,
1106 907 1169 959 at
1219 918 1330 978 per
1374 903 1612 962 tertiam
1650 908 1886 978 partem
1933 900 2308 977 significatur
2356 920 2530 962 omne

401 1016 642 1072 verum,
700 1006 759 1057 et
794 1016 906 1075 per
943 1007 1219 1081 quartam
1268 1007 1506 1077 partem
1543 1019 1714 1062 omne
1752 1002 1971 1060 bonum
1992 1022 2008 1077 3
2067 1008 2128 1059 et
2180 1003 2321 1077 quia
2358 1019 2532 1062 omne

404 1116 616 1159 verum
674 1105 769 1159 est
813 1117 886 1157 ex
941 1100 1125 1174 bono,
1203 1100 1340 1160 inde
1398 1120 1508 1178 per
1559 1108 1829 1177 quartam
1877 1109 2113 1177 partem
2159 1102 2531 1177 significatur

404 1216 579 1260 omne
615 1199 831 1258 bonum
871 1205 931 1258 et
964 1199 1101 1260 inde
1138 1219 1379 1274 verum,
1424 1202 1519 1261 hic
1558 1202 1888 1279 deprivatio
1919 1218 2158 1276 eorum,
2201 1205 2343 1278 quia
2377 1202 2528 1262 diei-

403 1305 502 1358 tur
547 1299 688 1357 data
724 1305 815 1358 est
857 1299 973 1358 illis
1022 1307 1295 1376 potestas
1330 1302 1720 1362 interficiendi
1758 1318 1945 1378 super
1981 1308 2257 1378 quartam
2295 1310 2531 1379 partem

402 1406 634 1458 terrae:
688 1399 849 1477 quod
885 1403 999 1458 tria
1039 1406 1099 1459 et
1131 1402 1268 1459 inde
1305 1404 1482 1461 tertia
1520 1419 1664 1478 pars
1714 1403 1948 1461 dicatur
1983 1402 2058 1460 de
2098 1405 2293 1475 veris,
2353 1403 2527 1462 vide·
2695 1362 2698 1435 1

401 1499 561 1558 bitur
606 1503 667 1559 in
707 1501 1128 1576 sequentibuS,
1202 1501 1305 1561 ubi
1339 1505 1392 1562 is
1444 1519 1727 1563 numerus
1768 1504 2141 1563 nominatur:
2199 1503 2365 1578 quod
2411 1522 2528 1563 au·
2694 1442 2698 1565 ¹

402 1606 523 1660 tem
567 1608 821 1676 quatuor
870 1608 931 1661 et
979 1601 1116 1660 inde
1173 1610 1386 1678 quarta
1438 1620 1581 1680 pars
1631 1603 1900 1661 dieantur
1944 1603 2019 1660 de
2065 1602 2237 1661 bonis
2293 1610 2354 1663 et
2387 1604 2531 1663 inde
2695 1642 2698 1733 ⁴

401 1702 594 1775 veriS,
652 1708 743 1760 est
780 1718 965 1760 causa
1000 1704 1140 1777 quia
1189 1702 1526 1778 significant
1561 1704 2036 1781 conjunctionem
2073 1720 2311 1781 eorum3
2366 1703 2533 1780 quod
2692 1746 2698 1773 ,Ι

401 1804 487 1860 ita
522 1802 626 1873 sit,
682 1802 875 1876 patuit
923 1802 1065 1861 mihi
1116 1820 1188 1862 ex
1236 1803 1423 1861 multa
1463 1804 1835 1880 experientia
1880 1819 1913 1862 e
1953 1803 2173 1861 mundo
2211 1805 2530 1880 spirituali,
2692 1874 2693 1877 Ἴ

405 1899 644 1978 quando
693 1903 846 1960 enim
884 1902 971 1962 ibi
1012 1919 1210 1962 sermo
1248 1904 1498 1980 Angelis
1545 1904 1658 1963 fuit
1707 1904 1782 1963 de
1834 1904 2249 1980 conjunctione
2286 1905 2432 1964 boni
2470 1911 2535 1965 et
2690 1824 2698 1975 l

402 2000 565 2073 veri,
628 2017 740 2060 seu
802 2005 1020 2062 amoris
1088 2010 1148 2062 et
1197 2002 1368 2077 fidei,
1459 2011 1520 2064 et
1576 2008 1628 2063 is
1681 2020 1880 2064 sermo
1943 2003 2373 2065 determinatus
2436 2012 2535 2066 est
2688 2016 2698 2103 j

399 2108 463 2166 in
510 2119 826 2178 numeros,
889 2110 1027 2162 tunc
1068 2105 1210 2162 exiit
1255 2121 1540 2166 numerus
1590 2113 1881 2182 quatuor,
1935 2104 2292 2180 quandoque
2347 2109 2534 2169 etiam
2686 2144 2693 2163 2

400 2220 687 2267 numerus
741 2204 886 2279 du0,
968 2212 1073 2263 aut
1120 2222 1403 2266 numerus
1467 2212 1629 2281 oet0,
1715 2212 1819 2263 aut
1881 2201 2165 2263 numerus
2241 2206 2531 2284 sedecim,
2682 2178 2693 2267 ἶ

406 2310 547 2386 quia
584 2305 647 2364 hi
683 2307 918 2365 numeri
969 2304 1186 2363 similia
1239 2307 1601 2381 significant,
1668 2324 1806 2365 nam
1840 2307 2071 2364 numeri
2118 2307 2177 2362 in
2214 2322 2281 2364 se
2307 2309 2529 2373 „multi-

403 2411 637 2487 plicati‚
711 2423 784 2465 ae
831 2408 1007 2467 divisi
1054 2406 1273 2465 similia
1326 2408 1662 2484 significant
1716 2424 1847 2467 eum
1900 2407 2162 2465 numeris
2214 2425 2325 2484 per
2375 2428 2531 2485 quos

399 2509 781 2587 multiplicati
817 2515 921 2565 aut
957 2506 1133 2566 divisi
1169 2514 1327 2577 sunt,
1368 2507 1647 2566 videatur
1679 2527 1752 2567 nn:
1800 2509 2010 2567 5291.
2058 2508 2269 2568 5335.
2311 2512 2527 2571 5708.

411 2614 543 2671 797
561 2614 630 2670 3:
671 2608 828 2684 quod
865 2624 1062 2667 sermo
1101 2606 1427 2683 Ange-licus
1467 2612 1643 2667 etiam
1673 2608 1849 2668 cadat
1877 2610 1936 2666 in
1968 2624 2269 2683 numeros,
2311 2610 2529 2671 videa-

403 2717 500 2770 tur
546 2712 608 2768 in
654 2708 852 2786 Opere
895 2708 968 2766 de
1019 2706 1227 2767 Coum
1271 2724 1349 2766 ΕΤ
1389 2708 1667 2767 Inmane
1721 2728 1792 2767 n:
1838 2709 2014 2767 263:
2073 2710 2234 2782 quod
2270 2718 2530 2786 quatuor

404 2810 737 2887 significent
791 2810 1267 2885 conjunctionem
1327 2807 1468 2867 boni
1522 2814 1582 2867 et
1642 2812 1798 2880 veri,
1878 2809 2041 2867 ducit
2102 2812 2395 2886 originem
2457 2830 2528 2872 ex

403 2916 657 2987 quatuor
690 2908 896 2983 Plagis
931 2910 991 2965 in
1031 2906 1248 2977 Coelo,
1301 2911 1361 2967 in
1408 2909 1562 2967 binis
1616 2926 1856 2980 earum,
1910 2926 2126 2984 nempe
2167 2914 2228 2970 in
2279 2910 2530 2972 Oriente

403 3018 463 3069 et
499 3008 824 3069 Occidente
862 3007 1134 3066 habitant
1171 3011 1272 3084 qui
1320 3011 1382 3067 in
1430 3008 1587 3068 bono
1639 3012 1856 3068 amoris
1909 3014 2081 3084 sunt,
2137 3014 2325 3089 inque
2371 3013 2523 3072 binis

400 3127 619 3186 nempe
657 3108 903 3167 Meridie
944 3114 1003 3167 et
1039 3107 1461 3185 Septentrione
1497 3112 1601 3192 qui
1634 3112 1696 3168 in
1732 3103 1891 3169 veris
1932 3110 2073 3169 inde
2113 3119 2272 3188 sunt,
2313 3113 2518 3174 videa-

401 3218 500 3269 tur
541 3212 718 3269 etiam
755 3211 812 3266 in
852 3208 1051 3285 Opere
1091 3208 1163 3266 de
1204 3207 1409 3268 Coeno
1458 3228 1536 3267 Εἰ·
1585 3209 1861 3269 INFERNO
1910 3229 1983 3270 n:
2042 3214 2172 3270 141
2225 3212 2307 3271 ad
2353 3215 2521 3288 1533

403 3311 539 3370 inde
580 3327 691 3387 per
729 3315 984 3386 quatuor
1017 3308 1231 3386 plagas
1282 3326 1392 3368 seu
1443 3326 1554 3385 per
1603 3316 1857 3385 quatuor
1907 3318 2119 3371 ventos
2157 3314 2521 3391 significatur

403 3430 576 3472 omne
613 3412 834 3471 bonum
874 3416 933 3469 et
966 3409 1103 3467 inde
1130 3426 1358 3480 verum,
1401 3417 1461 3466 et
1494 3427 1605 3486 per
1634 3417 1889 3486 quatuor
1916 3413 2256 3489 conjunctio
2296 3431 2515 3475 eorum.

399 3512 580 3590 Quod
615 3518 830 3589 quarta
875 3527 1018 3588 pars
1069 3508 1361 3585 significet
1399 3526 1570 3568 omne
1609 3511 2045 3587 conjunctionis
2099 3512 2244 3572 boni
2281 3522 2346 3573 et
2379 3515 2511 3586 veri,

402 3619 497 3673 est
531 3615 673 3692 quia
709 3616 981 3689 quartum
1018 3609 1100 3668 ibi
1131 3610 1275 3668 facit
1301 3627 1492 3683 omne,
1535 3616 1594 3668 et
1631 3617 1906 3686 quartum
1937 3618 2030 3672 est
2069 3613 2511 3689 significativum

402 3714 868 3792 conjunctioniS‚
924 3709 1061 3770 inde
1097 3726 1208 3787 per
1254 3710 1590 3769 interficere
1630 3718 1903 3787 quartam
1947 3719 2183 3789 partem
2220 3714 2508 3790 significa-

400 3819 500 3870 tur
535 3831 709 3873 omne
749 3812 1209 3889 conjunctionis,
1256 3810 1506 3887 proinde
1545 3828 1716 3870 omne
1752 3811 1974 3872 bonum
2010 3819 2071 3871 et
2104 3831 2352 3890 verum3
2390 3828 2509 3872 nam

402 3910 508 3969 ubi
554 3929 672 3971 non
726 3913 1061 3989 conjunctio
1108 3928 1313 3972 eorum
1352 3910 1560 3987 datur,
1619 3911 1702 3970 ibi
1739 3930 1856 3972 non
1891 3918 2061 3985 sunt,
2110 3913 2333 3973 bonum
2374 3915 2507 3973 enim

404 4010 633 4085 absque
670 4029 811 4071 vero
850 4029 968 4071 non
1010 4012 1217 4087 datur,
1270 4029 1382 4071 nec
1417 4029 1625 4071 verum
1653 4011 1884 4089 absque
1919 4012 2104 4087 bono,
2144 4023 2286 4074 sunt
2319 4017 2381 4073 in
2412 4027 2506 4072 sua

406 4113 669 4171 essentia
715 4131 932 4187 unum,
989 4115 1130 4188 quia
1180 4131 1389 4173 verum
1441 4118 1533 4171 est
1577 4112 1718 4172 boni
1755 4130 1825 4173 ae
1860 4113 2082 4173 bonum
2120 4122 2213 4174 est
2246 4116 2399 4187 veri,
2448 4115 2503 4167 ut

203 4203 366 4267 [544]
407 4217 681 4270 constare
719 4216 921 4286 potest
958 4228 1031 4269 ex
1069 4212 1189 4271 illis
1227 4230 1381 4286 quae
1421 4214 1480 4270 in
1521 4212 1845 4273 Doc'rnnu
1886 4213 2104 4274 Novar:
2129 4214 2497 4276 Hmaosomr·
