2791 4778
393 370 620 425 CAPUT
660 369 981 427 SEXTUM„
1724 370 1931 424 VERS:
1980 381 2069 432 12.
2225 383 2335 435 389

258 529 390 588 salsa
416 535 472 588 et
506 530 667 588 mala
699 528 1030 605 apud'illos
1067 535 1238 587 erant
1266 531 1407 604 quia
1441 534 1692 605 negatus
1730 536 1822 589 est
1854 531 2163 608 DominuS‚
2201 533 2336 594 ideo

255 631 475 698 dicitur,
529 637 589 688 et
626 630 908 689 tenebrae
944 630 1140 688 factae
1178 635 1316 687 sunt
1351 636 1411 687 et
1439 628 1862 689 obtenebratus
1905 639 1997 690 est
2034 631 2164 707 Sol,
2226 651 2336 710 per

254 730 431 790 Solem
482 733 585 805 qui
642 729 995 789 obscuratus
1045 729 1392 804 intelligitur
1437 729 1761 804 Dominus,
1828 733 1931 807 qui
1979 731 2333 796 obscuratus

253 830 441 889 dicitur
475 830 713 906 quando
749 829 904 888 falsa
936 832 997 887 in
1023 830 1297 888 Ecclesia
1331 835 1564 888 tantum
1600 838 1847 906 regnant
1882 838 1947 889 ut
1980 850 2098 891 non
2142 852 2330 911 agno-

251 937 459 1004 scatur,
518 948 593 989 ac
637 936 865 989 tantum
901 930 1060 988 mala
1112 937 1176 988 ut
1221 929 1600 1005 crucifigatur
1614 952 1633 1007 ς
1688 931 1846 1006 quod
1881 935 2077 990 omnia
2112 940 2171 992 et
2205 938 2333 993 sin-

249 1030 366 1106 gula
404 1048 558 1107 quae
600 1033 661 1089 in
696 1030 900 1089 Verbo
939 1031 1013 1090 de
1049 1030 1341 1089 Passione
1378 1030 1624 1090 Domini
1659 1039 2090 1103 memorantur,
2141 1037 2331 1111 signi-

248 1130 434 1203 ficent,
482 1131 767 1189 videatur
813 1148 997 1207 supra
1040 1150 1109 1190 n:
1169 1133 1278 1189 64.
1341 1132 1452 1189 83.
1511 1134 1645 1189 195
1701 1133 1738 1190 s.
1839 1133 2022 1208 Apud
2074 1134 2334 1194 Micham

253 1229 485 1304 „Dixit
543 1230 832 1291 Jehovah
882 1237 1099 1292 contra
1159 1229 1518 1310 Prophetas
1569 1230 1928 1292 seducentes
1980 1233 2292 1312 populum
2308 1256 2334 1307 ,·

247 1350 357 1392 nox
398 1332 520 1392 erit
572 1331 749 1392 vobis
772 1349 895 1411 pro
933 1331 1202 1401 visione,
1261 1338 1321 1392 et
1364 1332 1643 1392 tenebrae
1682 1333 1963 1393 orientur
1999 1334 2171 1394 vobis
2209 1354 2333 1414 pro

246 1431 655 1507 divinatione,
707 1437 768 1491 et
801 1431 1038 1491 occidet
1082 1430 1197 1492 Sol
1241 1450 1431 1510 super
1476 1432 1819 1511 prophetas
1835 1476 1850 1504 ‚
1914 1438 1973 1494 et
2022 1435 2093 1494 ni
2092 1442 2332 1513 yreseet

246 1551 413 1610 super
449 1533 542 1593 iis
569 1531 757 1592 die8“
787 1531 899 1592 III:
945 1536 1003 1592 5.
1043 1535 1112 1608 63
1152 1533 1293 1609 quid
1329 1533 1479 1591 haec
1513 1536 1573 1591 in
1609 1551 1791 1593 sensu
1827 1535 2123 1610 spirituali
2147 1539 2335 1613 signi-

243 1631 428 1705 fleant,
482 1634 765 1692 videatur
812 1650 995 1708 supra
1047 1651 1115 1690 n:
1172 1635 1255 1692 37
1273 1637 1346 1708 2,
1412 1634 1515 1692 ubi
1559 1634 1857 1710 explicata
1909 1642 2061 1693 sunt.
2152 1637 2336 1712 Apud

244 1732 405 1792 Amos
443 1732 644 1808 „Fiet
681 1733 750 1793 in
785 1731 890 1792 die
914 1731 1061 1805 illo,
1118 1732 1391 1794 occidere
1410 1733 1665 1813 faciam
1702 1732 1912 1795 Solem
1953 1735 2020 1795 in
2049 1735 2331 1812 meridie,

243 1839 291 1892 et
344 1834 735 1894 obtenebrabo
787 1840 1021 1895 terram
1057 1833 1144 1893 in
1196 1832 1303 1894 die
1356 1831 1580 1894 laeis“
1642 1836 1828 1896 VIII:
1884 1841 1966 1911 93
2030 1854 2139 1914 per
2182 1837 2333 1897 haec

243 1935 612 2009 significatur,
653 1935 812 2010 quod
834 1937 895 1992 in
930 1934 1203 1995 Ecclesia
1238 1935 1340 1993 ubi
1377 1935 1660 2010 Verbum,
1702 1955 1777 1994 ex
1805 1955 1921 2013 quo
1959 1938 2098 1996 sciri
2130 1947 2336 2014 potest

246 2035 370 2108 quid
399 2035 626 2093 bonum
675 2043 734 2094 et
782 2052 1018 2109 verum,
1074 2053 1266 2111 usque
1315 2052 1434 2093 non
1482 2038 1562 2094 sit
1619 2036 1732 2093 nisi
1778 2054 1953 2111 quam
2002 2037 2224 2097 malum
2273 2046 2334 2098 et

244 2133 472 2211 salsum3
530 2135 803 2194 occidere
837 2134 1041 2195 faeere
1078 2134 1305 2210 Solem,
1348 2140 1408 2193 et
1442 2134 1834 2194 obtenebrare
1870 2143 2107 2210 terram,
2145 2140 2334 2212 signi-

243 2233 370 2292 fieat
401 2236 622 2295 malum
658 2238 821 2294 vitae
868 2243 927 2293 et
961 2236 1177 2295 falsum
1229 2236 1531 2294 doctrinae
1577 2236 1636 2291 in
1673 2234 1978 2308 Ecclesia,
2034 2252 2144 2310 per
2186 2236 2331 2295 solis

245 2337 385 2393 enim
420 2343 613 2396 ortum
651 2338 1017 2414 significatur
1053 2337 1273 2396 bonum
1310 2336 1527 2396 amoris
1566 2334 1726 2412 quod
1761 2342 1853 2394 est
1895 2335 2116 2394 bonum
2152 2338 2332 2407 vitae,

253 2440 307 2491 et
336 2453 434 2510 per
470 2437 609 2496 solis
661 2455 940 2497 occasum
978 2437 1345 2514 significatur
1378 2437 1597 2496 malum
1627 2438 1843 2495 amoris
1880 2436 2039 2512 quod
2066 2443 2159 2495 est
2198 2455 2329 2495 ma-

247 2532 358 2591 lum
397 2538 575 2612 vitae,
635 2546 697 2598 et
748 2556 859 2615 per
895 2538 1444 2597 obtenebrationem
1479 2545 1674 2597 terrae
1711 2536 2078 2613 significatur
2108 2537 2329 2595 salsum

243 2633 527 2696 doctrinae
575 2639 741 2713 inde,
818 2639 1102 2697 tenebrae
1158 2639 1494 2713 significant
1551 2637 1732 2706 falsas
1797 2644 1856 2695 et
1903 2644 2064 2695 terra
2111 2637 2325 2698 Eccle-.

239 2738 404 2812 siam;
457 2756 573 2815 per
607 2742 664 2796 in
703 2740 946 2798 meridie
986 2746 1045 2797 et
1081 2742 1138 2796 in
1176 2739 1269 2798 die
1323 2739 1475 2797 lucis
1488 2782 1506 2812 ,
1558 2737 1924 2812 significatur
1975 2738 2212 2814 quando
2248 2738 2333 2797 ibi

238 2845 473 2911 possunt
517 2856 651 2898 esse
698 2842 1066 2916 cognitiones
1115 2838 1347 2897 boniet
1382 2840 1539 2911 veri,
1596 2839 1736 2913 quia
1777 2838 2043 2897 Verbum
2086 2839 2331 2915 habent,

233 2938 502 2997 meridies
539 2940 834 3016 significat
867 2940 971 2998 ubi
1007 2942 1373 3016 cognitiones
1413 2939 1579 3012 boni,
1625 2946 1685 2996 et
1720 2938 1847 2998 dies
1884 2939 2038 2999 lucis
2082 2941 2187 2998 ubi
2223 2958 2332 3000 co-

234 3039 516 3111 gnitiones
574 3044 735 3115 veri3
795 3041 950 3116 quod
990 3058 1063 3098 ex
1107 3040 1341 3114 Verbo,
1410 3047 1500 3098 est
1548 3041 1687 3115 quia
1733 3040 1883 3099 haec
1934 3041 2210 3100 dicuntur
2258 3042 2332 3101 de

232 3135 500 3198 Ecclesia
538 3140 642 3198 ubi
679 3140 962 3200 Verbum.
1019 3139 1200 3215 Apud
1239 3120 1539 3199 Habalxuk
1584 3136 1943 3214 „Commoti
1977 3147 2127 3201 sunt
2154 3160 2330 3200 mon-

234 3240 345 3309 tes,
395 3239 744 3301 inundatio
780 3258 1094 3319 aquarum
1134 3240 1469 3314 transivit,
1522 3236 1667 3307 Sol,
1717 3238 1912 3302 Luna
1954 3242 2132 3302 stetit
2168 3241 2329 3315 sede,

231 3335 292 3397 in
327 3337 530 3400 luce-m
572 3339 696 3401 tela
749 3345 861 3400 tua
911 3341 1166 3414 abeunt,
1246 3338 1315 3398 in
1360 3337 1752 3418 splendorem
1790 3339 2049 3418 fulmen
2112 3341 2335 3400 hastae
2441 3386 2446 3403 .

230 3442 406 3498 tuae“
469 3439 596 3498 III:
641 3444 746 3500 10.
795 3445 916 3514 113
971 3443 1029 3498 in
1067 3458 1137 3499 eo
1175 3438 1386 3515 Capite
1425 3442 1616 3516 agitur
1658 3440 1731 3497 de
1776 3441 2038 3498 adventu
2071 3440 2332 3511 Domini,

238 3539 391 3598 etde
433 3540 659 3600 Ultimo
695 3540 934 3600 Judicio
975 3549 1113 3600 tunc
1163 3540 1237 3597 ab
1282 3539 1462 3616 Ipso;
1522 3554 1632 3615 per
1666 3538 1824 3613 quod
1869 3540 2147 3597 commoti
2194 3546 2334 3595 sunt

231 3646 483 3713 montes,
522 3640 830 3699 inundatio
869 3658 1157 3716 aquarum
1187 3642 1484 3714 transivit,
1524 3637 1893 3714 significatur
1927 3636 2085 3713 quod
2119 3637 2333 3712 reiecti

232 3739 339 3797 sint
371 3742 476 3817 qui
509 3742 571 3797 in
600 3757 802 3800 amore
830 3744 926 3800 sui
962 3748 1022 3799 et
1057 3741 1256 3798 mundi
1293 3758 1404 3816 per
1428 3739 1585 3797 falsa
1611 3737 1752 3795 mali
1785 3740 1844 3795 in
1882 3755 2035 3813 quae
2061 3739 2330 3813 immissi,

229 3847 448 3899 montes
490 3842 826 3916 significant
852 3858 1085 3900 amores
1128 3844 1220 3898 sui
1259 3848 1317 3898 et
1352 3840 1571 3913 mundi,
1614 3848 1673 3898 et
1698 3839 2002 3897 inundatio
2040 3854 2335 3911 aquarum

230 3937 513 4014 signifieat
560 3943 987 4000 immissionem
1030 3943 1088 3998 in
1140 3940 1297 3998 falsa
1346 3940 1516 4013 inde,
1581 3956 1774 4015 aquae
1830 3944 1970 3998 sunt
2031 3937 2214 4011 salsa,
2271 3946 2335 3999 et

229 4037 523 4100 inundatio
561 4048 654 4100 est
693 4043 1009 4117 immissi03
1049 4041 1207 4116 quod
1245 4047 1383 4099 tunc
1420 4039 1537 4098 illis
1574 4057 1691 4098 non
1726 4022 2059 4120 appareant
2092 4055 2238 4097 vera
2275 4046 2336 4099 et

230 4134 379 4198 bona
415 4143 708 4217 genuina,
779 4142 886 4200 sed
921 4141 1052 4200 loco
1094 4140 1328 4198 illorum
1365 4156 1512 4198 vera
1552 4147 1612 4199 et
1645 4140 1803 4200 bona
1837 4140 2033 4209 fatua,
2081 4158 2236 4216 quae
2272 4143 2332 4200 in
2444 4199 2463 4211 ,

233 4250 293 4295 se
354 4249 489 4300 sunt
547 4241 701 4301 salsa
757 4252 814 4301 et
874 4242 1057 4315 mala,
1131 4239 1502 4317 significatur
1552 4258 1664 4316 per
1710 4243 1771 4300 in
1818 4241 2015 4301 lucem
2060 4241 2182 4301 tela
2233 4249 2337 4300 tua
2397 4237 2400 4241 ’
