2791 4778
542 370 652 422 4⁸30
998 359 1487 415 APOCALYPSIS
1533 361 1960 418 EmecATA.
2034 363 2076 429 t.
2129 370 2250 423 409.

539 521 769 597 opinari
817 526 1020 595 potest
1057 520 1219 596 quod
1252 539 1362 596 per
1399 538 1640 579 servum
1689 522 1767 578 ibi
1805 522 2160 596 intelligatur
2193 537 2386 578 servus
2425 524 2584 597 quiin

535 624 822 681 servitute
865 626 988 692 est,
1049 624 1136 678 ita
1176 622 1506 680 seeundum
1554 639 1925 681 communem
1980 625 2264 681 notionem
2314 622 2379 679 de
2413 639 2578 697 servo;

537 722 645 781 sed
683 720 842 797 quod
877 723 955 778 sit
989 724 1319 780 inserviens
1359 730 1419 778 et
1448 722 1711 781 efficiens
1752 727 1852 799 qui
1887 723 2252 799 intelligitur,
2296 722 2496 798 patebit
2524 741 2578 780 ex

535 824 686 881 locis
753 824 810 879 in
856 821 1090 895 Verbo,
1145 841 1298 897 quae
1346 841 1484 881 mox
1529 824 1938 883 adducentur:
2020 841 2148 881 cum
2188 839 2380 880 servus
2412 825 2459 879 in
2496 823 2582 880 hoc

539 940 718 982 sensu
758 924 816 980 in
854 922 1056 982 Verbo
1095 923 1336 996 dicitur,
1392 931 1532 982 tunc
1576 925 1751 982 homo
1809 925 2126 998 naturalis,
2188 928 2283 999 qui
2328 941 2420 999 per
2450 922 2576 981 illum

536 1023 912 1099 intelligitur,
967 1041 1083 1080 non
1120 1023 1293 1081 aliter
1338 1032 1427 1082 est
1469 1042 1682 1084 servus
1723 1043 1903 1100 quam
1932 1027 2088 1083 sicut
2127 1042 2329 1099 corpus
2363 1031 2436 1081 est
2464 1040 2570 1080 ser-

536 1141 649 1182 vus
701 1140 845 1181 suae
903 1126 1162 1197 anima03
1220 1131 1279 1182 et
1317 1128 1456 1200 quia
1498 1127 1832 1183 inserviens
1888 1143 1958 1183 ac
2010 1125 2263 1183 efficiens
2299 1124 2574 1199 intelligit-ur

534 1242 645 1301 per
681 1241 937 1292 servum,
998 1225 1129 1281 ideo
1172 1227 1344 1283 etiam
1377 1243 1588 1284 servus
1638 1226 1850 1284 dicitur
1891 1244 2008 1284 non
2057 1226 2243 1283 selum
2280 1226 2343 1282 de
2376 1222 2576 1281 naturali

535 1325 771 1383 homine
827 1328 1164 1402 respective
1220 1327 1295 1383 ad
1346 1327 1745 1402 spiritualem,
1810 1326 1923 1384 sed
1967 1329 2140 1386 etiam
2198 1327 2265 1383 de
2308 1323 2575 1383 hominibus

535 1427 637 1500 qui
677 1424 810 1482 aliis
856 1443 1099 1501 operam
1137 1435 1483 1501 praestant,
1525 1427 1717 1502 deque
1753 1420 2004 1502 Angelis
2044 1432 2143 1504 qui
2184 1428 2420 1484 efficiunt.
2448 1441 2576 1480 man-

537 1526 677 1583 data
718 1526 865 1597 Dei,
933 1530 1046 1583 imo
1097 1526 1170 1582 de
1220 1527 1364 1602 Ipso
1423 1529 1680 1586 Domino
1731 1530 1932 1603 quoad
1980 1530 2258 1586 Divinum
2303 1527 2579 1584 Humanum

533 1626 733 1702 Ipsius
763 1644 894 1684 cum
924 1627 1035 1684 suit
1066 1629 1123 1683 in
1153 1627 1408 1702 Mund03
1447 1635 1513 1694 ,et
1539 1646 1775 1704 quoque
1818 1629 2037 1688 dieitur
2073 1630 2144 1687 de
2175 1631 2323 1685 veris
2359 1645 2420 1684 ex
2446 1626 2575 1692 bono,

533 1728 677 1802 quia
721 1726 939 1784 bonum
989 1744 1097 1801 per
1144 1746 1287 1785 vcra
1324 1731 1447 1804 agit
1485 1736 1543 1786 et
1582 1729 1792 1798 efficit,
1852 1748 1928 1789 ac
1982 1734 2123 1805 quia
2160 1748 2297 1790 vera
2330 1731 2579 1803 praestant

531 1843 775 1901 operam
812 1826 967 1884 bono
1004 1826 1162 1906 quod
1203 1830 1330 1887 vult
1380 1835 1441 1885 et
1495 1829 1654 1904 quod
1702 1836 1890 1904 amat,
1953 1839 2012 1888 et
2059 1834 2145 1890 sic
2195 1847 2393 1906 porro:
2440 1841 2575 1902 prae-

530 1934 699 1985 terea
734 1944 945 1986 servus
984 1927 1195 1985 dicitur
1242 1928 1314 1985 de
1372 1929 1631 1987 naturali
1686 1931 1927 1989 homine
1968 1950 2040 1991 ex
2078 1932 2396 1991 obedientia
2440 1935 2487 1983 et
2514 1925 2577 1982 ei-

529 2028 724 2101 fectu,
784 2031 1022 2086 tametsi
1066 2026 1242 2087 homo
1292 2030 1581 2088 naturalis
1623 2032 1784 2107 apud
1835 2040 2255 2110 regeneratum
2308 2044 2473 2104 aeque
2513 2030 2577 2083 est

529 2127 681 2186 liber
719 2136 779 2186 et
817 2130 1174 2205 spirituali3‚
1234 2133 1511 2205 quoniam
1549 2150 1732 2189 unum
1781 2142 1968 2209 agunt
2014 2137 2170 2193 sicut
2219 2129 2510 2210 principale
2539 2133 2579 2180 et

531 2230 1014 2301 instrumentale,
1073 2231 1181 2288 scd
1228 2248 1418 2306 usque
1460 2233 1747 2290 naturalis
1785 2234 1967 2294 horno
2017 2235 2340 2310 respective
2385 2228 2449 2286 ad
2487 2227 2580 2302 spi-

530 2330 804 2388 ritualem
851 2339 1099 2387 vocatur
1148 2348 1388 2405 servus,
1468 2350 1539 2389 ex
1597 2350 1810 2409 caiisa,
1884 2353 2042 2410 quae
2094 2336 2248 2395 dicta
2297 2339 2406 2403 est,
2465 2323 2582 2405 quod

529 2430 817 2490 naturalis
871 2433 1161 2489 inserviat
1213 2433 1510 2508 spirituaii
1561 2435 1908 2510 efficiendo3
1982 2444 2043 2494 at
2088 2456 2231 2498 vero
2281 2433 2423 2510 apud
2468 2429 2581 2498 illos,

529 2532 691 2607 apud
728 2549 877 2607 quos
919 2534 1247 2608 spiritualis
1287 2534 1461 2591 homo
1511 2535 1786 2594 occlusus
1840 2545 1967 2611 est,
2030 2547 2090 2596 et
2130 2539 2298 2597 modo
2342 2529 2579 2591 naturalis

525 2633 702 2691 homo
743 2640 1008 2710 apertus,
1042 2642 1135 2691 est
1161 2641 1317 2692 totus
1354 2634 1530 2693 homo
1569 2653 1779 2694 servus
1812 2638 1870 2693 in
1908 2643 2210 2697 communi
2246 2652 2427 2707 sensu,
2460 2640 2580 2690 tam·

528 2735 644 2791 etsi
680 2735 877 2810 quoad
915 2737 1328 2811 apparentiam
1362 2742 1457 2792 est
1493 2738 1646 2793 sicut
1680 2736 1863 2806 liber,
1910 2741 2164 2799 inservit.
2198 2741 2344 2798 enim
2379 2732 2580 2793 exterior
2651 2722 2652 2735 ¹

525 2834 815 2892 naturalis
849 2835 1025 2893 homo
1074 2836 1243 2893 malis
1297 2843 1354 2893 et
1403 2835 1570 2894 falsis
1628 2855 1780 2911 quae
1833 2841 2078 2899 interior
2126 2840 2252 2898 vult
2300 2843 2356 2897 et
2394 2834 2580 2910 cogitat,
2651 2882 2652 2885 η

524 2932 609 2988 sie
649 2934 801 2989 enim
841 2933 1077 2991 ducitur
1118 2936 1193 2992 ab
1238 2938 1499 3009 inferno,
1570 2943 1630 2996 et
1672 2937 1809 2996 duci
1861 2940 1934 2997 ab
1989 2943 2221 3000 inferno
2270 2945 2358 2997 est
2387 2942 2575 3012 prorsus

522 3047 792 3101 servum,
852 3016 910 3089 et
940 3050 1175 3108 quoque
1216 3036 1349 3093 talis
1385 3036 1561 3094 homo
1598 3037 1660 3096 fit
1698 3018 1944 3114 prorsus
1984 3058 2202 3101 servus
2233 3047 2292 3100 et
2314 3037 2423 3095 vile
2455 3046 2574 3092 man·

524 3133 741 3206 cipium
777 3134 837 3189 in
886 3132 1116 3192 inferno
1164 3144 1301 3210 post
1353 3145 1602 3195 mortem
1618 3158 1634 3213 3
1698 3148 1834 3214 post
1874 3150 2123 3201 mortem
2174 3144 2324 3201 enim
2365 3128 2572 3215 jucunda

518 3233 678 3290 vitae
717 3233 983 3309 cuiusvis
1024 3242 1334 3293 vertuntur
1377 3239 1440 3294 in
1481 3240 2036 3317 correspondentia,
2105 3251 2164 3301 et
2192 3239 2445 3319 jucunda
2475 3227 2572 3290 maii

319 3343 481 3406 [648]
521 3337 581 3393 in
616 3336 862 3393 servitia
898 3341 958 3392 et
1003 3336 1063 3392 in
1107 3342 1289 3411 tetra,
1355 3338 1632 3396 videatur
1674 3342 1731 3398 in
1788 3340 1987 3417 Opere
2034 3343 2108 3401 de
2162 3342 2360 3401 Coeno
2404 3356 2470 3396 m·
2497 3331 2569 3389 IN·

517 3451 723 3496 rssnNo
758 3454 826 3494 n:
875 3437 1012 3495 485
1056 3437 1133 3495 ad
1171 3439 1343 3511 4903
1383 3440 1442 3496 in
1480 3439 1592 3498 hoc
1631 3456 1812 3499 sensu
1842 3445 2020 3500 etiam
2058 3443 2392 3501 nominatur
2415 3442 2570 3495 servus

516 3540 579 3597 in
627 3536 860 3595 Verbo:
928 3537 1036 3595 sed
1080 3538 1176 3596 hie
1224 3541 1549 3614 praecipue
1605 3543 1981 3615 ostendetur,
2041 3544 2203 3619 quod
2245 3559 2350 3618 per
2387 3544 2569 3596 servum

516 3638 600 3697 ibi
634 3637 1000 3714 intelligatur
1035 3641 1361 3698 inserviens
1393 3645 1451 3697 et
1480 3639 1766 3716 efficienS,
1808 3649 1868 3701 et
1901 3644 2103 3703 hocin
2137 3644 2295 3703 omni
2329 3638 2569 3713 respectu.

520 3738 696 3814 Quod
750 3756 860 3814 per
913 3755 1150 3798 servum
1200 3739 1566 3816 intelligatur
1610 3744 1943 3801 inserviens
2000 3752 2058 3803 et
2113 3743 2403 3813 efficiens,
2451 3732 2573 3811 patet

518 3839 828 3897 manifeste
892 3857 962 3896 ex
1021 3858 1123 3911 eo,
1183 3840 1342 3914 quod
1385 3841 1678 3901 Dominus
1720 3844 1917 3918 quoad
1959 3845 2241 3903 Divinum
2289 3842 2572 3899 Humanum

515 3955 693 3998 suum
734 3938 965 3996 dicatur
995 3938 1219 3997 Servus
1259 3946 1318 3997 et
1352 3940 1651 4015 Minister,
1694 3950 1759 4000 ut
1794 3945 1853 4001 in
1889 3944 2279 4020 sequentibus
2317 3942 2402 3998 his
2435 3933 2570 3998 locis;

514 4039 675 4116 apud
703 4039 945 4115 EsaJam
986 4036 1197 4112 „Ecce
1230 4036 1465 4100 Servus
1488 4061 1664 4101 meu-s·
1691 4042 1760 4102 in
1784 4063 1963 4121 quem
1991 4044 2273 4106 incumbo
2291 4086 2309 4111 ‚
2356 4033 2573 4097 Electus

512 4156 688 4194 meus
714 4135 1163 4215 beneplacitum
1188 4136 1366 4197 habet
1401 4141 1622 4201 anima
1665 4162 1831 4218 mea,
1881 4145 2031 4206 dedi
2065 4142 2380 4223 Spiritum
2412 4143 2571 4195 meum

511 4248 699 4306 super
726 4231 929 4293 Illum
959 4235 1000 4309 [‚
1023 4235 1353 4315 judicium
1379 4241 1674 4318 yentz'bus
1696 4236 2005 4334 proferet]
2025 4267 2042 4306 .·
2077 4243 2222 4323 quis
2248 4255 2451 4301 caecus
2475 4221 2572 4292 nisi
