2791 4778
402 387 639 443 CAPUT
691 386 1007 455 SEXTUM.
1791 387 1975 443 VERS
1993 409 2006 443 :
2051 399 2102 451 9.
2261 401 2375 454 355*

239 553 300 609 in
327 551 544 627 speeie
563 550 925 625 agnitionem
954 546 1158 606 Divini
1180 546 1423 607 Domini
1446 548 1507 606 in
1531 545 1809 607 Humano
1832 547 2054 626 Ipsius,
2084 557 2362 613 constare

240 656 455 729 potest
493 666 568 708 ex
605 666 712 720 eo,
766 647 926 724 quod
959 647 1088 707 Lex
1124 664 1277 723 quae
1314 646 1441 706 lata
1476 647 1587 730 fuit
1618 650 1680 706 in
1714 648 2131 725 monte·Sinai,
2174 658 2234 709 et
2272 653 2371 711 in-

237 754 480 827 scripta
512 748 746 808 duabus
779 747 1059 822 Tabulis,
1100 753 1160 806 et
1185 747 1321 806 dein
1356 749 1558 832 posita
1583 750 1643 807 in
1671 749 1861 819 Area,
1900 749 2133 809 dicatur
2160 751 2364 812 Testi-

237 853 542 924 monium,
609 849 768 908 unde
824 850 1006 908 etiam
1054 848 1217 907 Arca
1264 849 1592 909 vocabatur
1642 841 1801 909 Arca
1858 850 2238 927 Testimonii,
2308 859 2371 912 et

239 968 496 1030 quoque
535 949 809 1009 Tabulae
844 949 1217 1008 vocabantur
1263 948 1506 1007 tabulae
1546 950 1927 1009 Testimonii:
1987 959 2047 1010 et
2082 954 2223 1029 quia
2256 952 2370 1012 hoc

240 1052 701 1112 sanctissimum
745 1054 899 1120 erat,
952 1049 1090 1107 ideo
1125 1049 1609 1124 Propitiatorium
1651 1050 1851 1108 datum
1887 1051 2000 1110 fuit
2034 1068 2223 1130 super
2246 1053 2366 1111 Ar-

238 1170 411 1223 cam,
470 1157 531 1209 et
565 1168 750 1228 super
785 1149 1207 1225 Propitiatorio
1244 1149 1467 1225 sculpti
1507 1157 1676 1209 erant
1712 1150 1828 1208 duo
1868 1150 2159 1224 Cherubi,
2211 1156 2367 1213 inter

240 1269 408 1331 quos
450 1251 773 1320 Jehovah,
840 1249 953 1308 hoc
1016 1254 1136 1324 est,
1201 1248 1494 1307 Dominus
1546 1251 1834 1325 loquutus
1872 1256 1977 1314 ,est
2015 1268 2147 1311 cum
2196 1252 2365 1313 Mose

243 1360 309 1413 et
367 1369 508 1411 cum
574 1351 852 1409 Aharone
868 1369 883 1424 3
946 1348 1082 1407 inde
1135 1356 1333 1425 patet,
1388 1351 1548 1425 quod
1599 1351 2025 1411 Testimonium
2081 1353 2374 1429 significet

238 1455 464 1531 Ipsum
515 1451 869 1525 Dominum3
925 1450 1188 1526 alioquin
1235 1450 1719 1526 Propitiatorium
1765 1469 1881 1509 non
1918 1454 2177 1528 positum
2214 1454 2365 1513 suis-

241 1560 350 1615 set
403 1568 591 1628 super
639 1551 882 1625 Aream,
939 1566 1049 1609 nec
1097 1549 1381 1626 loquutus
1425 1551 1643 1614 fuisset
1688 1551 1981 1611 Dominus
2022 1570 2158 1612 eum
2200 1554 2371 1614 Mose

240 1661 308 1714 et
365 1652 658 1712 Aharone
721 1653 876 1709 inter
927 1649 1238 1710 Cherubos
1301 1652 1403 1726 qui
1461 1668 1645 1728 super
1694 1651 2152 1729 Propitiatorio:
2233 1671 2371 1714 eum

241 1757 436 1814 etiam
475 1751 721 1810 Aharon
757 1753 1006 1810 intraret
1050 1753 1208 1809 intra
1243 1750 1473 1825 velum,
1530 1751 1687 1828 quod
1736 1752 1919 1812 fiebat
1964 1753 2154 1814 semel
2190 1759 2369 1831 quot-

240 1856 464 1927 anniS,
536 1854 790 1929 primum
848 1850 1364 1925 sanctificabatur,
1433 1859 1493 1911 et
1537 1852 1677 1913 dein
1732 1853 2012 1913 suffiebat
2059 1872 2255 1932 usque
2307 1861 2376 1915 ut

240 1957 460 2017 fumus
499 1951 821 2011 suffimenti
857 1949 1166 2027 obtegeret
1191 1952 1706 2028 Propitiatorium,
1763 1954 1923 2029 quod
1957 1955 2071 2013 nisi
2108 1956 2372 2032 fecisset,

237 2056 473 2115 dicitur
511 2052 669 2129 quod
706 2053 1023 2135 moriturus
1062 2057 1255 2111 esset:
1310 2070 1383 2110 ex
1422 2052 1514 2110 his
1551 2053 1865 2112 manifeste
1903 2060 2169 2129 constat,
2213 2054 2373 2131 quod

240 2154 729 2221 Testimonium,
766 2152 927 2227 quod
960 2154 1020 2209 in
1046 2145 1230 2225 Arca,
1270 2151 1432 2228 quod
1470 2158 1597 2210 erat
1622 2152 1763 2218 ,Lex
1796 2151 1921 2211 lata
1949 2170 2134 2230 super
2169 2155 2374 2215 Monte

241 2257 459 2326 Sinai,
531 2260 593 2312 et
643 2254 933 2328 inscripta
993 2253 1226 2311 duabus
1284 2251 1533 2311 Tabulis
1594 2252 1880 2327 lapideis,
1947 2252 2378 2328 significaverit

237 2357 470 2435 Ipsum
509 2353 863 2414 Dominum:
920 2353 1080 2430 quod
1114 2353 1238 2412 Lex
1290 2352 1394 2411 illa
1448 2353 1682 2412 dicatur
1731 2351 2192 2425 Testimonium,
2229 2370 2375 2414 con·-

247 2463 393 2516 stat
437 2453 591 2530 apud
627 2455 837 2513 Mosen
877 2447 1141 2529 „Dabis
1177 2453 1244 2512 in
1260 2452 1502 2513 Aream
1547 2451 2027 2524 Testimonium,
2055 2453 2225 2532 quod
2251 2453 2374 2514 da-

248 2562 462 2617 turus
496 2572 631 2614 aum
668 2552 834 2614 tibi“
864 2554 1059 2612 Exod:
1097 2553 1311 2612 XXV:
1359 2557 1386 2611 1
1410 2557 1477 2612 6:
1520 2553 1780 2629 „Dedit
1821 2552 2282 2614 Testimonium
2305 2554 2382 2616 ‘in

261 2657 567 2719 Arcam“
595 2653 783 2713 Exod:
812 2655 945 2714 XL:
978 2657 1091 2713 20:
1132 2651 1721 2732 „Propitiatorium
1749 2653 1916 2733 quod
1943 2672 2134 2732 super
2166 2653 2378 2716 Testi-

244 2755 525 2819 monio“
564 2755 755 2814 Levit:
784 2755 956 2814 XVI:
1004 2757 1109 2814 13:
1154 2751 1514 2833 „Relinque
1539 2751 1792 2815 baculos
1822 2753 2132 2816 Tribuum
2166 2773 2382 2816 coram

255 2854 713 2920 Testimonio“
762 2855 951 2919 Num:
990 2854 1203 2914 XVII:
1255 2857 1373 2915 19:
1433 2855 1591 2932 quod
1630 2855 1902 2916 Tabulae
1942 2860 2002 2914 et
2038 2858 2200 2916 Arca
2236 2857 2378 2917 inde

249 2959 461 3018 dictae
511 2956 729 3014 fuerint
768 2955 1038 3014 Tabulae
1089 2962 1148 3013 et
1196 2956 1359 3014 Arca
1409 2955 1858 3030 „Testimonii“
1916 2957 2114 3017 Exod:
2154 2957 2372 3023 HV:

259 3062 382 3118 22.
426 3054 577 3132 Cap:
614 3055 853 3116 XXXI:
901 3061 958 3114 7.
998 3059 1108 3115 18.
1138 3055 1295 3132 Cap:
1334 3055 1606 3116 XXXII:
1653 3059 1760 3117 15.
1819 3056 1995 3133 Quod
2011 3059 2381 3136 Propitiato-

252 3161 414 3219 rium
460 3159 724 3233 positum
759 3156 939 3214 fuerit
973 3173 1158 3232 super
1193 3155 1338 3214 illud
1360 3202 1375 3231 ,
1435 3163 1495 3215 et
1529 3173 1713 3233 super
1754 3158 2175 3235 Propitiatorio
2213 3158 2379 3218 scul-

256 3261 351 3338 pti
385 3257 516 3323 bini
558 3256 835 3329 Cherubi,
879 3256 1078 3315 Exod:
1115 3255 1333 3315 XXV:
1380 3259 1463 3315 17
1499 3256 1576 3314 ad
1608 3259 1718 3317 23.
1772 3258 1934 3335 Cap:
1973 3259 2220 3333 XXVI:
2266 3260 2377 3318 34.

259 3357 445 3436 Quod
479 3357 771 3415 Dominus
818 3355 1100 3433 loquutus
1138 3358 1215 3414 sit
1260 3373 1393 3417 cum
1430 3356 1600 3416 Mose
1643 3365 1702 3416 et
1741 3375 1871 3417 cum
1912 3359 2193 3418 Aharone
2231 3361 2386 3418 inter

258 3459 421 3518 duos
460 3455 791 3531 CherubOS,
827 3456 1027 3516 Exod:
1065 3455 1278 3516 XXV:
1329 3459 1434 3516 16.
1475 3461 1586 3516 21.
1632 3461 1742 3515 22.
1782 3459 1970 3516 Num:
2008 3457 2223 3516 XVII:
2274 3459 2379 3533 193

262 3566 328 3619 et
365 3557 530 3617 alibi.
612 3556 790 3633 Quod
823 3557 1263 3616 sanctificarent
1310 3573 1377 3616 se
1417 3563 1737 3634 antequam
1770 3556 1912 3616 illuc
1946 3559 2236 3615 intrarent
2249 3575 2265 3630 3
2323 3562 2384 3615 et

260 3658 429 3737 quod
461 3658 660 3716 fumus
699 3657 1020 3717 suffimenti
1056 3663 1287 3734 tegeret
1321 3658 1834 3734 Propitiatorium,
1880 3674 1955 3716 ne
1995 3661 2384 3726 morerentur,

257 3759 475 3820 Levit:
517 3757 688 3818 XVI.
772 3757 949 3834 Quod
985 3758 1416 3818 Testimonium
1453 3756 1748 3835 significet
1791 3758 2144 3832 Dominum,
2203 3757 2385 3815 etiam

259 3865 505 3920 constat
541 3877 617 3917 ex
657 3875 765 3927 eo,
820 3859 980 3934 quod
1014 3858 1077 3917 id
1112 3859 1272 3934 quod
1305 3875 1491 3936 super
1526 3859 1690 3917 Arca
1726 3864 1883 3934 erat,
1936 3863 2212 3916 vocatum
2249 3856 2385 3917 fue-

257 3963 337 4020 rit
371 3959 888 4035 Propitiatorium,
954 3965 1017 4018 et
1057 3958 1349 4018 Dominus
1400 3964 1493 4018 est
1541 3960 1932 4036 Propitiator:
1988 3959 2150 4017 Area
2204 3959 2384 4016 etiam

257 4078 336 4120 ex
377 4059 748 4119 Testimonio
795 4061 855 4118 in
889 4059 990 4118 illo
1028 4067 1158 4118 erat
1198 4065 1469 4119 sanctum
1511 4066 1853 4120 sanctorum
1890 4067 2014 4119 tam
2053 4061 2114 4118 in
2152 4058 2382 4119 Tento-

255 4163 348 4220 rio
399 4177 580 4237 quam
627 4162 689 4217 in
739 4159 1026 4236 Temple,
1092 4166 1151 4218 et
1203 4159 1341 4218 inde
1400 4159 1752 4221 Tentorium
1801 4167 1932 4220 erat
1985 4159 2273 4220 Sanctum
2327 4165 2391 4220 et

258 4278 503 4338 quoque
542 4259 890 4337 Templum3
932 4259 1279 4318 Tentorium
1309 4261 1808 4336 repraesentabat
1839 4260 2102 4336 Coelum,
2147 4267 2206 4319 et
2235 4276 2386 4336 quo-

1805 4363 1839 4416 2
1858 4363 1892 4418 3
1930 4355 1968 4393 ἡ*
