2791 4778
478 291 551 343 90
882 277 1376 334 APOCALYPSIS
1419 275 1853 331 EXPLICATA.
1937 274 1984 343 §.
2030 284 2155 335 325.

474 439 626 499 fides
664 440 843 497 etiam
881 445 974 497 est
1011 457 1047 497 a
1076 438 1351 506 Domine,
1388 435 1525 495 ideo
1550 435 1780 508 dicitur,
1819 432 2046 492 credite
2084 431 2241 509 quod
2272 438 2633 510 accepturi;

476 546 537 598 ct
574 538 714 615 quia
750 554 963 614 preces
1002 555 1077 597 ex
1103 540 1229 596 vita
1263 536 1573 598 charitatis
1607 533 1971 611 procedunt,
2011 539 2076 592 et·
2107 539 2247 592 sunt
2270 534 2634 594 secundum

474 639 668 712 illam,
722 637 857 697 ideo
896 644 959 695 ut
994 636 1101 697 fiat
1131 636 1460 698 secundum
1496 651 1742 712 preces,
1800 634 1978 694 etiam
2016 632 2251 705 dicitur,
2306 650 2454 691 cum
2493 643 2636 695 ste..

476 740 669 798 teritis
686 744 936 820 orantes
966 740 1248 798 remittite
1274 740 1328 797 si
1354 736 1494 814 quid
1524 735 1759 795 habetis
1787 742 1995 794 contra
2022 750 2391 810 quenquam.
2435 734 2638 811 Quod

475 857 588 917 per
635 855 770 899 cum
826 840 1113 897 steteritis
1164 846 1405 897 orantes
1441 835 1810 913 significetur
1861 843 1994 893 cum
2048 838 2107 893 in
2165 833 2330 893 cultu
2379 834 2632 894 Divino

386 995 413 1020 .
478 945 648 1012 sunt,
684 945 851 1017 patet
889 941 1066 997 etiam
1105 956 1178 997 ex
1207 955 1279 998 eo
1308 938 1469 1015 quod
1505 935 1702 995 simile
1747 935 1907 1012 quod
1941 935 2022 993 ibi
2058 934 2272 993 dicitur
2308 934 2383 993 de
2427 953 2627 994 oran-

475 1040 655 1113 tibus,
695 1043 876 1101 etiam
912 1039 1144 1098 dicatur
1179 1038 1254 1097 de
1283 1037 1665 1097 offerentibus
1704 1052 1918 1094 munus
1955 1052 2138 1112 super
2176 1034 2407 1104 Altari,
2450 1036 2628 1112 apud
2749 1115 2751 1126 Ι

473 1141 842 1200 Matthaeum
882 1136 1010 1215 „Si
1036 1134 1336 1199 obtuleris
1367 1157 1599 1199 munus
1638 1155 1828 1216 super
1853 1132 2086 1209 altare,
2129 1142 2190 1196 et
2228 1134 2624 1196 recordatus

474 1238 643 1318 quod
666 1241 888 1320 frater
925 1245 1077 1299 tuae
1118 1239 1344 1300 habeat
1380 1235 1638 1318 aliquid
1673 1242 1890 1297 contra
1918 1242 2000 1311 te,
2049 1232 2329 1313 relinque
2371 1254 2626 1296 munus
2748 1161 2751 1342 A

476 1357 688 1400 coram
715 1338 941 1399 Altarz’
954 1382 971 1413 ,
1027 1345 1087 1400 et
1118 1340 1315 1419 prius
1349 1334 1755 1400 reconciliare
1785 1336 2026 1415 fratri,
2067 1343 2127 1398 et
2171 1341 2320 1396 tunc
2354 1335 2622 1396 veniens

477 1438 631 1519 offer
668 1457 902 1498 munus
927 1441 962 1472 “
1018 1439 1093 1497 V:
1144 1442 1252 1500 23.
1308 1443 1432 1515 243
1489 1457 1599 1515 per
1634 1455 1847 1497 munus
1899 1437 2110 1497 offerre
2161 1453 2351 1512 super
2386 1437 2618 1506 Altari,

480 1538 851 1616 significatur
887 1541 1076 1597 omnis
1116 1540 1328 1599 Cultus
1365 1539 1652 1612 DivinuS,
1712 1555 1783 1596 ex
1823 1555 2011 1598 causa
2058 1540 2198 1613 quia
2233 1536 2451 1595 Cultus
2492 1538 2613 1596 Di·

480 1643 655 1697 vinus
695 1637 856 1715 apud
894 1638 1057 1697 illam
1091 1648 1325 1715 gentem
1366 1639 1776 1717 principaliter
1823 1638 2134 1697 constabat
2182 1638 2243 1693 in
2280 1635 2613 1696 offerendis
2652 1701 2658 1706 ,

480 1739 846 1797 holocaustis
887 1746 946 1797 ct
982 1740 1316 1814 sacrificiis,
1374 1759 1484 1817 per
1519 1758 1673 1818 quae
1708 1738 1842 1797 ideo
1881 1737 2368 1816 significabantur
2404 1740 2613 1797 omnia

478 1838 707 1913 cultuS,
782 1839 1055 1898 videatur
1116 1840 1444 1899 DocrnmA
1483 1842 1701 1901 Novam
1737 1839 2226 1899 Hmnosomfflae
2289 1855 2363 1895 n:
2437 1842 2607 1897 214.

485 1943 617 1999 221
649 1960 665 2016 3
721 1938 858 1998 inde
896 1947 1170 1998 constare
1206 1949 1436 2016 potest,
1481 1941 1639 2019 quod
1676 1939 1867 1999 simile
1900 1940 2269 2015 significetur
2312 1956 2424 2015 per
2461 1956 2610 2016 pre-

476 2043 600 2100 cari
636 2056 744 2099 seu
783 2058 985 2109 orare,
1043 2041 1199 2117 quod
1234 2059 1347 2118 per
1383 2041 1594 2100 offerre
1633 2057 1848 2099 munus
1887 2057 2072 2117 super
2108 2036 2335 2113 Altari,
2379 2057 2604 2116 nempe

475 2140 672 2202 cultus
731 2159 803 2199 ex
839 2141 994 2199 bono
1032 2144 1253 2201 amoris
1306 2148 1365 2199 ct
1402 2142 1725 2200 charitatis.
1800 2140 1981 2217 Apud
2016 2139 2284 2197 Eundem
2340 2186 2376 2215 ,‚
2402 2136 2605 2200 Jews

474 2240 679 2318 dimit,
747 2239 1057 2321 scriptum
1115 2249 1233 2315 est,
1316 2240 1576 2302 Domus
1627 2258 1766 2300 mea
1830 2238 2092 2301 Domus
2160 2240 2603 2319 precationum

472 2342 811 2419 vocabitur,
877 2361 987 2403 voe
1043 2361 1182 2404 vero
1235 2339 1421 2404 illam
1463 2341 1724 2423 fecistis
1784 2337 2147 2421 speluncam
2222 2338 2534 2402 latronum
2556 2344 2601 2373 “

472 2445 660 2504 XXI:
708 2447 814 2504 13.
870 2444 1069 2503 Marc:
1110 2443 1230 2503 XI:
1279 2448 1386 2503 17.
1445 2445 1603 2504 Luc:
1643 2441 1817 2503 XIX:
1862 2445 1995 2518 463
2037 2460 2151 2519 per
2177 2443 2427 2501 Domum
2451 2440 2597 2500 Do-

474 2547 614 2602 mini
648 2544 1013 2619 significatur
1047 2546 1345 2618 Ecclesia,
1406 2553 1464 2605 ct
1516 2563 1624 2622 per
1670 2545 2048 2621 precationes
2088 2541 2300 2601 Cultus
2356 2543 2478 2619 ibi3
2533 2550 2595 2602 et

472 2660 584 2720 per
619 2642 965 2719 speluncam
1001 2634 1293 2704 latromim
1331 2647 1727 2724 prophanatio
1770 2643 2072 2702 Ecclesiae
2127 2651 2188 2703 et
2232 2644 2464 2720 cultus;
2521 2661 2596 2704 ex

473 2744 588 2801 hoc
626 2744 900 2818 opposito
938 2747 1116 2804 etiam
1153 2754 1348 2821 patet,
1390 2747 1551 2822 quod
1585 2748 1965 2822 precationes
2002 2744 2340 2820 significent
2367 2745 2595 2805 cultum

479 2860 552 2902 ex
588 2843 743 2901 bono
781 2846 997 2903 amoris
1036 2854 1096 2904 ct
1131 2846 1457 2906 charitatis,
1513 2846 1693 2921 Apud
1730 2845 2021 2904 Davidem
2059 2843 2221 2918 „Ad
2243 2843 2469 2907 Deum
2496 2863 2595 2906 ore

473 2961 608 3002 meo
649 2939 955 3021 clamavi,
998 2946 1403 3026 iniquitatem
1443 2945 1506 3005 εἰ
1543 2951 1923 3024 spectassem
1970 2945 2040 3005 in
2065 2944 2251 3007 corde
2273 2963 2430 3020 mee,
2474 2964 2595 3006 non

473 3042 695 3106 audiet
729 3043 1097 3120 Dominus,
1155 3051 1345 3124 atque
1387 3043 1643 3107 audivit
1674 3045 1895 3120 Deus,
1950 3043 2226 3107 attendit
2265 3045 2353 3105 ad
2393 3064 2595 3108 vocem

347 3140 359 3150 '
462 3162 723 3222 precum
777 3164 1064 3208 mearum
1091 3148 1128 3178 “
1201 3143 1435 3205 Psalm:
1474 3146 1710 3207 LXVI:
1772 3150 1878 3206 17.
1922 3149 2029 3206 18.
2078 3148 2159 3205 19
2180 3168 2196 3222 3
2254 3149 2395 3223 quia
2444 3147 2592 3206 tales

474 3256 612 3302 sunt
649 3263 894 3321 prcceS,
952 3245 1129 3321 quale
1166 3252 1261 3304 est
1297 3261 1401 3303 cor
1434 3245 1690 3306 hominis
1704 3291 1720 3321 ‚
1779 3253 1840 3306 et
1872 3247 2011 3307 ideo
2046 3265 2166 3305 non
2201 3254 2342 3306 sunt
2375 3263 2589 3324 preces

476 3363 630 3422 quae
668 3346 921 3422 alicujus
961 3344 1159 3404 cultus
1198 3348 1249 3404 si
1287 3361 1389 3405 cor
1425 3347 1644 3405 malum
1684 3354 1809 3422 est,
1849 3347 1983 3407 ideo
2021 3347 2253 3423 dicitur,
2309 3348 2586 3424 iniquita-

476 3451 593 3504 tem
633 3449 686 3505 si
721 3451 1096 3523 spectassem
1149 3447 1206 3504 in
1257 3447 1436 3506 corde
1473 3464 1607 3508 meo
1621 3492 1637 3522 ‚
1693 3466 1810 3506 non
1846 3447 2082 3508 audiret
2116 3448 2437 3521 Dominus,
2484 3464 2589 3525 per

473 3545 633 3622 quod
668 3544 1037 3622 significatur
1071 3562 1186 3603 non
1224 3549 1521 3622 reciperet
1558 3547 1814 3625 cultum3
1864 3565 1967 3619 cor
2000 3547 2259 3607 hominis
2298 3554 2391 3607 est
2428 3565 2587 3609 amor

475 3645 639 3720 eine,
707 3651 767 3702 et
803 3659 968 3700 amor
1011 3644 1265 3706 hominis
1330 3654 1425 3707 est
1477 3650 1615 3725 ipsa
1659 3650 1786 3707 vita
1834 3649 1996 3727 ejus,
2065 3648 2203 3707 inde
2253 3648 2405 3708 tales
2452 3654 2587 3708 sunt

471 3759 688 3820 preces
724 3743 1007 3818 hominis,
1049 3746 1241 3822 qualis
1272 3754 1364 3806 est
1394 3750 1525 3827 eJus
1556 3766 1739 3824 amor,
1777 3766 1887 3808 seu
1920 3748 2115 3826 qualis
2153 3757 2248 3808 est
2277 3750 2408 3827 ejus
2439 3752 2581 3824 vita3

473 3841 610 3901 inde
647 3845 948 3920 sequitur,
1006 3847 1165 3922 quod
1200 3865 1415 3925 preces
1452 3848 1786 3926 significent
1820 3852 2004 3908 vitam
2038 3851 2258 3910 amoris
2295 3858 2354 3910 et
2390 3851 2580 3909 chari·-

272 3944 434 4010 [403]
478 3945 616 4004 tatis
657 3945 820 4022 ejus,
877 3962 985 4004 seu
1022 3947 1179 4024 quod
1212 3948 1364 4011 haec
1402 3953 1525 4010 vita
1559 3968 1671 4027 per
1705 3967 1922 4027 preces
1976 3953 2036 4009 in
2073 3966 2258 4010 sensu
2296 3949 2583 4028 spirituali

472 4044 856 4124 intelligatur.
931 4046 1193 4108 Possunt
1241 4049 1420 4127 plura
1467 4050 1605 4109 loca
1641 4049 1886 4123 adduci,
1940 4050 2050 4111 sed
2086 4053 2228 4128 quia
2262 4052 2440 4111 homo
2469 4068 2581 4110 non

473 4148 618 4218 scit,
652 4148 808 4225 quod
847 4151 966 4207 vita
1003 4149 1132 4227 ejus
1171 4156 1229 4209 et
1255 4167 1469 4226 preces
1506 4168 1686 4209 unum
1714 4151 1952 4227 faciant,
1994 4158 2055 4210 et
2087 4151 2225 4212 inde
2263 4170 2379 4212 non
2415 4151 2578 4212 aliter
