2791 4778
473 363 585 415 390
893 347 1384 405 Arociamrffls
1433 324 1871 406 ExrchTAss
1947 349 1994 416 ς.
2034 357 2158 411 401.

473 512 728 582 abeunt,
780 510 840 567 in
867 508 1252 585 splendorem
1279 507 1508 566 fulmen
1542 506 1787 577 hastae,
1824 507 1944 565 tela
1978 523 2087 566 seu
2122 507 2343 583 fulgura
2372 510 2528 583 signi-

471 612 653 672 ficant
703 626 851 667 vera
896 610 1063 668 fatua
1110 624 1265 685 quae
1312 610 1374 665 in
1427 623 1495 666 se
1543 595 1685 667 sunt
1735 607 1918 677 salsa,
1980 625 2051 667 ac
2099 608 2310 666 fulmen
2359 608 2533 666 hastae

475 709 771 787 significat
819 709 980 767 bona
1031 709 1202 766 fatua
1245 725 1399 783 quae
1447 711 1505 766 in
1548 725 1614 767 se
1657 716 1798 766 sunt
1837 709 1997 767 mala
2034 709 2164 766 falsi
2183 729 2198 782 3
2245 708 2379 766 talia
2411 710 2533 766 enim

278 808 440 873 [602]
479 813 653 889 signa
690 817 986 885 apparent
1021 811 1084 867 in
1116 808 1339 867 Mundo
1376 810 1675 884 spirituali
1704 809 1867 885 apud
1903 810 2042 868 illos
2079 811 2177 883 qui
2208 810 2265 865 in
2300 808 2448 866 falsis
2478 825 2534 865 ex

475 910 780 972 amoribus
825 912 919 970 sui
955 915 1013 968 et
1059 908 1267 967 mundi
1300 916 1471 982 sunt,
1537 910 1773 986 quando
1819 910 2091 968 ultimum
2138 909 2415 968 Judicium
2448 914 2535 981 est,

476 1018 538 1073 et
579 1012 735 1071 tales
771 1011 1134 1088 rejiciuntur.
1220 1008 1514 1085 Quoniam
1570 1010 1734 1088 apud
1784 1028 1917 1069 eum
1954 1009 2312 1086 Prophetam
2347 1009 2537 1075 dicitur,

476 1109 591 1174 Sol
640 1116 700 1170 et
750 1108 948 1170 Luna
995 1114 1303 1170 steterunt
1364 1108 1509 1169 sede
1562 1129 1715 1183 sua,
1782 1109 2182 1185 explicabitur
2227 1112 2381 1167 etiam
2419 1105 2534 1182 quid

477 1212 844 1290 significatur
870 1229 980 1288 per
1007 1210 1169 1293 quod
1195 1188 1298 1268 Sd]
1329 1213 1387 1267 in
1420 1210 1689 1269 Gibeone
1719 1214 2018 1285 quieverit.
2049 1219 2110 1269 et
2136 1209 2302 1268 Luna
2331 1212 2380 1266 in
2406 1206 2533 1264 valle
2646 1267 2647 1278 χ

473 1313 778 1390 Ajalonis‚
817 1312 889 1371 de
929 1329 1046 1387 quo
1082 1313 1167 1369 ita
1193 1310 1355 1386 apud
1390 1311 1649 1370 Josuam
1681 1309 1911 1383 „Tunc
1938 1309 2240 1389 loquutus
2267 1314 2353 1369 est
2375 1306 2540 1367 Josua

470 1410 762 1485 Rhome,
810 1417 870 1471 et
910 1410 1087 1471 discit
1114 1410 1183 1472 in
1211 1407 1414 1470 oculi-9
1446 1407 1741 1479 Israeli-9,
1782 1408 1897 1471 Sol
1931 1411 2004 1469 in
2037 1410 2304 1471 Gibeone
2327 1408 2543 1489 quiesce,

470 1518 533 1572 et
575 1509 770 1571 Luna
813 1511 882 1571 in
934 1508 1099 1570 valle
1133 1508 1402 1592 Ajalom'
1404 1531 1438 1570 8
1450 1531 1479 1583 ;
1531 1518 1592 1572 et
1632 1510 1868 1589 quievit
1907 1508 2027 1572 Sol
2065 1518 2125 1571 et
2169 1509 2354 1570 Luna
2384 1506 2540 1579 stetit,

471 1630 668 1691 usque
706 1609 861 1672 dum
901 1607 1043 1670 ulta
1082 1618 1177 1671 eet
1214 1630 1371 1691 qens
1405 1610 1617 1671 hostes
1654 1630 1850 1682 σηοω
1910 1630 2116 1671 nonne
2153 1610 2264 1670 hoc
2288 1610 2545 1687 emptum
2646 1595 2647 1678 ζ

472 1717 569 1774 est
606 1731 798 1790 super
849 1710 1046 1770 Libro
1084 1711 1274 1771 Rectz‘
1286 1732 1313 1782 ;
1375 1716 1437 1770 et
1484 1711 1664 1773 stetit
1721 1708 1838 1772 Sol
1872 1711 1946 1771 in
1986 1711 2199 1771 medio
2245 1708 2412 1784 coeli,
2463 1727 2546 1767 nec
2646 1701 2647 1744 ῗ

457 1810 805 1894 festinavit
838 1810 1112 1872 occidere
1151 1811 1341 1890 qua-si
1375 1810 1546 1873 diem
1581 1812 1943 1892 ἐπερωτῶ(
1975 1812 2072 1871 X:
2122 1816 2150 1870 1
2170 1816 2228 1870 2.
2273 1814 2384 1884 133
2419 1808 2544 1885 quod

471 1914 705 1972 dicatur
752 1910 855 1971 Sol
893 1914 1134 1972 stetisse
1173 1915 1236 1970 in
1280 1912 1579 1987 Gibeone,
1651 1920 1712 1972 et
1755 1913 1928 1972 Luna
1975 1914 2040 1970 in
2078 1912 2237 1971 valle
2290 1911 2538 1988 Ajalonis‚

472 2012 846 2090 significabat
895 2012 1054 2096 quod
1086 2012 1362 2072 Ecclesia
1395 2030 1648 2089 prorsus
1685 2019 1921 2072 vastata
1955 2014 2139 2072 fuerit
2189 2013 2378 2088 quoad
2408 2026 2546 2069 omne

470 2113 696 2174 bonum
724 2120 784 2172 ct
816 2130 1052 2187 verum,
1089 2113 1472 2189 pugnabatur
1509 2116 1663 2173 enim
1692 2120 1836 2173 tunc
1870 2121 2084 2173 contra
2110 2114 2334 2189 Regem
2367 2112 2547 2171 Hiero-

476 2215 766 2291 solymae,
807 2221 867 2273 et
900 2231 1078 2289 reges
1105 2214 1596 2288 Emorraeorum,
1638 2222 1699 2273 et
1733 2232 1845 2290 per
1868 2213 2104 2290 Regem
2139 2212 2549 2288 Hierosolymae

473 2314 846 2392 significatur
875 2313 1101 2373 Verum
1149 2314 1462 2373 Ecclesiae
1498 2332 1747 2392 prorsus
1795 2322 2097 2373 vastatum
2142 2333 2253 2392 per
2294 2314 2451 2385 salsa,
2499 2315 2548 2367 et

470 2433 583 2494 per
627 2432 802 2493 reges
836 2416 1292 2474 Emorraeorum
1337 2415 1706 2491 significatur
1744 2415 1965 2474 bonum
2018 2417 2327 2476 Ecclesiae
2372 2419 2548 2471 vasta-

468 2525 598 2575 tum
654 2534 766 2594 per
815 2516 1002 2590 mala,
1079 2515 1215 2574 ideo
1268 2515 1357 2573 illi
1410 2515 1610 2592 Reges
1664 2518 1940 2592 percussi
1985 2516 2234 2575 suerunt
2288 2514 2547 2591 lapidibus

472 2617 790 2693 grandinis,
821 2634 932 2693 per
962 2615 1547 2692 quos-significantur
1584 2622 1740 2675 tetra
1773 2616 1930 2675 falsa
1963 2617 2140 2693 mali3
2182 2618 2387 2676 dicitur
2420 2610 2548 2690 quod

473 2716 580 2776 Sol
616 2723 677 2776 et
708 2717 881 2776 Luna
914 2718 1186 2776 steterint
1220 2716 1383 2791 sede,
1424 2734 1639 2793 nempe
1677 2734 1876 2776 coram
1914 2716 2051 2776 filiis
2082 2717 2328 2776 Israelis
2368 2723 2428 2773 ut
2457 2715 2546 2772 ho-

473 2822 598 2874 stes
640 2833 781 2874 suos
826 2817 1119 2892 viderent,
1179 2817 1289 2875 sed
1322 2817 1436 2877 hoc
1473 2823 1566 2874 est
1603 2818 2053 2894 propheticum,
2119 2820 2356 2876 tametsi
2390 2816 2545 2873 histo·

470 2915 597 2974 rice
650 2915 904 2974 relatum
959 2925 1079 2990 est,
1146 2923 1213 2975 ut
1268 2923 1546 2976 constare
1599 2925 1801 2992 potest
1854 2935 1926 2976 ex
1978 2935 2084 2991 eo,
2152 2918 2311 2993 quod
2360 2917 2549 2975 dicatur

469 3032 671 3076 nonne
701 3012 815 3074 hoc
849 3015 1161 3094 scriptum
1193 3022 1288 3077 est
1336 3035 1526 3095 super
1558 3015 1756 3077 Libro
1796 3016 2019 3091 Recti,
2097 3020 2202 3094 qni
2249 3018 2421 3076 Liber
2464 3013 2549 3072 suit

470 3114 894 3191 propheticus,
951 3134 988 3175 a
1037 3135 1154 3193 quo
1209 3116 1313 3175 illa
1361 3117 1679 3194 desumpta
1726 3125 1894 3191 sunt,
1958 3126 2329 3194 quapropter
2375 3135 2439 3176 ex
2468 3112 2547 3172 illo

471 3213 651 3273 Libro
691 3216 869 3274 etiam
914 3216 1151 3290 dicitur,
1207 3235 1403 3295 usque
1442 3215 1598 3277 dum
1633 3214 1773 3277 ulta
1819 3223 1915 3277 est
1953 3215 2126 3278 Gens
2166 3218 2377 3279 hostes
2409 3229 2545 3283 suos,

473 3322 534 3374 et
572 3333 692 3374 non
724 3333 921 3394 usque
955 3315 1109 3377 dum
1132 3313 1274 3397 filii
1309 3313 1589 3377 Israelis
1621 3315 1748 3378 ulta·
1782 3322 1932 3378 sunt
1965 3316 2177 3377 hostes
2212 3337 2380 3392 suos,
2418 3316 2548 3375 Gens

474 3419 632 3475 enirn
668 3417 1020 3493 prophetice
1057 3418 1301 3494 dicitur;
1356 3418 1515 3483 idem
1563 3420 1744 3476 etiam
1793 3424 2068 3477 constare
2123 3427 2329 3496 potest
2373 3435 2440 3476 ex
2478 3427 2544 3482 eo,

471 3518 633 3598 quod
666 3517 779 3577 hoc
813 3518 1199 3589 Miraculum‚
1254 3520 1308 3576 si
1342 3534 1592 3593 prorsus
1628 3521 1714 3577 ita
1749 3519 1971 3577 factum
2003 3518 2248 3594 fuisset,
2300 3516 2542 3578 invertis-

472 3624 568 3677 set
616 3619 954 3679 universam
987 3617 1194 3678 Mundi
1227 3625 1536 3692 naturam,
1588 3619 1745 3694 quod
1781 3637 1901 3678 nou
1934 3620 2161 3677 faciunt
2200 3619 2425 3694 reliqua
2454 3612 2545 3673 Mi-

469 3718 678 3786 racula
711 3720 772 3777 in
800 3718 1022 3795 Verb03
1062 3735 1246 3794 quaro
1276 3725 1340 3776 ut
1369 3720 1627 3777 sciretur
1655 3720 1813 3795 quod
1845 3721 1959 3780 hoc
1985 3720 2336 3796 prophetice
2364 3718 2546 3776 dictum
2646 3726 2647 3769 3

471 3823 661 3888 esset,
719 3817 935 3876 dicitur
982 3837 1181 3879 nonne
1225 3817 1323 3881 ita
1371 3817 1686 3896 seriptum
1736 3825 1830 3883 est
1877 3838 2070 3899 super
2118 3818 2313 3880 Libro
2358 3809 2545 3878 Raeti:

470 3918 614 3992 quin
650 3934 840 3993 usque
880 3919 1041 3993 quod
1074 3916 1207 3978 Lu'x
1243 3920 1361 3978 illis
1402 3936 1433 3976 e
1474 3917 1657 3979 Coelo
1696 3920 1839 3979 data
1875 3924 1984 3995 sit,
2038 3919 2174 3979 Lux
2221 3923 2373 3979 sicut
2417 3911 2544 3975 Solis

468 4015 529 4070 in
561 4015 858 4087 Gibeone,
917 4024 979 4075 et
1011 4017 1145 4074 Lux
1182 4021 1337 4075 sicut
1370 4018 1581 4078 Lunae
1617 4022 1676 4077 in
1712 4021 1872 4080 valle
1909 4012 2211 4099 Ajalonis,
2250 4037 2363 4079 non
2399 4009 2541 4074 dubi·

470 4109 713 4166 tandum
750 4119 859 4168 est.
948 4106 1128 4188 Apud
1167 4114 1493 4174 Jeremiam
1550 4116 2032 4199 „Elanyuewet
2067 4138 2225 4200 quae
2254 4108 2547 4199 pepe‘m'a‘

470 4207 704 4280 ,septem
721 4246 738 4277 ,
803 4208 1160 4287 exspirabit
1213 4211 1498 4273 animam
1551 4236 1770 4294 suam,
1825 4220 2063 4282 occidet
2123 4218 2220 4283 sol
2263 4219 2393 4306 ejus
2435 4223 2550 4273 cum
