2791 4778
368 349 606 406 CAPUT
640 349 951 405 SEXTUM.
1639 346 1850 402 VERS=
1895 339 1961 410 3?
1989 358 2044 411 4.
2216 361 2325 413 ‘209

225 511 614 588 pretationem
649 514 712 567 et
748 505 1214 583 applicationem
1255 504 1406 565 Veri
1447 502 1523 564 ab
1557 504 1630 564 iis
1669 507 1769 581 qui
1806 508 2047 567 trahunt
2081 525 2327 570 sensum

220 609 421 669 literae
457 608 539 666 ad
577 606 895 666 favendum
931 608 1057 664 suis
1106 605 1409 665 amoribus
1455 621 1528 663 ac
1573 606 1883 680 principiis
1929 608 2065 667 inde
2113 612 2324 688 captis,

221 714 283 767 ut
314 710 538 769 sactum
577 714 669 767 est
702 725 742 765 a
773 706 1062 780 Judaeis,
1116 712 1178 765 et
1212 721 1452 782 quoque
1486 703 1663 765 hodie
1698 704 1764 764 fit
1800 723 1837 764 a
1873 709 2176 785 pluribus;
2211 710 2328 772 hoc

218 809 564 885 intelligitur
614 824 726 882 per
776 808 1088 864 victoriam
1135 822 1341 864 eorum
1397 821 1584 880 super
1633 811 1838 865 vestes
1900 825 2066 867 meas
2080 829 2097 885 3
2168 811 2329 885 quod

218 908 503 967 Dominus
554 906 735 966 Solus
782 908 1163 981 pugnaverit,
1223 905 1594 981 significatur
1638 922 1749 981 per
1785 907 2049 968 torcular
2098 909 2332 986 calcavi

216 1008 373 1068 solus
384 1053 401 1082 ,
471 1014 535 1066 et
581 1007 657 1065 de
692 1006 935 1082 populis
970 1022 1090 1063 non
1120 1007 1211 1063 vir
1242 1004 1513 1080 Mecum,
1577 1006 1841 1065 torcular
1875 1007 2171 1084 significat
2204 1028 2325 1087 pu-

214 1126 382 1184 gnam
425 1125 502 1166 ex
539 1107 774 1165 Divinis
815 1105 993 1165 Veris
1030 1111 1237 1164 contra
1269 1105 1455 1177 falsa,
1508 1107 1651 1182 quia
1683 1108 1744 1164 in
1781 1108 2179 1168 torcularibus
2217 1127 2324 1169 ex-

215 1208 582 1283 primebatur
606 1207 810 1264 vinum
845 1222 921 1264 ex
953 1205 1108 1279 uvis,
1140 1211 1209 1263 ,et
1241 1224 1353 1282 per
1388 1205 1610 1265 Vinum
1644 1205 2020 1283 significatur
2045 1208 2328 1268 Divinum
2405 1207 2410 1220 '

219 1306 466 1381 Verum,
514 1305 658 1364 inde
695 1305 928 1363 calcare
961 1304 1025 1362 id
1059 1304 1253 1380 solus,
1307 1311 1368 1363 et
1403 1304 1477 1364 de
1511 1305 1752 1381 populis
1786 1323 1908 1365 non
1943 1309 2035 1365 vir
2068 1308 2324 1385 Mecum,

216 1406 505 1483 significat
551 1405 711 1481 quod
748 1403 925 1464 Solus
962 1404 1192 1480 absque
1228 1405 1353 1466 ullo
1390 1405 1644 1482 alicujus
1681 1407 1935 1482 auxili03
1992 1408 2151 1483 quod
2191 1409 2324 1469 Do-

216 1510 397 1565 minus
443 1506 866 1582 subjugaverit
905 1505 1171 1580 inferna,
1225 1504 1596 1581 significatur
1640 1523 1751 1582 per
1802 1506 2032 1566 calcavi
2080 1507 2217 1567 illos
2265 1511 2328 1568 in

217 1608 299 1664 ira
329 1624 479 1675 mea,
518 1613 584 1665 et
619 1604 968 1663 conculcavi
1000 1603 1137 1662 illos
1176 1607 1239 1663 in
1275 1604 1776 1664 excandescentia
1809 1624 1963 1681 mea,
2003 1607 2231 1667 calcavi
2267 1614 2329 1667 et

215 1706 559 1765 conculcavi
608 1704 820 1762 dicitur
868 1706 1009 1780 quia
1054 1704 1127 1762 de
1178 1704 1495 1780 torculari,
1553 1712 1614 1764 et
1667 1705 1964 1781 significat
2008 1707 2166 1784 quod
2214 1706 2324 1766 de-

214 1807 448 1876 struxit,
501 1808 598 1863 ira
633 1812 699 1862 et·
728 1804 1225 1863 excandescentia
1258 1804 1472 1863 dicitur
1519 1807 1660 1881 quia
1710 1805 1997 1866 destructi
2031 1814 2206 1882 sunt,
2254 1823 2327 1865 ac

217 1904 480 1963 tribuitur
516 1907 582 1962 in
630 1920 812 1962 sensu
856 1904 1066 1963 literae
1113 1905 1404 1978 Domino,
1464 1921 1600 1964 cum
1646 1912 1847 1965 tamen
1891 1906 2040 1966 nihil
2090 1909 2217 1966 irae
2267 1913 2329 1966 et

220 2004 744 2064 excandescentiae
780 2002 909 2078 Ipsi
945 2009 1068 2077 est,
1123 2003 1232 2063 sed
1267 2004 1384 2062 illis
1423 2007 1524 2079 qui
1561 2012 1766 2063 contra
1799 2005 2043 2081 Ipsum,
2099 2023 2175 2066 ex
2209 2022 2324 2083 ap-

219 2107 478 2179 parentia
532 2106 619 2161 ita
671 2102 886 2161 dicitur
935 2104 1034 2162 hic
1078 2109 1140 2162 et
1185 2102 1525 2180 perpluries
1575 2105 1720 2163 alibi
1731 2126 1749 2180 3
1815 2105 1975 2179 quod
2023 2105 2328 2182 subjugati

222 2205 330 2261 sint
363 2210 422 2262 et
451 2204 721 2262 damnati
755 2203 830 2260 ad
864 2204 1189 2276 infernum,
1244 2203 1612 2279 significatur
1644 2222 1755 2281 per
1791 2203 2156 2263 descendere
2206 2204 2325 2266 feci

224 2304 281 2359 in
323 2310 539 2361 terram
587 2304 897 2362 victoriam
944 2295 1180 2378 coruin,
1236 2305 1297 2360 in
1340 2309 1562 2361 terram
1612 2308 1704 2362 est
1752 2305 1814 2361 in
1865 2302 2324 2376 damnationem,

231 2403 309 2459 ita
336 2405 395 2462 in
416 2405 742 2463 infernum:
798 2404 957 2479 quod
995 2421 1106 2479 per
1134 2410 1355 2463 terram
1391 2406 1571 2462 etiam
1606 2402 1973 2482 significetur
2010 2402 2328 2472 damnatio,

236 2501 492 2561 videatur
530 2520 710 2580 supra
763 2523 833 2562 n:
884 2505 1023 2563 304
1061 2505 1160 2562 fin.

382 2604 535 2662 360.
585 2605 779 2663 Vers:
822 2605 883 2662 3.
925 2606 989 2663 4.
1039 2602 1135 2665 Et
1170 2621 1313 2664 cum
1358 2602 1715 2682 aperuisset
1748 2601 2090 2663 secandum
2128 2596 2326 2681 ⁸2·qu-
2369 2600 2530 2668 [484]

227 2696 379 2777 lum,
428 2702 660 2765 audivi
684 2701 1026 2764 secundum
1054 2700 1302 2765 animal
1338 2702 1555 2766 dicens
1572 2748 1591 2779 ,
1646 2702 1787 2764 vem·
1822 2708 1884 2762 et
1924 2701 2153 2781 aspice.
2234 2698 2333 2764 Et

227 2801 415 2864 exivit
451 2801 633 2864 alius
665 2802 898 2882 Equus
936 2803 1130 2884 rufus
1144 2847 1162 2878 ,
1217 2808 1276 2865 ct
1329 2801 1573 2865 cedenti
1619 2822 1808 2882 cuper
1844 2800 1959 2864 illo
2009 2800 2234 2864 datam
2272 2799 2333 2862 er:

232 2897 430 2963 tollere
455 2921 687 2983 pacem
735 2903 814 2963 de
858 2910 1059 2978 tem-a,
1110 2909 1183 2966 ut
1230 2900 1352 2967 alii
1393 2901 1563 2965 alica
1603 2901 1926 2974 occidant,
1978 2909 2036 2963 et
2074 2900 2234 2964 data
2269 2900 2331 2964 ei

226 3001 550 3064 machaera
593 3021 846 3084 mayna.
940 3004 1017 3063 Et
1070 3020 1205 3062 cum
1273 3005 1611 3081 aperuisset
1664 3004 1994 3064 secundum
2047 3002 2328 3080 sigillum,

227 3101 509 3176 significat
568 3104 1108 3164 manifestationem
1157 3102 1536 3163 succedentis
1597 3109 1793 3162 status
1848 3120 2055 3163 eorum
2100 3104 2204 3179 qui
2253 3101 2330 3159 ab

226 3197 484 3262 Ecclesia
519 3203 624 3263 ubi
658 3203 956 3263 Verbum:
1011 3204 1214 3263 audivi
1247 3203 1575 3263 secundum
1604 3203 1844 3262 Animal
1880 3203 2104 3277 dicens,
2135 3203 2329 3278 signi-

224 3296 351 3359 ficat
384 3320 415 3362 e
454 3301 643 3363 Coelo
678 3306 883 3361 intimo
920 3321 958 3362 a
992 3303 1282 3363 Domino:
1338 3305 1478 3363 veni
1515 3309 1573 3363 et
1610 3305 1844 3378 aspice,
1900 3302 2194 3379 significat
2231 3305 2329 3357 at-

226 3403 537 3462 tentionem
576 3409 635 3463 et
659 3405 1138 3479 perceptionem:
1180 3409 1240 3462 et
1275 3405 1463 3462 exivit
1497 3402 1653 3461 alius
1676 3402 1884 3478 Equus
1912 3401 2099 3474 rufus,
2138 3400 2329 3473 signi-

231 3495 355 3558 ficat
385 3502 756 3561 intellectum
805 3502 994 3562 Verbi
1042 3502 1418 3579 deperditum
1458 3501 1655 3578 quoad
1688 3501 1942 3559 bonum:
1999 3504 2060 3557 et
2094 3496 2336 3555 sedenti

227 3610 393 3673 super
428 3602 533 3660 illo
570 3602 777 3660 datum
813 3604 869 3660 ei
905 3603 1116 3661 tollere
1151 3619 1365 3678 pacem
1401 3602 1477 3661 de
1504 3607 1692 3673 terra,
1732 3598 2026 3675 significat
2060 3593 2333 3654 Verbum

228 3695 350 3756 inde
385 3719 506 3759 non
537 3701 938 3776 intellectum,
992 3702 1145 3760 unde
1194 3701 1445 3760 dissidia
1479 3703 1539 3759 in
1573 3699 1879 3758 Ecclesia:
1934 3703 2001 3757 ut
2039 3695 2144 3755 alii
2179 3693 2333 3761 alios

229 3799 513 3874 occidant,
562 3801 859 3877 significat
893 3801 1369 3860 falsificationem
1411 3808 1467 3858 et
1496 3799 1948 3858 exstinctionem
1974 3799 2331 3857 veritatum:

231 3900 285 3951 et
316 3896 451 3958 data
486 3903 542 3959 ei
577 3901 900 3960 machaera
934 3919 1178 3977 magna,
1232 3900 1529 3978 significat
1562 3916 1675 3975 per
1709 3897 1882 3956 falsa.

371 4000 530 4057 361.
586 4002 666 4059 Et
701 4018 837 4060 cum
872 4004 1215 4077 aperuisset
1253 3999 1584 4059 secundum
1620 3997 1912 4075 sigillum,
1954 3995 2113 4074 quod
2148 3996 2336 4073 signi-

232 4090 356 4153 ficet
387 4099 926 4159 manifestationem
962 4099 1341 4160 succedentis
1370 4105 1565 4157 status
1598 4115 1809 4164 eorum
1833 4099 1934 4172 qui
1961 4097 2037 4155 ab
2064 4094 2342 4154 Ecclesia

234 4191 324 4251 ubi
354 4197 639 4273 Verbum,
702 4206 935 4259 constat
972 4217 1046 4259 ex
1080 4199 1200 4258 illis
1240 4216 1397 4275 quae
1434 4215 1623 4274 supra
1660 4216 1728 4256 n:
1775 4200 1935 4255 351.
1981 4196 2140 4268 352,
2180 4193 2339 4255 dicta

330 4309 751 4367 swodenborg,
798 4313 1131 4366 Apoca1.exp1.
1168 4315 1228 4352 ιι.
1933 4298 2018 4350 14
