2791 4778
452 373 561 426 472
868 360 1363 415 APOCALYPSIS
1409 359 1846 428 EXPLIGATA.
1910 361 1957 428 ς.
2001 370 2127 430 410-

448 523 672 582 falsum
727 520 990 596 perdens
1041 521 1413 595 Ecclesiam3
1468 523 1607 596 quia
1648 537 1842 596 paene
1894 520 2118 606 similia?
2153 520 2251 578 hic
2303 519 2577 579 dicuntur

449 631 518 682 ut
573 638 709 680 mox
772 637 987 698 supra,
1072 623 1251 680 etiam
1309 621 1527 679 similia
1587 620 2030 696 significantur3
2109 637 2219 696 per
2281 622 2574 679 scissuras

445 730 660 800 petrae
704 721 1115 798 significantur
1157 721 1313 780 falsa
1347 721 1488 780 fidei
1525 728 1583 778 et
1622 721 1959 795 doctrinae,
2017 724 2300 797 quoniam
2337 721 2420 779 ibi
2461 723 2567 780 ha-

446 823 640 882 bitant
688 824 791 899 qui
836 824 895 880 in
943 822 1091 894 illis;
1149 827 1575 899 comparantur
1628 821 1898 897 aquilae,
1960 825 2099 896 quia
2152 839 2265 899 per
2314 823 2560 897 aquilam

448 944 522 982 ex
565 923 769 981 volatu
808 924 867 980 in
905 923 1075 991 altis,
1131 922 1504 998 significatur
1553 923 1743 980 fastus
1791 924 2074 998 propriae
2124 921 2554 997 intelligentiae,

451 1044 523 1083 ex
564 1043 633 1082 co
673 1026 850 1083 etiam
895 1023 1109 1081 dicitur
1144 1023 1319 1081 nidus
1355 1041 1464 1098 pro
1504 1022 1905 1092 habitatione,
1954 1040 2180 1097 ponere
2216 1021 2376 1080 illum
2409 1025 2556 1081 inter

451 1124 665 1183 stellas
702 1122 997 1200 significat
1044 1125 1104 1180 in
1141 1125 1279 1182 altis
1318 1123 1419 1182 ubi
1452 1121 1725 1181 habitant
1761 1125 1861 1199 qui
1899 1125 1956 1180 in
1994 1122 2422 1199 cognitionibus
2454 1140 2554 1181 ve-

450 1227 533 1300 ri,
589 1242 724 1282 nam
763 1242 873 1300 per
909 1223 1119 1282 stellas
1158 1224 1568 1301 significantur
1605 1226 1972 1299 cognitiones
2010 1227 2152 1283 veri.
2214 1222 2399 1299 Apud
2421 1224 2562 1282 Hio-

443 1325 597 1384 bum·
626 1322 756 1399 „In
785 1325 1039 1406 fissura
1073 1322 1345 1385 vallium
1379 1323 1469 1383 ad
1515 1323 1965 1396 habitandum,
2023 1323 2093 1383 in
2128 1322 2565 1403 foraminibus

449 1434 655 1486 terrcoe
699 1432 760 1486 et
787 1425 1041 1504 petris“
1086 1426 1304 1485 XXX:
1365 1428 1439 1500 63
1499 1427 1675 1484 etiam
1722 1425 1818 1483 hic
1864 1442 1973 1501 per
2014 1425 2265 1483 fissuras
2302 1425 2560 1498 vallium,

446 1527 739 1584 foramina
773 1534 990 1593 terrae,
1029 1534 1088 1584 et
1123 1532 1329 1603 petras
1358 1525 1768 1602 significantur
1801 1525 1955 1583 salsa
1980 1526 2139 1594 mali,
2179 1527 2384 1601 agitur
2422 1529 2563 1585 enim

449 1627 533 1686 ibi
570 1626 642 1684 de
678 1626 847 1684 salsis
885 1626 1041 1684 mali.
1125 1626 1305 1701 Apud
1338 1627 1582 1703 Esajam
1617 1625 1816 1700 „Fiet
1849 1624 1919 1685 in
1956 1625 2061 1685 die
2086 1623 2228 1698 illo,
2289 1595 2566 1687 sz’bz‘labit

449 1725 733 1787 Jehovah
772 1744 1027 1786 muscae
1050 1745 1208 1805 quae
1243 1726 1313 1786 in
1341 1727 1744 1787 eoetremitate
1768 1725 2123 1804 fluviorum
2150 1727 2470 1805 Aeyyptz',
2515 1733 2566 1785 et

448 1826 564 1905 api
582 1845 765 1908 ‘quae
804 1826 874 1886 in
915 1833 1083 1886 terra
1112 1825 1465 1899 Aschurz’s,
1518 1847 1678 1906 quae
1719 1827 1962 1886 venient
1991 1834 2050 1888 et
2083 1827 2405 1906 quiescent
2439 1848 2560 1888 om-

448 1944 558 1988 nes
611 1927 679 1987 in
716 1926 950 2005 fluviis
1009 1923 1475 1987 desolationum
1528 1935 1587 1988 et
1646 1928 1717 1988 in
1764 1927 2038 2008 fissuris
2078 1935 2452 2007 petrarum,
2511 1932 2563 1986 et

445 2029 517 2088 in
545 2027 831 2087 omnibus
860 2025 1166 2107 viryultis
1201 2034 1259 2088 et
1286 2028 1357 2087 in
1384 2029 1671 2089 omnibus
1709 2027 2051 2090 ductibus“
2093 2028 2240 2086 VII:
2291 2033 2318 2086 1
2342 2033 2401 2089 8.
2452 2035 2477 2087 l
2499 2034 2529 2088 9
2546 2050 2561 2104 3

453 2134 540 2188 ita
577 2129 936 2189 describitur
970 2129 1248 2188 Ecclesia
1298 2136 1536 2188 vastata
1571 2148 1680 2206 per
1717 2128 2046 2188 scientifica
2077 2129 2228 2188 salse
2267 2129 2563 2207 applicata

452 2239 513 2290 et
559 2248 672 2307 per
724 2231 1034 2289 ratiocinia
1084 2230 1249 2303 inde,
1304 2248 1417 2306 per
1461 2217 1614 2306 quae
1667 2232 1838 2306 ipsae
1897 2232 2265 2305 cognitiones
2317 2234 2447 2290 veri
2493 2248 2560 2290 ex

451 2329 657 2391 Verbo
698 2336 1156 2408 pervertuntur3
1213 2348 1421 2391 musca
1469 2333 1529 2388 in
1570 2333 1946 2391 extremitate
1998 2331 2314 2391 fluviorum
2359 2332 2555 2408 Aegy-

451 2435 544 2509 pti
579 2432 873 2508 significat
921 2432 1137 2491 falsum
1179 2435 1239 2491 in
1287 2435 1570 2490 extremis
1610 2432 1903 2492 naturalis
1944 2432 2228 2506 hominis,
2298 2440 2555 2491 extrema

450 2533 740 2591 naturalis
790 2533 1042 2591 hominis
1093 2542 1232 2591 sunt
1286 2551 1441 2608 quae
1497 2540 1786 2591 vocantur
1839 2533 2177 2606 sensualia,
2254 2539 2348 2590 est
2412 2536 2557 2592 enim

442 2633 742 2699 ‚naturalis
797 2633 974 2692 horno
1026 2634 1295 2703 interior,
1364 2635 1596 2693 medius
1654 2640 1711 2691 et
1761 2636 2054 2702 exterior,
2107 2635 2353 2692 interior
2401 2652 2554 2693 com-

451 2737 721 2793 municat
762 2752 895 2793 cum
931 2734 1227 2812 spirituali
1270 2735 1508 2793 homine
1544 2752 1656 2810 per
1691 2735 2016 2804 rationale,
2073 2736 2332 2792 exterior
2367 2745 2553 2793 autem

451 2851 585 2891 cum
625 2833 841 2893 mundo
879 2853 988 2910 per
1028 2852 1242 2893 sensus
1285 2838 1584 2911 corporiS,
1631 2852 1698 2891 ac
1731 2835 1961 2892 medius
2004 2836 2307 2911 conjungit
2334 2843 2549 2893 utrum-

453 2949 570 3009 que
584 2952 600 3006 3
664 2936 925 2990 exterior
971 2945 1063 2991 est
1112 2938 1211 3010 qui
1250 2943 1498 2993 vocatur
1534 2935 1830 2994 sensualis
1867 2937 2008 3011 quia
2045 2952 2080 2992 a
2118 2936 2395 2994 sensibus
2431 2951 2548 2995 cor-

449 3034 616 3109 poris
649 3031 873 3106 pendet
915 3039 975 3088 et
1011 3050 1125 3090 sua
1163 3034 1388 3108 haurit,
1447 3037 1602 3095 salsa
1638 3036 1720 3094 ibi
1756 3043 1816 3093 et
1851 3035 1984 3092 inde
2023 3036 2429 3111 significantur
2453 3051 2544 3113 per

449 3148 688 3192 muscas
726 3134 785 3190 in
838 3134 1207 3192 extremitate
1259 3134 1578 3195 fluviorum
1632 3138 1922 3212 Aegypti;
1981 3154 2089 3211 per
2139 3154 2317 3211 apem
2367 3143 2535 3195 autem

448 3236 510 3292 in
569 3241 731 3291 terra
789 3232 1083 3292 Aschuris
1146 3235 1556 3311 significantur
1617 3239 1926 3295 ratiocinia
1979 3237 2132 3294 falsa
2196 3237 2404 3312 inde3,
2448 3252 2539 3312 per

447 3333 780 3393 Aschurem
811 3337 965 3394 enim
1000 3335 1368 3410 significatur
1402 3337 1724 3409 rationale,
1764 3344 1821 3395 et
1851 3355 1960 3413 per
1996 3338 2342 3412 Aegyptum
2370 3339 2533 3397 scien-

449 3435 675 3495 tificum
710 3436 998 3495 naturalis
1035 3435 1318 3510 hominiS,
1379 3444 1439 3495 et
1475 3440 1615 3512 quia
1647 3438 1940 3495 rationale
1980 3455 2152 3496 omne
2190 3454 2365 3497 suum
2406 3439 2532 3497 hau-

447 3539 525 3595 rit
561 3555 635 3597 ex
672 3538 1009 3597 scientificis
1046 3538 1337 3597 naturalis
1374 3537 1652 3611 hominiS,
1691 3537 1828 3597 inde
1866 3540 2175 3598 ratiocinia
2213 3540 2346 3615 ejus
2374 3537 2532 3615 signi-

447 3639 700 3697 ficantur
735 3656 846 3715 per
883 3654 1058 3714 apes,
1117 3642 1257 3714 quia
1298 3654 1444 3713 apes
1482 3645 1783 3713 cxsugunt
1818 3647 1878 3696 et
1912 3639 2153 3697 trahunt
2188 3655 2302 3697 sua
2346 3660 2415 3699 ex
2446 3638 2537 3696 flo-

450 3739 631 3813 ribuS,
671 3740 756 3797 ita
793 3740 1085 3798 rationale
1117 3756 1189 3797 ex
1219 3738 1559 3797 scientificis
1597 3732 1885 3797 naturalis
1921 3739 2193 3813 hominiS,
2235 3740 2332 3799 hic
2369 3746 2540 3798 autem

447 3856 560 3913 per
595 3855 742 3913 apes
789 3840 1197 3915 significantur
1236 3840 1548 3897 ratiocinia
1594 3839 1779 3912 falsa,
1836 3841 1976 3914 quia
2012 3841 2306 3899 rationale
2345 3837 2542 3913 colligit

445 3952 557 3994 sua
620 3954 693 3995 ex
744 3939 1085 3997 scientificis
1140 3939 1290 3997 false
1353 3938 1700 4016 applicatis:
1782 3939 1942 4015 quod
1995 3940 2103 3999 illa
2161 3941 2542 4001 assimilentur

445 4044 666 4095 muscis
732 4044 791 4095 et
844 4038 1092 4114 apibuS,
1159 4044 1251 4096 est
1302 4042 1458 4097 enim
1515 4058 1590 4099 ex
1638 4039 2199 4126 coi-respondentia,
2272 4042 2545 4119 apparent

447 4136 602 4191 enim
638 4137 696 4191 in
740 4138 958 4196 mundo
995 4138 1293 4213 spirituali
1330 4120 1478 4198 varii
1516 4142 1751 4216 generis
1794 4140 2091 4216 volatilia,
2132 4142 2241 4201 sed
2277 4147 2414 4200 sunt
2447 4156 2545 4214 ap-

443 4230 751 4307 parentiae
810 4249 883 4290 ex
923 4236 1072 4293 ideis
1110 4237 1531 4311 cogitationum
1570 4242 1920 4317 spirituum,
1988 4249 2047 4301 et
2083 4242 2351 4303 volatilia
2387 4240 2549 4300 noxia
