2791 4778
381 330 612 385 CAPUT
656 329 966 388 SEXTUM.
1029 404 1034 410 ¹
1755 331 1968 387 νας.
2014 344 2069 394 9.
2227 342 2334 394 347

245 491 450 549 dicatus
489 496 555 547 ut
587 507 712 547 non
747 489 969 547 auferri
1006 496 1248 566 posset,
1288 490 1656 566 significatur
1688 508 1800 567 per
1835 490 1993 566 quod
2022 497 2337 567 peccatum

241 590 493 651 Jehudae
529 592 823 667 scriptum
862 592 939 648 sit
974 589 1131 667 stylo
1162 591 1331 665 ferri,
1373 590 1611 667 scalpro
1649 591 2001 660 adamantiS,
2039 591 2340 667 sculptum

238 708 401 767 super
453 690 665 749 tabula
712 691 905 749 cordis
961 708 1203 764 eorum,
1262 699 1323 750 et
1362 692 1424 749 in
1461 691 1758 751 cornubus
1795 691 2072 751 altarium
2109 709 2335 767 eorum,

236 790 429 849 falsum
466 791 860 849 irradicatum
888 775 1240 868 intelligitur
1268 810 1379 868 per
1409 795 1695 869 scriptum
1725 792 1879 869 stylo
1906 792 2048 850 ferri
2083 798 2143 851 et
2177 791 2340 850 scal-

235 909 328 968 pro
364 891 735 962 adamantis,
789 898 852 950 et
903 891 1124 950 malum
1171 892 1558 951 irradieatum
1607 892 1956 970 intelligitur
2014 910 2124 969 per
2172 891 2337 950 scul-

235 998 382 1068 ptum
419 1007 607 1068 super
656 991 861 1051 tabula
905 992 1132 1063 cordiS,
1191 999 1252 1050 et
1297 996 1357 1051 in
1409 992 1707 1052 cornubus
1755 992 2032 1052 altarium
2081 993 2337 1066 illorum,

237 1108 399 1168 super
432 1092 737 1152 cornubus
791 1092 1065 1151 altarium
1118 1094 1332 1151 dicitur
1379 1096 1518 1169 quia
1565 1093 1918 1170 intelligitur
1961 1092 2158 1152 cultus
2208 1094 2341 1152 ido-

233 1192 549 1268 lolatricus;
607 1210 721 1269 per
771 1193 924 1253 filios
984 1211 1240 1269 quorum
1289 1194 1667 1268 recordatur,
1732 1193 2139 1270 significantur
2187 1194 2343 1252 salsa

236 1293 384 1362 mali,
427 1311 542 1369 per
583 1293 802 1351 altaria
840 1294 1040 1352 cultus
1079 1294 1181 1354 ille
1235 1312 1308 1353 ex
1355 1294 1546 1363 malo,
1599 1313 1708 1371 per
1753 1295 1920 1353 lucos
1959 1282 2090 1352 c'um
2130 1293 2341 1352 arbore

234 1392 383 1450 viridi
429 1394 628 1452 cultus
697 1394 796 1452 ille
865 1394 1172 1476 extfalso‚
1240 1412 1427 1473 super
1486 1394 1738 1454 collibus
1790 1394 1926 1452 altis
1979 1395 2345 1471 significatur

234 1492 567 1551 adulteratio
606 1495 754 1552 boni
785 1501 845 1551 et
871 1495 1210 1555 falsificatio
1246 1499 1408 1555 veri:
1446 1496 1551 1554 illo
1588 1498 1740 1555 enim
1778 1504 2064 1572 tempore,
2106 1495 2339 1571 quando

238 1597 410 1651 omnia
474 1595 677 1654 cultus
741 1602 912 1653 erant
962 1599 1479 1672 repraesentativa
1531 1596 1880 1656 coelestium
1941 1603 2000 1654 et
2050 1598 2336 1671 spiritua-

233 1693 385 1768 lium,
441 1696 681 1754 cultum
716 1694 1023 1754 habebant
1072 1699 1132 1754 in
1163 1697 1333 1755 ‘lucis
1379 1704 1440 1757 et
1489 1714 1674 1774 super
1710 1698 1995 1773 collibus,
2051 1699 2191 1777 quia
2237 1714 2337 1753 ar·-

233 1792 414 1868 boreS,
456 1813 525 1855 ex
566 1796 795 1872 quibus
846 1796 994 1868 luci,
1038 1797 1454 1873 significabant
1491 1801 1859 1875 cognitiones
1899 1806 1958 1855 et.
1993 1799 2339 1875 perceptio-

234 1910 324 1951 nes
371 1898 494 1954 veri
552 1904 615 1955 et
672 1896 844 1968 boni,
914 1906 975 1953 et
1022 1898 1137 1957 hoc
1200 1899 1527 1958 secundum
1589 1902 1826 1976 species
1887 1899 2198 1972 arborum3
2246 1907 2342 1956 ‘et

241 1998 367 2075 quia
400 1997 583 2056 colles
625 1996 1045 2073 significabant
1078 1999 1237 2057 bona
1274 2000 1614 2070 charitatiS,
1648 2002 1707 2057 in
1747 1999 1959 2075 quibus
1996 1998 2339 2076 spirituales

237 2096 432 2173 Angeli
466 2104 642 2172 sunt,
698 2100 803 2173 qui
836 2100 898 2156 in
938 2099 1157 2157 mundo
1195 2100 1493 2177 spirituali
1527 2098 1799 2157 habitant
1842 2115 2026 2175 super
2066 2098 2337 2171 collibus,

235 2195 358 2254 inde
393 2206 514 2257 erat
549 2199 715 2276 quod
750 2198 946 2258 cultus
996 2202 1258 2278 antiquis
1310 2198 1682 2276 temporibus
1718 2208 2113 2275 perageretur
2148 2215 2334 2274 super
2373 2201 2537 2268 [574]

241 2295 495 2376 collibus3
551 2307 617 2358 at
656 2300 774 2359 hoc
813 2300 1181 2375 prohibitum
1234 2302 1346 2360 suit
1395 2300 1576 2359 Genti
1612 2299 1908 2359 Judaicae
1947 2305 2006 2356 et
2038 2298 2335 2357 Israeliti-

245 2412 369 2469 cae,
432 2419 497 2459 ne
544 2401 1008 2479 prophanarent
1057 2410 1267 2462 sancta
1315 2419 1470 2479 quae
1510 2399 2149 2477 repraesentabantur,
2209 2409 2337 2458 erat

248 2497 382 2554 enim
429 2518 562 2576 gens
616 2501 724 2560 illa
773 2501 969 2559 solnm
1018 2505 1079 2560 in
1139 2505 1399 2563 externis
1459 2502 1659 2581 quoad
1711 2502 1968 2574 cultum,
2037 2503 2333 2560 internum

242 2611 422 2657 eorum
451 2612 575 2663 erat
604 2620 768 2660 mere
802 2602 1272 2663 idololatricum:
1304 2603 1465 2681 quod
1492 2603 1736 2662 arbores
1766 2601 2101 2679 significent
2127 2603 2332 2678 cogni-

242 2696 410 2758 tiones
446 2710 502 2760 et
533 2705 961 2781 perceptiones
990 2706 1120 2762 veri
1162 2712 1222 2763 et
1256 2704 1399 2763 boni
1434 2703 1765 2763 secundum
1802 2705 2040 2779 species
2075 2702 2333 2777 illarum,

240 2797 487 2861 videatur
543 2824 622 2862 n:
687 2805 900 2863 2163.
946 2806 1156 2864 2682.
1202 2809 1416 2864 2722.
1460 2807 1672 2862 2972.
1722 2807 1944 2863 7692:
2001 2803 2164 2880 quod
2196 2804 2334 2863 inde

239 2896 461 2977 Antiqui
506 2905 794 2963 Divinum
851 2902 1090 2964 Cultum
1147 2905 1466 2965 habuerint
1512 2907 1569 2963 in
1620 2905 1802 2964 Lucis
1852 2905 1965 2964 sub
2021 2904 2333 2964 arboribus

238 3002 531 3063 secundum
571 3023 777 3063 earum
816 2999 1310 3082 significationes,
1366 3024 1439 3065 n:
1483 3009 1692 3064 2722.
1737 3007 1965 3066 4552:
2024 3005 2181 3082 quod
2214 3005 2328 3063 hoe

238 3100 569 3170 prohibitum
620 3107 799 3164 suerit
849 3109 1013 3181 gent-i
1067 3106 1361 3166 Judaicae
1412 3113 1472 3165 et
1516 3105 1922 3182 Israeliticae,
1976 3123 2195 3185 causa,
2262 3124 2330 3163 n:

242 3198 438 3262 2722:
508 3207 670 3282 quod
724 3204 910 3265 colles
964 3208 1299 3282 significent
1355 3206 1516 3266 bona
1575 3206 1913 3282 charitatis,
1973 3223 2188 3280 causa,
2258 3223 2331 3262 nt

245 3298 428 3362 6435.
501 3309 763 3366 10438.
875 3306 1057 3384 Apud
1120 3308 1461 3368 Hoscheam
1527 3305 1762 3382 „Vitis
1827 3326 2031 3368 vacua
2094 3301 2329 3377 Israel,

231 3395 492 3472 fractum
518 3407 698 3488 facit
746 3405 1022 3468 similem
1072 3407 1232 3477 sibi,
1304 3406 1556 3487 quando
1599 3403 1844 3467 multu-9
1878 3407 2148 3485 fructus·
2194 3403 2334 3484 ejus

239 3497 603 3583 multiplicat
659 3505 935 3583 altaria,
1012 3507 1264 3587 quando
1321 3508 1464 3568 bene
1512 3513 1608 3566 est
1673 3512 1876 3565 terrae
1930 3504 2069 3586 ejus
2135 3504 2332 3563 bonas

229 3594 458 3672 faciunt
507 3615 802 3669 statuas.-
889 3604 1309 3669 adblanditur
1371 3626 1477 3668 cor
1525 3622 1769 3675 eorum,
1844 3603 1992 3687 jam
2057 3599 2332 3663 desolati

240 3708 398 3778 Gunt,
459 3705 572 3768 ille
604 3713 828 3769 evertet
881 3706 1126 3769 ahma
1186 3705 1480 3780 illorum,
1537 3704 1893 3766 devastabit
1933 3707 2189 3764 statuas
2238 3698 2328 3762 il-

241 3790 464 3864 lorum“
512 3809 604 3869 X:
653 3813 708 3867 1.
755 3813 828 3885 23
867 3796 1077 3868 ‘Israel
1111 3808 1206 3867 hie
1244 3807 1538 3884 significat
1572 3804 1939 3878 Ecclesiam,
1996 3822 2150 3881 quae
2188 3805 2329 3862 vitis

240 3910 407 3960 vacua
439 3907 653 3968 dicitur
689 3926 824 3969 cum
874 3927 992 3968 non
1039 3926 1248 3968 verum
1293 3908 1582 3984 amplius;
1638 3904 1832 3965 cultus
1874 3906 2004 3983 ejus
2043 3922 2116 3963 ex
2152 3904 2330 3964 malis

239 3993 558 4081 intelligitur
605 4027 716 4086 per
760 4010 976 4070 altaria
1012 4026 1167 4087 quae
1221 4009 1580 4085 multiplicat
1593 4027 1610 4083 3
1669 4013 1728 4066 et
1780 4007 1976 4067 cultus
2030 4022 2105 4064 ex
2157 4004 2329 4064 falsis
2426 4006 2438 4014 “

241 4093 556 4181 intelligitur
601 4127 712 4185 per
759 4117 995 4170 statuas
1047 4127 1196 4187 quas
1250 4110 1441 4169 bonas
1493 4108 1666 4183 facit3
1738 4108 1898 4184 quod
1944 4106 2059 4166 hoc
2108 4106 2333 4169 faciant

244 4209 498 4268 quantum
534 4209 865 4285 abundant,
902 4210 1268 4289 significatur
1291 4226 1406 4288 per
1440 4209 1674 4286 quando
1704 4208 1928 4268 multus
1967 4215 2060 4268 est
2097 4208 2325 4269 fructus
