2791 4778
405 411 645 468 CAPUT
695 412 1011 472 SEXTUM.
1792 416 2011 472 VERS:
2051 426 2105 481 ἓ.
2263 431 2371 483 179

247 591 388 634 core
425 578 556 647 tuo,
595 577 656 633 et
691 571 764 632 in
804 570 1033 632 honore
1058 577 1164 632 tuo
1191 570 1545 647 conscende,
1583 580 1645 635 et
1670 571 1921 653 Equita
1952 588 2143 658 super
2180 574 2373 644 Verbo

250 670 553 735 veritatis
591 677 653 732 et
690 670 1207 732 mansuetudinis
1238 670 1593 754 justitiae0‘
1656 674 1890 735 Psalm:
1919 674 2140 737 XLV:
2193 683 2255 738 4.
2300 680 2372 758 55

248 773 402 833 haec
441 772 605 831 dicta
649 779 790 832 sunt
838 771 911 830 de
956 770 1232 831 Domino.
1291 771 1475 848 Apud
1520 772 1791 833 Eundem
1838 818 1879 849 „
1905 769 2173 837 Cantate
2203 775 2371 855 Deo,

250 870 522 933 laudate
544 856 792 934 Nomen
817 869 1061 951 Ipsius,
1091 868 1379 932 extollite
1401 869 1819 949 Equitautem
1844 893 2035 954 super
2055 876 2373 939 uubibus“

247 973 491 1033 Psalm:
529 969 829 1031 LXVIII:
874 973 932 1034 5,
987 970 1169 1048 Apud
1203 972 1446 1047 Esajam
1484 970 1699 1045 „Ecce
1738 969 2022 1035 Jehovah.
2045 973 2376 1055 Equitaus

249 1091 447 1152 super
481 1071 641 1131 nube
651 1115 670 1146 ,
713 1076 775 1131 et
816 1069 985 1131 veuit
1021 1069 1092 1130 in
1116 1070 1503 1150 Aegyptum,
1542 1077 1604 1132 et
1629 1074 2171 1136 commovebuntur
2193 1071 2377 1138 idola

188 1237 194 1244 ,
250 1168 792 1252 Aeyypticoram
816 1168 1018 1249 Ipso“
1056 1170 1235 1230 XIX:
1282 1174 1342 1228 1.
1386 1174 1447 1228 2.
1501 1171 1685 1248 Apud
1710 1173 2024 1250 Davidem?
2045 1172 2392 1249 „Psallite'

250 1270 547 1332 Domino
586 1268 936 1349 Equitanti
965 1288 1159 1348 super
1199 1266 1379 1330 Coelo
1421 1267 1577 1330 coeli
1614 1272 2028 1351 antiquitatis
2037 1275 2076 1307 “
2126 1274 2372 1335 Psalm:

255 1368 561 1430 LXVIII:
605 1372 717 1430 34.
764 1368 808 1445 ‘„
818 1368 1007 1430 Deus
1045 1368 1389 1447 Equitavit
1409 1388 1612 1449 -super
1645 1368 1949 1447 Cher-ubo,
1989 1369 2262 1450 volavit,
2315 1381 2378 1437 et

254 1474 471 1531 vectus
495 1488 688 1547 super
711 1466 843 1530 alis
883 1467 1116 1531 Venti“
1154 1469 1389 1528 Psalm:
1419 1468 1665 1530 XVHI:
1707 1474 1784 1530 11
1802 1517 1815 1532 .
1870 1473 2052 1551 Apud
2077 1472 2376 1534 Habakuk

254 1567 596 1645 „Jelzovah
640 1567 929 1652 Equitas
973 1587 1165 1648 super
1218 1566 1435 1647 Equis
1489 1568 1652 1645 tuis,
1710 1568 1956 1633 Currus
1999 1572 2101 1635 tui
2149 1570 2374 1645 salus,-

249 1666 530 1731 calcasti
568 1686 744 1733 mare
768 1665 983 1747 Equis
1010 1667 1192 1729 tuis“
1230 1667 1355 1728 111:
1401 1672 1458 1729 8.
1499 1671 1528 1726 1
1550 1670 1608 1728 5.
1662 1671 1845 1748 Apud
1871 1672 2116 1750 Esajam
2142 1669 2375 1747 „Temo

248 1765 653 1848 delitiaberis
687 1767 760 1828 in
799 1766 1082 1828 Jehovah
1097 1813 1114 1842 ,
1158 1774 1217 1828 et
1262 1766 1582 1847 Equitare
1624 1774 1683 1829 te
1707 1770 1962 1851 faciam
2006 1772 2082 1832 in
2122 1767 2376 1834 eoeoelsa

252 1867 510 1931 tem-affl
550 1866 783 1927 LVIII:
823 1871 851 1926 1
869 1867 953 1926 4:
972 1868 1155 1944 Apud
1176 1868 1389 1927 Mosen
1416 1866 1746 1941 „Jehovah
1782 1868 1962 1932 solus
1990 1870 2187 1933 duxit
2211 1890 2373 1947 eum,

121 1940 126 1944 .
248 1973 316 2030 et
342 1966 665 2047 auimo-e
687 1966 853 2047 fecit
888 1985 1030 2028 eum
1056 1977 1248 2045 super
1271 1964 1525 2029 eoeoelsa
1552 1973 1800 2031 terrast
1836 1971 2062 2031 Deutr:
2098 1969 2372 2032 XXXII:

262 2073 296 2128 1
314 2072 379 2127 2.
422 2072 450 2127 1
468 2069 527 2127 3.
579 2069 659 2126 Et
683 2066 845 2143 apud
868 2066 1208 2126 Hoscheam
1236 2065 1601 2146 „Equitare
1611 2069 1869 2149 faciam
1894 2068 2375 2149 Ephraimum“

252 2168 342 2228 X:
389 2171 418 2226 1
440 2169 509 2243 13
546 2169 608 2225 in
642 2166 759 2225 illis
795 2166 944 2225 locis
988 2184 1101 2242 per
1129 2169 1400 2243 equitare
1435 2169 1806 2245 significatur
1829 2169 2281 2247 intelligentiam
2315 2175 2378 2230 et

252 2268 618 2344 sapientiam
653 2266 828 2340 dare,
886 2268 1028 2342 quia
1078 2283 1190 2342 per
1224 2282 1463 2325 currum
1512 2268 1879 2344 significatur
1926 2270 2195 2328 doctrina
2225 2270 2374 2344 veri,

252 2374 320 2428 et
350 2383 467 2444 per
499 2382 687 2443 equos
721 2364 1062 2425 intellectus
1099 2366 1250 2443 ejus.
1304 2366 1489 2443 Apud
1521 2366 1767 2444 Esajam
1808 2365 2038 2443 „Tune
2062 2365 2382 2429 adducent
2427 2403 2432 2407 -

254 2484 472 2526 omnes
503 2466 757 2547 fratres
805 2466 943 2549 eJus
991 2484 1074 2527 em
1129 2465 1419 2527 omnibus
1476 2467 1765 2545 yeutibus
1818 2485 2050 2528 munus
2106 2463 2382 2527 Jehovooe

262 2568 460 2643 super
504 2564 715 2644 Equis
766 2570 826 2625 et
872 2583 1066 2643 super
1105 2563 1343 2639 Oai-ru,
1402 2571 1463 2626 et
1513 2583 1704 2644 super
1752 2565 1974 2627 rhedis
2018 2563 2377 2641 cameratis,

254 2683 456 2743 super
476 2662 668 2726 mulis
693 2671 755 2726 et
781 2684 973 2744 super
996 2664 1368 2737 veredariis,
1402 2662 1492 2726 ad
1516 2669 1789 2724 montem
1812 2664 2183 2727 sanctitatis
2206 2681 2380 2725 meae

254 2761 829 2845 Hiwosolymam“
869 2764 1102 2825 LXVI:
1145 2767 1269 2840 203
1309 2768 1523 2841 ‘agitur
1556 2764 1640 2823 ibi
1675 2765 1750 2825 de
1785 2767 2216 2843 instauratione
2255 2765 2377 2823 Ec-

255 2863 489 2924 clesiae
512 2856 734 2924 'Novae
764 2882 801 2922 a
825 2864 1110 2940 Domin0;
1151 2881 1335 2952 quare
1370 2882 1490 2923 non
1513 2864 1865 2941 intelligitur
1899 2865 2058 2941 quod
2084 2864 2384 2927 adducent

250 2965 482 3023 fratres
517 2980 662 3022 suos
701 2980 889 3041 super
924 2965 1129 3039 equiS‚
1168 2980 1356 3041 super
1390 2980 1598 3035 curru,
1650 2981 1837 3041 super
1869 2963 2070 3023 rhedis
2106 2961 2378 3025 camera-

250 3066 374 3133 tis,
428 3079 615 3139 super
648 3062 823 3122 mulis
876 3069 937 3121 et
969 3079 1154 3139 super
1186 3062 1545 3138 veredariis,
1599 3062 1678 3121 ad
1709 3062 2218 3142 Hierosolymam3
2270 3061 2383 3123 sed

247 3162 616 3239 intelligitur
662 3163 825 3237 quod
859 3179 1062 3222 omnes
1094 3164 1218 3238 ‘qui
1266 3164 1328 3221 in
1360 3161 1520 3221 bono
1556 3167 1725 3237 sunt,
1777 3164 2109 3223 instruendi
2146 3165 2266 3223 sint
2315 3162 2380 3221 in

246 3262 494 3323 Divinis
521 3261 720 3333 veria,
757 3268 818 3321 et
852 3280 962 3338 per
994 3261 1100 3320 illa
1136 3261 1540 3339 intelligentes
1578 3267 1640 3320 et
1672 3265 1976 3340 sapientes
2006 3263 2154 3323 facti
2184 3263 2376 3321 intro-

249 3361 522 3422 ducendi
545 3363 749 3420 sintin
775 3361 1134 3437 Ecclesiam3
1171 3378 1283 3438 per
1308 3362 1525 3420 fratres
1554 3363 1711 3420 enim
1736 3361 2145 3439 significantur
2170 3374 2377 3420 omnes
2467 3376 2478 3381 ‘

247 3463 362 3539 qui
395 3462 460 3519 in
490 3460 853 3535 bonosum,
905 3477 1016 3536 per
1052 3477 1237 3536 equos
1273 3459 1642 3538 significatur
1675 3460 2017 3520 intellectus
2054 3459 2209 3531 veri,
2264 3472 2378 3532 per

247 3577 501 3622 currum
537 3559 809 3619 doctrina
843 3562 1000 3634 veri,
1055 3577 1167 3636 per
1199 3560 1419 3620 rhedas
1458 3566 1790 3618 cameratas
1828 3558 2195 3635 cognitiones
2231 3555 2377 3630 veri,

249 3677 372 3737 per
406 3659 601 3719 mulos
651 3658 939 3719 rationale
982 3661 1279 3718 internum
1329 3660 1490 3742 quod
1526 3657 1874 3735 spirituale,
1945 3662 2005 3716 et
2050 3666 2163 3733 per
2193 3670 2377 3714 vere-

250 3759 460 3817 darios
507 3759 800 3818 rationale
850 3765 1159 3818 externum
1196 3758 1354 3834 quod
1400 3757 1710 3833 naturale:
1768 3763 1830 3815 et
1877 3773 1989 3834 per
2022 3753 2380 3830 Hierosoly-

250 3874 417 3915 mam
477 3858 845 3934 significatur
904 3858 1180 3917 Ecclesia
1225 3856 1330 3916 ubi
1394 3859 1667 3916 doctrina
1708 3857 1914 3916 Divini
1962 3855 2145 3930 Veri,
2227 3869 2383 3931 quae

250 3972 429 4015 mons
464 3957 796 4015 sanctitatis
834 3957 1049 4016 dicitur
1086 3974 1161 4015 ex
1196 3973 1400 4017 amore
1435 3958 1583 4016 veri.
1639 3956 1731 4014 Ex
1766 3955 2200 4034 significatione
2236 3971 2381 4014 cur-

251 4072 433 4114 ruum
481 4063 540 4114 et
585 4072 876 4132 equorum
910 4062 1184 4115 constare
1232 4063 1466 4133 potest,
1515 4055 1676 4114 unde
1713 4061 1805 4115 est
1841 4054 2001 4132 quod
2043 4049 2287 4128 „Elias
2326 4055 2389 4113 et

252 4151 568 4215 Elisaeus
605 4153 769 4214 dicti
791 4153 1048 4233 summ
1089 4151 1334 4216 Currus
1370 4151 1654 4216 Israelis
1692 4159 1753 4213 et
1788 4151 2065 4235 Equites
2106 4151 2245 4234 ejus
2257 4170 2285 4222 ,·
2328 4153 2391 4208 et

250 4251 422 4328 quod
452 4271 652 4331 puero
679 4250 942 4341 Eli-saei
977 4253 1161 4315 visus
1201 4253 1291 4316 sit
1319 4251 1515 4313 Mons
1554 4249 1787 4331 plenus
1811 4249 2029 4330 Equis
2068 4256 2129 4310 et
2160 4245 2383 4308 Curri-

1034 4342 1037 4343 *
1817 4355 1842 4406 1
1862 4355 1896 4405 2
1930 4343 1969 4381 ³⁸
