2791 4778
394 371 628 429 CAPUT
668 370 1008 438 QUINTUM.
1751 367 1933 424 VERS
1947 388 1971 423 v2
2026 382 2080 434 3·
2281 384 2347 434 19

232 532 420 594 urbes
458 535 607 592 tuae
658 529 1079 590 destruentur.
1182 525 1337 589 Vidi
1380 525 1676 602 Terram,
1730 545 1875 589 cum
1919 546 2049 589 eece
2082 548 2355 594 vacuum

229 638 291 693 et
345 633 562 706 inane,
633 635 692 690 et
730 648 952 690 versus
988 623 1188 688 coelos
1241 646 1383 696 eum
1423 646 1554 689 ecce
1587 646 1712 689 uon
1753 626 1871 690 lua·
1907 647 2121 690 eorum
2132 650 2160 703 ;
2213 631 2356 694 vida·

228 737 477 794 montes
515 750 658 793 eum
694 747 824 790 ecce
861 724 1335 800 commoventur,
1386 734 1448 789 et
1482 747 1693 789 omnes
1729 726 1918 790 colles
1954 736 2352 795 evertuntur.-

230 831 420 895 dixit
441 829 744 905 Jehovah,
773 829 1051 890 vastitas
1077 828 1201 889 erit
1237 832 1373 889 tota
1406 825 1637 906 Terra,
1668 834 1931 908 propter
1962 829 2075 890 hoo
2112 828 2352 913 luyebit

235 917 476 1008 Tere-a,
529 937 590 993 et
628 930 836 993 atrati
872 934 1056 990 eruut
1098 926 1271 989 Coeli
1309 927 1624 1009 desuper“
1660 929 1773 990 IV:
1820 936 1878 990 7.
1923 933 2034 991 23.
2081 936 2192 992 24.
2236 938 2350 993 27.

236 1039 272 1094 2
289 1037 362 1109 83
403 1036 602 1110 agitur
628 1035 808 1092 etiam
842 1032 939 1091 hic
974 1031 1049 1089 de
1076 1032 1414 1089 vastatione
1442 1029 1771 1105 Ecclesiae,
1810 1048 1966 1106 quae
1995 1038 2089 1092 est
2115 1034 2353 1111 quando

230 1153 356 1193 non
393 1134 652 1211 amplius
686 1150 896 1192 verum
935 1137 996 1190 et
1028 1130 1282 1201 bonum,
1319 1131 1430 1190 scd
1462 1129 1596 1190 loco
1634 1148 1837 1189 eorum
1873 1131 2089 1191 falsum
2126 1142 2187 1194 et
2220 1152 2352 1193 ma-

229 1235 359 1293 lum
371 1254 389 1310 3
431 1236 685 1295 vastatio
719 1232 825 1292 illa
858 1230 1220 1291 describitur
1253 1248 1364 1307 per
1398 1231 1634 1290 leonem
1669 1230 2091 1292 ascendentem
2132 1251 2210 1293 ex
2241 1252 2353 1295 ve-

232 1343 414 1411 preto
449 1351 559 1393 suo
597 1339 657 1392 et
689 1332 1055 1409 perditorem
1089 1333 1356 1408 gentium
1389 1332 1727 1409 profectum
1774 1349 1849 1390 ex
1882 1331 2018 1393 loco
2051 1348 2194 1411 suo,
2247 1353 2372 1411 perr

234 1436 480 1494 leonem
517 1439 577 1492 et
608 1450 716 1510 per
749 1433 1111 1509 perditorem
1150 1434 1415 1508 gentium
1451 1431 1818 1508 significatur
1856 1431 2077 1492 falsum
2127 1441 2187 1494 et
2222 1452 2356 1494 ma-

236 1535 370 1592 lum
406 1540 684 1608 vastans3
737 1551 849 1609 per
883 1538 1115 1592 montes
1153 1534 1254 1608 qui
1291 1537 1743 1590 commoventur
1792 1539 1852 1591 et
1884 1550 1995 1609 per
2034 1534 2219 1595 colles
2256 1539 2362 1613 qui

238 1639 625 1709 evertuntur,
679 1633 1085 1711 significantur
1133 1650 1300 1691 amor
1340 1634 1402 1690 in
1437 1630 1759 1691 Dominum
1807 1639 1867 1692 et
1906 1633 2166 1696 charitas
2215 1653 2362 1714 erga

234 1735 607 1813 proximum,
664 1734 823 1811 quod
863 1735 1015 1793 haec
1064 1751 1175 1810 per
1208 1739 1441 1792 montes
1490 1739 1551 1791 et
1593 1731 1778 1792 colles
1826 1734 2233 1810 significentur
2268 1744 2363 1797 est

237 1838 384 1912 quia
417 1852 601 1911 super
636 1834 934 1894 montibus
968 1837 1032 1893 in
1068 1833 1251 1893 Coelo
1287 1832 1560 1891 habitant
1594 1835 1694 1910 qui
1729 1824 1798 1892 in
1825 1852 2028 1895 amore
2062 1839 2124 1895 in
2146 1836 2361 1896 Domi-

237 1954 379 1996 num
419 1943 558 1995 sunt
605 1941 665 1995 et
714 1952 901 2011 super
936 1934 1189 1994 collibus
1245 1935 1348 2010 qui
1392 1935 1455 1991 in
1492 1933 1778 1994 charitate
1827 1952 1972 2012 erga
2003 1914 2357 2014 proximum,

239 2039 390 2096 utin
416 2038 766 2113 praemissis
796 2036 1020 2095 dictum
1049 2033 1345 2106 videatur,
1383 2040 1443 2093 et
1470 2051 1706 2111 quoque
1733 2036 1795 2094 in
1823 2034 2023 2112 Opere
2053 2036 2128 2096 de
2156 2037 2359 2098 Coeno

241 2157 319 2197 m·
352 2136 630 2198 larnano
666 2156 735 2196 n:
773 2140 801 2195 l
822 2138 909 2195 88
977 2143 1040 2195 et
1074 2137 1135 2195 in
1169 2135 1325 2194 notis
1360 2135 1444 2193 ibi
1478 2134 1653 2194 litera
1686 2131 1800 2216 (c);
1866 2155 1978 2213 per
2014 2138 2217 2198 coelos
2256 2138 2361 2198 ubi

240 2256 359 2297 non
394 2238 532 2312 lux,
587 2245 647 2297 et
684 2238 786 2313 qui
821 2239 1001 2295 atrati
1039 2240 1245 2307 erunt,
1299 2235 1708 2312 significantur
1740 2239 2023 2297 interiora
2055 2237 2362 2298 hominum

242 2338 554 2399 Ecclesiae
577 2382 594 2412 ,
645 2355 819 2414 quae,
858 2354 996 2397 cum
1033 2337 1240 2397 clausa
1275 2343 1416 2396 sunt
1450 2353 1561 2413 per
1595 2336 1755 2395 mala
1790 2344 1851 2396 ct
1886 2337 2058 2410 falsa,
2094 2354 2213 2397 non
2248 2337 2360 2397 ad-

243 2442 485 2498 mittunt
518 2439 715 2498 lucem
751 2456 784 2498 e
821 2438 1037 2513 Coelo,
1090 2437 1200 2497 sed
1241 2455 1352 2513 pro
1404 2437 1510 2496 illa
1543 2437 1824 2496 tenebras
1862 2455 1937 2496 ex
1971 2439 2200 2496 inferno
2213 2456 2230 2513 3
2288 2455 2363 2499 ex

245 2539 342 2597 his
378 2531 654 2597 constare
683 2544 916 2614 potest,
955 2538 1096 2614 quid
1121 2539 1490 2615 significatur
1523 2556 1636 2615 per
1670 2536 1831 2614 quod
1854 2521 1961 2596 'leo
1999 2543 2059 2597 et
2091 2537 2362 2615 perditor

246 2639 517 2716 gentium
549 2638 779 2714 rediget
813 2646 1033 2697 terram
1066 2643 1127 2696 in
1160 2642 1517 2708 vastitatem,
1557 2646 1684 2697 tum
1720 2654 1831 2714 per
1866 2637 1987 2697 vidi
2022 2645 2259 2714 terram,
2300 2645 2362 2699 et

247 2755 396 2800 ecce
426 2755 680 2802 vacuum
709 2744 769 2797 et
795 2740 989 2814 inane,
1027 2745 1093 2797 ut
1118 2745 1179 2798 et
1202 2757 1315 2816 per
1342 2742 1591 2799 vastitas
1630 2741 1879 2799 erittota
1898 2744 2073 2815 terra,
2098 2746 2361 2817 propter
2400 2755 2560 2820 [355]

243 2840 364 2900 hoc
400 2838 630 2917 lugebit
664 2845 852 2915 terra,
910 2840 1070 2916 quod
1103 2858 1322 2917 nempe
1371 2840 1455 2900 ibi
1488 2858 1608 2900 non
1640 2838 2008 2918 intelligatur
2056 2847 2217 2901 terra
2252 2840 2365 2901 sed

235 2939 539 3001 Ecclesia.
589 2940 773 3017 Apud
805 2940 1077 3001 Eundem
1115 2938 1508 3020 „Quousque
1542 2939 1781 3021 luyebz‘t
1812 2938 2033 3011 Terra,
2067 2946 2128 3001 et
2163 2939 2355 3002 herba

238 3040 451 3103 omnis
477 3040 631 3120 aym·
656 3030 1021 3129 [exarescet]
1038 3086 1054 3115 ‚
1083 3045 1350 3119 propter
1374 3039 1700 3102 malitiam
1723 3039 2152 3104 habitantium
2184 3041 2256 3103 iu
2286 3059 2363 3101 ea

237 3145 685 3203 omumentur
721 3141 953 3203 bestiae
990 3145 1052 3201 et
1092 3140 1276 3213 avis;
1329 3139 1621 3203 desolata
1644 3147 1740 3203 eet
1783 3146 1918 3203 tota
1949 3139 2169 3218 Terra,
2208 3141 2363 3221 quia

233 3261 364 3305 non
414 3241 519 3304 vir
553 3237 797 3322 ponens
853 3261 1044 3322 super
1093 3260 1227 3313 eor,
1295 3261 1487 3323 super
1522 3261 1734 3303 omnes
1771 3239 1958 3303 colles
2007 3242 2079 3304 iu
2116 3237 2376 3303 deserto

235 3348 541 3407 venerunt
583 3349 964 3418 vastatores,
1000 3342 1157 3422 quia
1188 3340 1461 3423 gladius
1498 3341 1771 3404 Jehovae
1806 3342 2115 3404 devorans
2157 3360 2201 3402 a
2227 3342 2362 3422 fine

235 3450 447 3507 terrae
486 3443 579 3505 ad
604 3444 804 3525 finem
831 3441 1072 3506 terrae.-
1118 3448 1409 3505 severunt
1442 3443 1664 3505 tm’tz‘ca
1697 3449 1757 3504 et
1783 3446 2181 3503 mee-suerunt
2220 3440 2360 3519 epi-

235 3548 408 3606 naa“
447 3544 607 3605 XII:
639 3547 700 3605 4.
737 3549 767 3604 1
788 3548 817 3604 1
835 3591 848 3604 .
887 3547 916 3602 1
936 3548 997 3603 2.
1036 3546 1065 3602 1
1085 3546 1145 3620 33
1185 3545 1347 3621 quod
1373 3550 1535 3604 terra
1560 3545 1657 3603 hic
1685 3544 1979 3622 significet
2002 3539 2358 3616 Ecclesiam,

237 3650 414 3721 patet
449 3661 525 3704 ex
569 3662 642 3704 eo
680 3645 841 3721 quod
879 3644 1141 3719 dicatur,
1194 3645 1351 3720 quod
1398 3651 1560 3704 terra
1600 3644 1833 3722 lugebit
1864 3647 1924 3702 et
1948 3642 2139 3702 herba
2164 3643 2354 3702 omnis

241 3744 374 3819 agri
405 3743 773 3823 [exarescet]
791 3789 808 3818 ,
847 3750 908 3804 et
935 3744 1093 3821 qnod
1118 3751 1541 3805 consumentur
1564 3745 1797 3804 bestiae
1825 3750 1887 3803 et
1910 3745 2040 3804 avis
2057 3788 2075 3814 ,
2109 3751 2359 3821 propter

240 3843 530 3902 malitiam
560 3843 957 3924 habitantium
990 3848 1049 3903 in
1079 3862 1181 3915 ea,
1219 3852 1280 3905 et
1305 3847 1447 3921 quia
1482 3862 1597 3904 non
1621 3848 1714 3905 vir
1748 3860 1978 3922 ponens
2007 3862 2192 3921 super
2218 3862 2322 3905 cor
2338 3867 2356 3922 3

240 3960 354 4019 per
385 3941 850 4005 herbamomnis
885 3947 1013 4022 agri
1047 3945 1410 4023 significatur
1445 3963 1616 4006 omne
1644 3964 1857 4007 verum
1892 3951 1952 4005 et
1985 3946 2209 4005 bonum
2234 3946 2354 4006 Ec-

239 4043 481 4117 clesiae,
523 4048 584 4102 'et
616 4061 725 4120 per
756 4046 985 4107 bestias
1023 4051 1082 4104 et
1108 4063 1254 4109 aves
1292 4046 1700 4123 significantur
1736 4045 2081 4107 affectiones
2117 4047 2258 4106 boni
2294 4053 2358 4105 et

236 4148 365 4206 veri
378 4166 396 4224 3
453 4149 516 4203 et
551 4145 692 4221 quia
720 4146 997 4208 Ecclesia
1046 4164 1157 4223 per
1194 4154 1415 4207 terram
1449 4147 1844 4224 significatur,
1900 4153 1959 4206 et
1995 4148 2069 4207 de
2100 4146 2207 4205 illa
2240 4162 2350 4203 va-

232 4254 391 4307 stata
427 4247 652 4324 agitur,
689 4247 827 4309 ideo
856 4247 1068 4308 dicitur
1105 4264 1290 4332 supra
1325 4265 1531 4307 omnes
1569 4247 1756 4308 colles
1792 4250 1853 4305 in
1879 4247 2127 4306 ,deserto
2167 4259 2353 4300 vene-

1922 4349 1958 4401 2
1997 4339 2036 4380 ἡ*
