2791 4778
377 388 609 450 CAPUT
649 389 958 446 SEXTUM.
1723 391 1899 447 VERS
1919 413 1930 445 z
1977 404 2066 453 16.
2226 405 2330 457 481

227 568 361 611 num
401 551 668 625 Verum,
726 558 786 610 et
819 559 931 628 per
964 550 1202 612 foveam
1237 551 1606 628 significatur
1642 553 1938 627 Verbum,
1994 558 2061 611 ut
2097 570 2335 632 quoquc

228 652 396 729 aiibi,
455 651 650 710 excidi
687 668 759 709 ex
786 651 969 710 Petra
1005 658 1065 710 et
1106 650 1280 711 effodi
1318 668 1391 710 ex
1430 653 1624 727 fovea,
1664 652 1956 729 significat
1994 659 2338 731 regenerari

223 771 295 812 ex
344 752 586 811 Divinis
640 756 801 812 veris
850 759 911 810 et
960 751 1193 811 Divinis
1242 750 1453 826 boniS,
1527 756 1613 811 ita
1663 770 1772 829 per
1808 771 1954 813 vera
1990 770 2064 812 ex
2108 755 2264 815 bono
2300 774 2338 814 a

219 852 509 926 Domin03
564 869 702 910 nam
736 852 970 929 lapides
1010 854 1111 927 qui
1141 852 1495 912 exciduntur
1531 870 1563 913 e
1599 853 1782 912 Petra
1816 854 2152 930 significant
2189 873 2338 914 vera

221 971 290 1012 ex
324 954 621 1024 Domino,
671 959 731 1010 et
762 953 979 1012 humus
1019 955 1119 1028 qui
1156 952 1429 1012 effoditur
1463 971 1538 1013 ex
1572 954 1751 1013 fovea
1785 953 2080 1030 significat
2112 954 2337 1015 bonum

220 1071 254 1111 a
293 1054 589 1124 Domino,
628 1070 814 1128 quare
852 1052 1066 1111 dicitur
1103 1051 1341 1111 effossio
1376 1054 1609 1113 foveae.
1660 1055 1841 1131 Apud
1867 1054 2077 1114 Mosen
2108 1054 2337 1129 „Date

214 1150 737 1233 mynitudinem
794 1152 943 1213 Deo
989 1158 1235 1226 nostro,
1306 1151 1507 1213 Petra
1524 1199 1540 1229 ,
1622 1153 1804 1236 cujus
1838 1154 2194 1234 perfectam
2241 1163 2337 1217 eet

215 1273 375 1333 opu-s·
391 1297 417 1328 ‚
479 1257 538 1311 et
575 1271 785 1312 omnes
832 1251 1005 1334 Ejus
1040 1251 1180 1312 viae
1197 1252 1544 1333 judicium.
1628 1252 1947 1333 Equitare
1982 1254 2148 1333 fecit
2194 1274 2339 1316 eum

215 1373 413 1435 cuper
462 1350 734 1412 excelsis
782 1357 1010 1426 terrae,
1066 1357 1124 1411 et
1169 1353 1335 1414 cibat
1360 1360 1674 1432 proventu
1715 1373 2051 1432 ayo-orum,
2105 1373 2334 1434 suyere

202 1455 377 1535 facit
420 1471 563 1514 eum
598 1450 721 1513 mel
755 1472 787 1512 e
819 1471 1003 1532 rupe,
1065 1460 1126 1513 et
1159 1450 1363 1513 oleum
1402 1472 1484 1513 ew
1518 1473 1683 1515 eaoeo
1716 1453 1964 1515 Petrae.
2043 1454 2331 1532 Petram,

212 1573 372 1634 quae
425 1553 648 1632 yenuit
698 1558 785 1628 te,
841 1551 1139 1614 oblivioni
1189 1552 1458 1629 dedisti,
1513 1560 1574 1615 et
1618 1553 1851 1616 oblitus
1885 1574 1953 1615 ee
1985 1555 2124 1615 Dei
2166 1554 2340 1617 For-

214 1654 493 1717 matorie
544 1653 647 1714 tua·
663 1675 685 1714 .·
759 1671 959 1715 nonne
1007 1654 1161 1733 quia
1206 1652 1411 1715 Petra
1462 1674 1678 1717 eorum
1724 1654 2015 1717 vendidit
2064 1673 2167 1716 eoa
2183 1699 2203 1731 ,
2276 1661 2337 1716 et

215 1753 505 1817 Jehovah
545 1751 809 1815 occlusit
853 1773 957 1813 eos
975 1776 995 1814 .·
1074 1772 1199 1814 non
1245 1756 1414 1815 enim
1448 1756 1615 1817 siout
1655 1756 1857 1818 Petra
1897 1760 2122 1817 nostra
2145 1762 2339 1836 petra

216 1874 463 1926 eorum,
519 1873 710 1933 neque
758 1853 965 1915 hostes
1012 1853 1221 1914 nostri
1267 1853 1580 1937 judicee“
1645 1858 1872 1918 Deutr:
1928 1857 2207 1917 XXXII2
2268 1861 2330 1917 4.

224 1959 334 2017 13.
373 1958 482 2015 18.
528 1957 640 2014 30.
685 1957 806 2029 313
859 1955 1011 2014 haec
1049 1955 1205 2014 dicta
1239 1964 1379 2014 sunt
1415 1956 1489 2015 de
1524 1958 1801 2017 Ecclesia
1837 1959 2136 2035 Antiqua,
2177 1975 2335 2035 quae

219 2058 331 2116 fuit
364 2055 642 2115 Ecclesia
677 2073 831 2130 quae
865 2058 927 2114 in
960 2058 1119 2115 veris
1157 2072 1232 2113 ex
1266 2055 1423 2113 bono
1441 2099 1460 2129 ,
1518 2075 1705 2132 quare
1741 2056 2156 2114 describuntur
2189 2075 2337 2117 vera

221 2175 298 2216 ex
332 2156 488 2214 bono
525 2173 635 2232 per
670 2158 838 2213 varia
872 2173 1027 2230 quae
1065 2155 1560 2230 correspondent,
1612 2163 1681 2213 ut
1727 2171 1837 2231 per
1872 2155 2031 2230 quod
2067 2156 2336 2231 equitare

220 2257 438 2315 iecerit
463 2272 598 2313 enm
626 2272 811 2332 super
841 2255 1097 2315 excelsis
1126 2263 1340 2325 terrae,
1382 2256 1672 2333 cibaverit
1704 2261 2000 2333 proventu
2036 2272 2333 2331 agrorum,

228 2370 459 2431 sugere
506 2354 704 2415 fecerit
751 2355 868 2415 mel
916 2373 948 2416 e
999 2373 1149 2432 rupe
1204 2361 1265 2415 et
1315 2355 1511 2416 oleum
1550 2372 1581 2416 e
1624 2372 1771 2416 saxo
1794 2362 2054 2434 upetrae,
2109 2355 2336 2415 intelli-

234 2457 435 2531 gentia
467 2457 860 2532 spiritualium
898 2459 1073 2515 istius
1101 2456 1411 2516 Ecclesiae
1440 2436 1943 2535 significatur'per
1970 2455 2129 2534 quod
2163 2458 2336 2532 equi-

229 2563 356 2615 tare
402 2573 536 2616 eum
600 2558 811 2617 fecerit
864 2574 1049 2634 super
1108 2556 1366 2616 excelsis
1424 2563 1652 2628 terrae,
1723 2560 1993 2634 equitare
2043 2556 2340 2632 eignfficat

217 2657 587 2733 intelligere,
644 2658 887 2718 excelsa
923 2665 1120 2716 terrae
1158 2663 1298 2715 sunt
1334 2658 1675 2734 spiritualia
1709 2657 2050 2732 Ecclesiae3
2093 2658 2339 2715 nutritio

217 2756 555 2835 spiritualis
591 2758 728 2816 inde
773 2757 1139 2836 significatur
1187 2774 1298 2833 per
1338 2757 1555 2840 [quod]
1596 2757 1817 2816 cibavit
1860 2774 1996 2815 eum
2043 2761 2342 2832 proventu

212 2875 529 2936 agrorum,
584 2858 783 2917 cibare
824 2866 916 2917 est
950 2860 1202 2931 nutrire,
1255 2864 1318 2914 et
1354 2863 1680 2933 proventus
1720 2874 1996 2933 agrorum
2034 2860 2172 2914 sunt
2206 2873 2337 2916 om·

209 2961 313 3019 nia
354 2958 671 3016 Ecclesiae
685 2979 701 3033 3
760 2959 919 3035 quod
956 2961 1042 3017 eie
1077 2958 1299 3019 bonum
1335 2957 1608 3016 naturale
1664 2965 1724 3017 et
1768 2956 1991 3016 bonum
2028 2956 2341 3034 spirituale

205 3077 323 3136 per
368 3059 658 3116 Divinum
693 3059 918 3118 Verum
957 3077 993 3117 a
1026 3058 1318 3132 Domino,
1373 3059 1741 3135 significatur
1783 3075 1895 3136 per
1930 3057 2090 3134 quod
2124 3074 2342 3134 sugere

205 3161 361 3220 fecit
404 3175 544 3215 eum
578 3157 698 3217 mel
734 3177 766 3217 e
809 3176 960 3235 rupe
993 3165 1053 3217 et
1088 3159 1285 3219 oleum
1322 3176 1354 3218 e
1394 3176 1542 3219 saxo
1578 3166 1809 3236 petrae,
1843 3160 1961 3217 mel
1998 3165 2089 3217 est
2120 3157 2345 3217 bonum

205 3257 533 3329 naturale,
571 3258 765 3318 oleum
798 3267 891 3317 est
924 3258 1139 3317 bonum
1179 3260 1521 3335 spirituale,
1561 3262 1728 3336 rupis
1769 3266 1863 3318 est
1894 3260 2178 3318 Divinum
2212 3258 2341 3318 Ve-

200 3379 346 3420 rum
389 3376 428 3416 a
462 3356 717 3417 Domino
757 3366 1065 3418 externum
1093 3358 1254 3436 quod
1280 3377 1389 3436 pro
1428 3359 1689 3418 naturali
1722 3359 1990 3432 homine3
2031 3366 2089 3416 et
2125 3375 2342 3417 saxum

200 3467 430 3539 petrae
475 3466 567 3517 est
602 3460 884 3518 Divinum
918 3459 1147 3518 Verum
1182 3476 1219 3516 a
1244 3460 1503 3518 Domino
1539 3460 1833 3515 internum
1874 3456 2032 3531 quod
2067 3473 2175 3532 pro
2206 3458 2336 3532 spi-

199 3558 425 3621 rituali
461 3558 729 3618 homine:
783 3567 996 3636 postea
1038 3559 1123 3618 ibi
1171 3561 1368 3635 agitur
1418 3557 1491 3615 de
1528 3554 1803 3614 Ecclesia
1837 3554 2129 3629 Judaica,
2185 3571 2342 3629 quae

199 3680 333 3722 non
381 3660 444 3717 in
491 3658 690 3735 aliquo
745 3659 963 3719 Divino
1014 3658 1176 3717 Vero
1237 3665 1397 3729 erat,
1473 3657 1547 3717 de
1597 3672 1716 3731 qua
1765 3654 2008 3722 dicitur,
2080 3655 2344 3724 Petram,

201 3777 377 3840 quae
422 3762 632 3834 genuit
677 3767 776 3829 te,
841 3759 1124 3819 oblivioni
1159 3757 1413 3831 dedisti,
1471 3764 1532 3817 et
1567 3755 1785 3816 oblitus
1825 3771 1889 3814 es
1925 3754 2042 3812 Dei
2085 3755 2340 3813 Forma-

196 3863 365 3922 toris
385 3902 403 3934 ,
458 3876 568 3936 per
605 3877 761 3935 quae
799 3860 1168 3937 significatur
1217 3858 1378 3934 quod
1428 3858 1750 3918 Dominum
1795 3862 1856 3916 et
1888 3854 2022 3913 inde
2058 3854 2345 3912 Divinum

194 3963 481 4032 Verum,
534 3978 643 4036 per
691 3961 849 4036 quod
888 3961 1252 4019 reformatur
1288 3958 1592 4032 Ecclesia,
1631 3958 1978 4033 rejecerint,
2033 3955 2216 4014 Petra
2251 3960 2347 4013 est

195 4061 512 4123 Dominus
564 4061 763 4136 quoad
811 4061 1090 4119 Divinum
1148 4060 1410 4129 Verum,
1481 4064 1546 4118 et
1599 4059 1942 4117 reformatio
1997 4072 2107 4131 per
2155 4054 2216 4112 id
2267 4053 2345 4113 ab

195 4162 358 4239 Ipso
402 4159 773 4235 significatur
812 4179 922 4237 per
975 4163 1076 4235 qui
1126 4162 1334 4237 'genuit
1390 4165 1450 4218 te
1518 4169 1578 4216 et
1630 4176 1739 4235 per
1795 4157 1993 4215 Deum
2054 4156 2343 4214 formato·

199 4280 374 4337 rem3
436 4260 595 4334 quod
635 4277 883 4337 prorsus
920 4261 1218 4337 deprivati
1253 4276 1397 4319 vero
1428 4265 1487 4318 et
1521 4259 1677 4318 bono
1717 4261 1940 4332 essent,
1979 4256 2348 4335 significatur

319 4377 753 4430 swedenborg,
790 4378 978 4431 apocal.
1012 4377 1125 4443 «ψῃ
1160 4377 1216 4415 ιι.
1929 4359 2008 4417 31
