2791 4778
458 398 528 448 18
842 383 1333 439 APOCALYPSIS
1375 383 1810 442 EXPLICATA.
1883 385 1937 452 §-
1982 393 2112 446 301.

454 563 603 621 prae
662 560 809 601 auro
843 559 1022 618 pur0,
1086 540 1452 618 significatur
1512 541 1906 617 intelligentia
1957 549 2014 599 et
2052 544 2376 619 sapientia3
2431 544 2566 603 inde

456 650 715 717 constat,
757 642 900 719 quid
934 641 1230 719 significat
1263 658 1404 701 ecce
1443 642 1570 700 dies
1607 641 1878 701 Jehovae
1915 643 2077 700 venit
2113 643 2189 701 ad
2223 644 2566 719 ponendum

452 753 672 803 terram
708 746 770 801 in
807 745 1178 815 vastitatem,
1235 741 1621 801 commovebo
1657 741 1858 800 coelos
1909 747 1970 800 et
2004 746 2375 802 concutietur
2408 749 2570 804 terra

455 863 488 904 e
534 844 666 904 loco
703 860 844 916 suo,
898 843 1026 902 dies
1064 842 1337 904 Jehovae
1398 848 1492 902 est
1525 842 1770 900 ultimus
1805 839 1937 900 finis
1977 842 2287 903 Ecclesiae
2323 844 2565 918 quando

255 954 412 1013 1354]
446 945 765 1023 judicium,
801 950 962 1003 ter-ra
998 949 1092 1003 est
1126 943 1402 1002 Ecclesia
1413 962 1430 1017 3
1487 942 1646 1019 quod
1680 944 1814 1018 ipsa
1849 948 2011 1001 terra
2044 961 2163 1002 non
2199 945 2568 1003 concutiatur

453 1045 655 1126 eloco
691 1060 830 1119 suo,
889 1049 1163 1103 constare
1211 1050 1448 1119 potest,
1505 1042 1614 1102 sed
1666 1041 1823 1118 quod
1859 1042 2135 1102 Ecclesia
2184 1051 2566 1103 removeatur

450 1146 553 1205 ubi
579 1162 699 1204 non
723 1162 889 1203 amor
917 1151 977 1204 et
997 1143 1146 1202 fides
1159 1162 1175 1220 3
1213 1146 1451 1203 concuti
1477 1160 1509 1202 e
1538 1143 1670 1201 loco
1698 1141 1994 1219 significat
2019 1146 2312 1203 removeri
2341 1162 2379 1203 a
2405 1151 2567 1203 statu

450 1247 651 1323 priori.
704 1245 884 1323 Apud
909 1244 1179 1303 Eundem
1218 1241 1426 1318 „Ecce
1457 1242 1784 1303 Dominus
1811 1240 1978 1303 sicut
2004 1242 2342 1304 inundatio
2367 1264 2569 1324 θνατα-

453 1345 660 1421 dinis,
696 1342 982 1425 procella
1008 1343 1252 1418 caedis,
1292 1343 1460 1405 sicut
1501 1342 1838 1403 inundatio
1865 1362 2176 1421 aquarum
2201 1341 2570 1406 validarum

453 1445 702 1529 dejiciet
753 1445 823 1506 in
876 1451 1113 1506 terram
1158 1463 1386 1506 manu:
1454 1444 2050 1504 consummationem
2089 1450 2148 1505 et
2194 1444 2572 1505 decisionem

452 1545 684 1619 audivi
716 1564 759 1606 a
801 1564 944 1607 cum
975 1544 1265 1605 Domino
1301 1542 1588 1605 Jehovah
1625 1543 1913 1605 Zebaoth,
1965 1562 2155 1625 super
2207 1545 2572 1606 universam

453 1648 737 1707 terram“
776 1645 1090 1706 XXVIII:
1137 1649 1196 1704 2.
1241 1649 1328 1705 22
1349 1664 1366 1721 3
1406 1645 1558 1704 haec
1596 1643 1670 1703 de
1708 1644 1803 1704 die
1832 1645 2044 1722 judicii
2082 1662 2269 1722 super
2300 1646 2438 1705 illos
2467 1648 2567 1723 qui

453 1748 529 1807 ab
556 1747 847 1821 Ecclesia,
891 1746 1049 1804 dicta
1085 1753 1223 1804 sunt
1234 1766 1251 1821 3
1291 1745 1420 1805 dies
1449 1744 1662 1822 judicii
1694 1745 1932 1821 quando
1962 1744 2095 1804 finis
2125 1745 2437 1807 Ecclesiae
2473 1749 2567 1805 in·

451 1847 740 1924 telligitur
797 1864 910 1923 per
957 1848 1527 1905 consummationem
1578 1852 1640 1904 et
1690 1845 2069 1905 decisionem·
2106 1846 2307 1904 audivi
2358 1864 2396 1905 a
2431 1864 2568 1906 cum

451 1948 709 2007 Domino
746 1947 1027 2009 Jehovah
1061 1946 1333 2006 Zebaoth
1369 1964 1555 2023 super
1590 1947 1932 2006 universam
1968 1952 2220 2023 terram3
2260 1965 2446 2024 quare
2476 1948 2570 2007 di-

453 2050 607 2107 citur
644 2047 803 2123 quod
847 2049 1004 2106 sicut
1051 2046 1355 2106 inundatio
1406 2047 1741 2124 grandiniS,
1794 2044 2063 2122 procella
2113 2048 2348 2120 medie,
2416 2051 2572 2108 sieut

454 2148 760 2225 inundatio
816 2165 1105 2225 aquarum
1150 2147 1483 2207 validarum
1534 2147 1776 2224 dejiciet
1827 2148 1886 2205 in
1934 2155 2151 2207 terram
2189 2166 2393 2225 manu,
2460 2167 2572 2227 per

455 2248 803 2325 grandinem
866 2255 925 2308 et
973 2248 1104 2326 ejus
1139 2249 1587 2308 inundationem
1622 2247 2029 2322 significantur
2076 2248 2231 2307 falsa
2267 2267 2420 2325 quae
2458 2249 2566 2309 de-

454 2356 694 2409 struunt
738 2366 884 2409 vera
917 2348 1228 2409 Ecclesiae
1240 2368 1257 2425 3
1310 2367 1423 2427 per
1458 2348 1705 2409 caedem
1753 2353 1814 2407 et
1849 2349 1979 2427 ejus
2013 2349 2338 2425 procellam
2377 2353 2566 2429 signi-

451 2451 706 2511 ficantur
737 2451 898 2509 mala
945 2468 1098 2528 quae
1137 2451 1455 2511 destruunt
1482 2450 1648 2510 bona
1680 2449 2018 2525 Ecclesiae3
2071 2469 2183 2526 per
2229 2466 2416 2527 aquas
2452 2469 2566 2509 va-

451 2552 606 2610 lidas
643 2551 1054 2628 significantur
1087 2550 1242 2610 falsa
1277 2552 1449 2610 mali:
1489 2549 1648 2627 quod
1684 2565 1797 2625 per
1831 2550 2271 2610 inundationem
2308 2557 2370 2609 et
2405 2550 2566 2610 dilu-

454 2655 616 2710 vium
654 2650 1021 2727 significetur
1055 2653 1355 2710 immersio
1391 2652 1454 2709 in
1488 2650 1648 2718 mala
1685 2656 1746 2709 et
1779 2649 1952 2725 falsa,
1994 2660 2055 2711 et
2087 2651 2223 2711 inde
2250 2652 2567 2711 Ecclesiae

455 2752 765 2826 interitus,
817 2749 1093 2808 videatur
1145 2768 1214 2808 n:
1272 2753 1432 2810 660.
1480 2737 1672 2816 705„
1725 2752 1883 2810 739.
1944 2752 2103 2812 756.
2149 2754 2307 2812 790.
2357 2754 2564 2812 5725.

465 2851 688 2923 6853;
743 2848 937 2908 simile
980 2866 1092 2926 per
1141 2849 1534 2927 deiectionem
1593 2853 1655 2910 in
1690 2856 1910 2910 terram
1971 2869 2081 2911 seu
2119 2852 2563 2928 depluitionem.

457 2949 641 3027 Apud
675 2948 947 3007 Eundem
986 2946 1190 3023 „Erit
1221 2948 1426 3012 Terra
1467 2950 1537 3012 in
1565 2950 1772 3032 picem
1809 2950 2164 3027 ardentem,
2220 2972 2263 3013 a
2302 2970 2568 3034 yenera-

458 3049 628 3111 tione
677 3047 1240 3128 ingenerationem
1295 3056 1556 3113 vastata
1585 3050 1759 3113 eriffl‘
1831 3053 2131 3113 XXXIV:
2177 3056 2235 3113 9.
2283 3057 2405 3129 103
2462 3070 2573 3130 per

459 3152 656 3226 picem
694 3148 1001 3209 ardentem
1037 3152 1404 3228 significatur
1430 3170 1602 3214 omne
1638 3152 1860 3213 malum
1898 3156 2229 3214 scaturiens
2267 3169 2340 3215 ex
2367 3169 2573 3214 amore

462 3252 592 3325 sui,
647 3267 758 3326 per
792 3250 952 3332 quod
984 3269 1233 3328 prorsus
1268 3256 1427 3331 perit
1463 3262 1522 3314 et
1559 3259 1831 3314 vastatur
1865 3255 2155 3330 Ecclesia,
2196 3272 2381 3332 quare
2418 3253 2571 3313 dici-

459 3357 585 3424 tur,
643 3353 754 3409 erit
795 3356 954 3410 terra
1000 3355 1061 3421 in
1096 3355 1288 3430 picem
1326 3355 1662 3430 ardentem,
1719 3371 1757 3412 a
1790 3357 2174 3432 generatione
2212 3358 2273 3414 in
2309 3370 2567 3433 genera-

459 3453 680 3512 tionem
726 3458 965 3511 vastata
1002 3455 1139 3530 erit3
1196 3458 1328 3533 quis
1371 3473 1487 3514 non
1524 3455 1717 3529 videt,
1773 3455 1934 3531 quod
1979 3455 2123 3514 talia
2170 3474 2286 3514 non
2326 3456 2400 3515 de
2437 3457 2572 3532 ipsa

457 3559 618 3613 terra
646 3553 934 3614 dieantur.
986 3554 1167 3630 Apud
1195 3555 1467 3615 Eundem
1497 3552 1776 3633 „Luyet,
1821 3550 2178 3633 lanqueceit
2207 3558 2395 3628 terra,
2426 3574 2573 3615 eru-

456 3652 594 3714 buit
629 3651 922 3716 Libanus
957 3658 1017 3714 et
1051 3654 1406 3715 emarcuit“
1446 3652 1759 3714 XXXIII:
1804 3655 1879 3728 93
1936 3659 2099 3711 terra
2135 3654 2314 3711 etiam
2361 3653 2442 3712 ibi
2480 3661 2572 3714 est
2599 3682 2616 3698 s

455 3752 761 3828 Ecclesia,
817 3770 973 3832 quae
1033 3754 1241 3830 lugere
1295 3760 1356 3812 et
1404 3753 1799 3830 languescere
1847 3752 2093 3824 dieitur,
2147 3752 2383 3829 quando
2420 3754 2575 3815 falsa

456 3871 569 3933 pro
603 3857 762 3915 veris
798 3855 1089 3930 incipiunt
1123 3853 1493 3929 apprehendi
1529 3861 1590 3913 et
1627 3855 1901 3930 agnosci3
1958 3872 2140 3931 quare
2178 3854 2391 3914 dicitur
2427 3872 2569 3914 eru-

456 3954 588 4015 buit
611 3954 878 4014 Libanus
916 3959 977 4012 ct
1004 3953 1308 4025 emarcuit,
1344 3970 1456 4030 per
1480 3953 1773 4012 Libanum
1801 3954 2164 4032 significatur
2190 3945 2383 4016 simile
2413 3954 2574 4031 quod

458 4071 570 4132 per
605 4055 873 4127 cedrum,
930 4070 1147 4130 nempe
1183 4069 1389 4113 verum
1424 4054 1753 4115 Ecclesiae.
1808 4057 1989 4135 Apud
2024 4057 2349 4117 Jeremiam
2387 4055 2569 4130 „Ac-

460 4152 669 4213 cendit
702 4150 834 4210 Leo
873 4171 952 4212 ex
993 4157 1235 4233 vepreto
1271 4172 1418 4226 cuo,
1453 4160 1512 4216 et
1541 4153 1836 4237 perditor
1871 4156 2159 4238 ⁸centium,
2184 4157 2511 4238 profectus
2539 4175 2572 4216 e

461 4249 592 4309 loco
645 4268 759 4311 cuo
774 4295 790 4325 ,
855 4252 945 4314 ad
1006 4254 1421 4337 rediyendum
1472 4256 1739 4322 Terram
1798 4264 1977 4322 tuam
2039 4258 2107 4320 in
2167 4257 2534 4319 vastitatem
2541 4275 2569 4329 ,⁶
