2791 4778
1742 293 1768 320 Β

508 382 619 435 444
851 368 1345 424 APOCALYPSIS
1388 367 1823 455 EXPLICATA.
1889 368 1934 435 ς.
1979 375 2103 430 405.
2145 354 2280 431 4054
2345 347 2348 350 ’

505 532 800 591 Dominus
851 528 1133 587 sustinuit
1182 530 1419 586 cumin
1473 526 1697 588 Mundo
1751 526 1895 601 suit3
1967 523 2260 587 Dominus
2312 530 2466 589 enim
2505 546 2598 604 per

509 630 899 702 Tentationes
955 628 1030 686 ab
1083 620 1327 687 infernis
1364 630 1426 686 in
1463 644 1527 686 se
1569 627 1865 686 admissas
1905 634 1964 687 et
1996 645 2106 703 per
2140 618 2422 690 victorias
2456 634 2594 704 tunc,

504 731 739 807 redegit
775 730 970 789 omnia
1021 732 1081 787 in
1129 728 1382 787 Infernis
1432 731 1494 786 in
1540 728 1840 797 ordinem,
1892 735 1950 786 et
1999 745 2234 803 quoque
2282 729 2596 792 Humanum

505 850 683 891 suum
718 825 1096 908 glorificavit,
1149 830 1261 887 hoc
1300 835 1421 901 est,
1477 823 1759 903 Divinum
1798 829 1970 888 fecit:
2026 828 2186 904 quod
2223 846 2426 888 omnes
2454 830 2594 888 'Pen-

510 935 768 992 tationes
803 931 1044 990 Domini
1079 936 1198 988 tam
1235 931 1446 1006 paucis
1495 929 1831 1005 descriptae
1874 930 2121 1003 suerint,
2180 938 2275 989 est
2329 920 2463 1005 quia
2494 948 2594 988 non

506 1033 681 1092 aliter
728 1031 1017 1090 revelavit
1069 1031 1203 1090 illas
1219 1052 1234 1107 3
1292 1030 1401 1087 sed
1450 1032 1744 1105 usque-in
1796 1029 2026 1088 interno
2063 1046 2248 1089 sensu
2288 1031 2462 1089 Verbi
2493 1031 2589 1089 de-

508 1133 847 1192 scribuntur
883 1131 1116 1207 ample:
1173 1149 1378 1191 verum
1422 1130 1495 1188 de
1530 1127 1991 1188 Tentationibus
2032 1130 2285 1189 Domini.
2307 1132 2592 1188 videantur

507 1250 662 1308 quae
698 1235 758 1292 in
794 1232 1123 1292 Docrmm‘
1152 1232 1372 1293 Novae
1408 1232 1921 1305 Hmnosomms,
1952 1250 2009 1289 n:
2045 1234 2226 1289 201.
2260 1234 2414 1291 293.
2447 1233 2587 1304 302,

499 1332 684 1392 allata
729 1339 881 1391 sunt.
1901 1382 1906 1386 .
2002 1386 2006 1390 .
2083 1337 2086 1341 ’
2140 1394 2144 1398 ,

697 1435 859 1491 406.
912 1433 1220 1490 Hactenus
1259 1441 1565 1492 ostensum
1600 1429 1720 1503 est,
1775 1433 1915 1509 quid
1955 1432 2249 1508 significat
2292 1448 2472 1504 mons,
2508 1448 2590 1494 se.-

505 1535 704 1610 quitur
740 1541 804 1590 ut
839 1533 1191 1590 ostendatur
1227 1534 1367 1609 quid
1415 1532 1709 1609 significat
1748 1533 1984 1605 Insula,
2043 1552 2175 1591 nam
2217 1520 2445 1602 dicitur,
2478 1550 2590 1590 om-

502 1633 610 1694 nis
652 1651 832 1692 mons
872 1637 931 1690 et
972 1630 1191 1692 insula
1235 1652 1267 1691 e
1306 1630 1463 1693 locis
1499 1633 1642 1694 suis
1667 1641 1875 1695 emota
1917 1639 2090 1707 sunt,
2133 1641 2193 1691 et
2231 1634 2374 1691 alibi
2414 1631 2593 1706 „Om-

499 1734 606 1793 πίε
648 1729 865 1794 insula
899 1733 1114 1811 sugit,
1162 1740 1222 1793 et
1256 1739 1497 1794 montes
1524 1752 1645 1793 non
1678 1734 1919 1795 inventi
1956 1736 2154 1794 eunt“
2193 1735 2392 1810 Apoc:
2430 1732 2590 1791 XVI:

413 1865 419 1870 ·
506 1836 618 1892 20.
693 1836 810 1892 Per
843 1833 1082 1892 Insulas
1124 1837 1184 1891 in
1222 1833 1423 1892 Verbo
1460 1849 1578 1893 non
1615 1817 2344 1911 intelliguntur-Insulae,
2389 1852 2491 1916 nec
2523 1832 2594 1891 illi

501 1936 605 2009 qui
650 1934 924 1992 habitant
972 1949 1157 2010 super
1208 1934 1455 2006 insuliS,
1529 1935 1636 1994 sed
1689 1936 2039 2018 intelligitur
2102 1936 2393 1993 naturalis
2439 1934 2592 1992 homo

498 2034 699 2110 quoad
735 2052 879 2093 vera
920 2052 1073 2111 quae
1112 2037 1170 2092 in
1214 2035 1344 2108 illo,
1406 2043 1466 2093 et
1514 2035 1649 2094 inde
1689 2036 1991 2094 abstracte
2028 2036 2594 2111 significantur-<vera

500 2135 809 2194 naturalis*
836 2137 1122 2196 hominis:
1179 2153 1321 2192 vera
1370 2137 1660 2194 naturalis
1696 2136 1951 2194 hominis
1975 2142 2139 2195 sunt
2186 2136 2591 2195 verascienti·

499 2236 642 2310 fica,
712 2255 865 2312 quae
922 2236 1033 2296 sub
1098 2238 1408 2295 intuitione
1464 2236 1771 2295 rationalis
1821 2226 2073 2296 hominis
2130 2243 2300 2310 sunt,
2373 2244 2431 2294 et
2473 2240 2594 2293 sunt

501 2340 868 2415 cognitiones
898 2340 1049 2411 veri,
1112 2354 1266 2413 quae
1309 2337 1423 2395 sub
1459 2338 1771 2396 intuitione
1802 2337 2130 2414 spiritualis
2163 2337 2419 2397 hominis
2445 2342 2592 2407 sunt5

502 2441 871 2515 cognitiones
910 2441 1036 2501 veri
1081 2445 1218 2496 sunt
1269 2456 1422 2513 quae
1472 2440 1585 2496 scit
1621 2439 1910 2499 naturalis
1947 2439 2123 2497 homo
2162 2456 2235 2496 ex
2270 2438 2492 2508 Verb0,
2546 2440 2597 2492 et
2679 2450 2680 2499 l

497 2557 645 2598 vera
680 2540 1006 2599 scientifica
1057 2546 1214 2609 sunt,
1271 2557 1424 2612 quae
1471 2539 1633 2596 videt
1661 2539 1950 2596 naturalis
1986 2539 2163 2598 homo
2212 2556 2285 2596 ex
2322 2534 2593 2620 rationali,

498 2658 611 2716 per
652 2634 802 2715 quae
846 2643 1020 2698 etiam
1079 2639 1233 2696 solet
1281 2638 1627 2696 confirmare
1675 2656 1820 2695 vera
1872 2639 2216 2697 Ecclesiae:
2272 2646 2410 2696 sunt
2454 2633 2593 2712 apud

500 2740 795 2798 hominem
854 2741 1028 2799 binae
1083 2740 1353 2808 MenteS,
1430 2757 1549 2797 una
1611 2741 1888 2813 superior
1923 2756 2052 2797 ,seu
2106 2742 2379 2814 interior,
2457 2751 2589 2813 quae

503 2856 671 2896 mens
708 2841 1036 2914 spiritualis
1082 2849 1354 2913 vocatur,
1408 2846 1468 2896 et
1503 2839 1695 2896 altera
1731 2840 1971 2898 inferior
2005 2856 2113 2898 seu
2148 2841 2421 2914 exterior,
2459 2851 2587 2914 quae

497 2955 666 2996 mens
702 2940 991 2996 naturalis
1022 2948 1287 3014 vocatur3
1329 2956 1494 2997 mens
1531 2939 1820 2997 naturalis
1857 2942 2111 3014 primum
2143 2940 2305 3016 apud
2342 2940 2581 2998 homines

502 3039 769 3113 aperitur
798 3044 857 3093 et
896 3040 1212 3109 excolitur,
1260 3043 1401 3113 quia
1435 3040 1585 3097 haec
1613 3042 1879 3117 proxime
1920 3046 2117 3098 exstat
2151 3041 2580 3114 Mundo;,mens

498 3143 697 3195 autem
737 3137 1060 3212 spiritualis
1096 3146 1313 3211 postea
1348 3143 1619 3214 aperitur
1671 3147 1731 3197 et
1778 3140 2094 3214 excolitur,
2168 3141 2278 3200 sed
2325 3145 2576 3217 quantum

496 3239 671 3296 homo
727 3240 850 3295 vita
898 3240 1111 3315 recipit
1165 3241 1532 3313 cognitiones
1590 3244 1716 3299 veri
1763 3259 1916 3316 quae
1971 3259 2041 3299 ex
2109 3241 2314 3300 Verbo
2376 3258 2480 3298 seu
2521 3252 2579 3293 ex

501 3338 769 3399 doctrina
807 3355 839 3398 e
876 3339 1110 3410 Verb0,
1149 3357 1332 3414 quare
1369 3358 1486 3398 non
1530 3342 1796 3416 aperitur
1832 3341 1991 3417 apud
2027 3341 2161 3399 illos
2200 3344 2303 3417 qui
2344 3353 2579 3411 nonap-

501 3439 728 3517 plicant
775 3439 910 3498 illas
958 3442 1143 3515 vitae3
1201 3447 1262 3497 et
1313 3458 1444 3498 cum
1502 3443 1768 3516 aperitur
1825 3441 1997 3500 Mens
2043 3442 2402 3518 spiritualis,
2468 3445 2578 3496 tune

499 3542 688 3600 influit
723 3540 825 3598 lux
873 3541 1041 3600 Coeli
1083 3559 1193 3618 per
1230 3541 1388 3599 illam
1431 3547 1689 3598 mentem
1729 3543 1788 3598 in
1832 3542 2196 3615 naturalem,
2256 3550 2316 3602 et
2351 3537 2579 3600 illustrat

502 3659 662 3712 eam,
718 3659 791 3700 ex
829 3660 945 3717 quo
984 3640 1135 3701 haec
1184 3642 1354 3700 Mens
1405 3641 1470 3698 fit
1518 3641 1874 3717 spiritualis·
1903 3643 2224 3714 naturalis,
2289 3661 2423 3700 nam
2469 3646 2580 3696 tunc

500 3742 663 3800 videt
697 3758 864 3799 mens
919 3743 1244 3818 spiritualis
1301 3745 1360 3800 in
1404 3740 1662 3799 naturali
1712 3759 1906 3817 paene
1966 3746 2125 3801 sieut
2175 3744 2356 3803 homo
2402 3741 2579 3799 faciem

499 3858 670 3899 suam
716 3843 774 3898 in
830 3842 1107 3916 speculo,
1159 3850 1219 3898 et
1272 3845 1542 3917 agnoscit
1588 3841 1691 3898 illa
1744 3859 1899 3916 quae
1953 3844 2319 3902 concordant
2373 3852 2581 3913 secum3

498 3947 563 3998 at
596 3957 731 3998 eum
769 3941 1095 4016 spiritualis
1131 3941 1301 3999 Mens
1340 3928 1709 4019 non‘aperta
1751 3950 1871 4018 est,
1929 3950 1995 4000 ut
2037 3944 2101 4002 fit
2140 3944 2303 4019 apud
2339 3943 2467 4001 illos
2502 3933 2584 4012 qui

497 4056 615 4096 non
664 4041 821 4096 vitae
877 4055 1023 4095 suae
1079 4039 1386 4112 applicant
1434 4044 1800 4117 cognitiones
1860 4046 1988 4102 veri
2041 4050 2102 4101 et
2155 4044 2296 4102 boni
2351 4037 2585 4118 quaein

497 4133 728 4203 Verbo,
786 4142 924 4193 tune
978 4136 1265 4194 formatur
1317 4156 1510 4215 usque
1561 4142 1760 4200 Mens·
1796 4143 1959 4219 apud
2019 4144 2188 4204 illum
2248 4144 2490 4202 interius
2537 4137 2586 4193 in

493 4228 779 4300 naturali,
837 4232 944 4287 sed
993 4232 1142 4290 haec
1187 4233 1359 4294 Mens
1414 4241 1684 4298 consistit
1732 4258 1804 4299 ex
1861 4246 2039 4305 meris
2078 4243 2247 4304 salsis
2298 4249 2359 4303 et
2410 4237 2583 4309 malis,
