2791 4778
461 337 695 395 CAPUT
749 339 1096 408 Qum‘rum,
1846 337 2060 394 vnn&
2104 351 2153 403 9·
2313 354 2419 407 103

294 502 556 562 Divinus
589 498 793 577 Ipsius
829 499 1015 559 Amor
1049 516 1127 560 ex
1161 514 1279 576 quo
1312 497 1419 558 illa
1444 498 1612 574 fecit,
1650 498 2007 558 describitur
2039 517 2151 576 per
2175 502 2236 560 in
2264 506 2423 563 omni

295 602 582 679 angustia
616 618 823 661 eorum
846 599 977 676 Ipsi
1004 601 1313 677 angustia,
1353 605 1415 658 et
1437 598 1708 675 Angelus
1743 599 2030 660 facierum
2055 599 2259 676 Ipsius
2286 618 2420 664 ser-

294 705 470 762 vavit
504 717 640 775 eos,
680 701 757 761 ob
796 717 1058 759 amorem
1095 715 1269 759 suum
1305 704 1369 759 et
1400 698 1776 758 clementiam
1812 716 1983 758 suam
2019 700 2133 759 Hic
2169 701 2423 763 redemit

298 818 408 862 eos
447 808 509 862 et
543 802 829 860 assumsit
855 816 982 870 eos,
1018 806 1078 859 et
1111 799 1375 876 portabit
1404 815 1507 859 eos
1535 798 1807 858 omnibus
1845 799 2057 860 diebus
2094 805 2420 863 aeternita-

296 905 380 961 tis
391 924 408 979 3
444 901 585 960 inde
619 907 810 978 patet,
845 899 1006 977 quod
1041 917 1151 976 per
1183 899 1553 975 Redemptos
1589 905 1652 958 et
1684 916 1796 975 per
1824 916 1929 959 eos
1966 917 2115 977 quos
2151 901 2423 974 redemit,

294 1002 712 1079 significentur
745 1017 899 1079 quos
933 1000 1259 1060 vindicavit
1302 1018 1339 1058 a
1360 1000 1561 1059 furore
1600 1015 1806 1060 eorum
1842 1002 1943 1076 qui
1977 1001 2053 1060 ab
2081 1000 2323 1063 Inferno
2359 1011 2421 1064 et

292 1102 577 1163 salvavit.
650 1101 832 1179 Apud
870 1100 1142 1160 Eundem
1178 1143 1217 1175 „
1239 1098 1351 1161 Sic
1387 1098 1569 1161 dimit
1593 1097 1912 1174 Jehovak,
1968 1097 2229 1163 Oreator
2268 1107 2420 1168 tuus

293 1200 515 1277 Jacob,
557 1206 618 1262 et
651 1199 995 1262 Formator
1032 1205 1185 1262 tuas
1219 1196 1454 1274 Israel,
1497 1200 1599 1277 [ne
1636 1190 1829 1288 time]
1868 1218 2022 1261 nam
2046 1199 2320 1263 Redemi
2342 1208 2419 1275 te,

294 1301 520 1363 vocavi
554 1301 806 1364 nomine
846 1307 956 1364 tuo
995 1300 1168 1362 Mihi
1205 1304 1323 1362 tu“
1376 1300 1618 1361 XLIII:
1664 1304 1723 1376 13
1778 1300 1940 1377 quod
1973 1318 2084 1378 per
2119 1303 2415 1364 redimere

297 1402 668 1477 significetur
700 1402 960 1463 liberare
996 1400 1071 1460 ab
1098 1401 1361 1473 Inferno,·
1398 1407 1458 1460 et
1492 1400 1771 1460 addicare
1808 1418 1879 1460 ac
1906 1402 2268 1479 conjungere
2303 1404 2417 1463 sibi

298 1507 375 1561 ut
407 1500 608 1577 Ipsius
641 1504 792 1573 sint,
844 1508 1048 1579 patet,
1103 1519 1240 1560 nam
1277 1501 1494 1561 dicitur
1528 1501 1758 1561 redemi
1792 1507 1880 1576 te,
1935 1505 2146 1562 vocavi
2178 1506 2415 1564 nomine

298 1608 408 1660 tuo
444 1600 592 1659 Mihi
625 1607 688 1659 tu
700 1621 716 1676 3
756 1604 891 1677 quia
915 1602 1030 1662 hoc
1065 1601 1135 1661 fit
1166 1620 1276 1678 per
1299 1602 1780 1662 reformationem
1816 1609 1877 1662 et
1899 1605 2414 1679 regenerationem

296 1720 336 1760 a
370 1700 646 1776 Domino,
701 1702 835 1761 ideo
872 1702 1086 1762 dicitur
1122 1701 1404 1762 Jehovah
1441 1699 1692 1778 Creator
1725 1707 1866 1761 tuus
1893 1701 2107 1775 Jacob,
2165 1709 2228 1762 et
2259 1703 2411 1763 For-

147 1779 178 1798 *
292 1807 491 1860 mator
526 1808 666 1861 tuus
698 1802 922 1877 Israe’l,
981 1802 1232 1863 Creator
1265 1807 1517 1862 vocatur
1552 1804 1692 1879 quia
1723 1818 1835 1878 per
1871 1819 2077 1863 creare
2112 1804 2171 1861 in
2209 1802 2413 1865 Verbo

291 1900 662 1980 significatur
719 1920 1109 1979 regenerare,
1179 1902 1457 1961 videatur
1516 1918 1704 1979 supra
1763 1920 1833 1962 n:
1877 1905 2047 1978 2943
2103 1902 2297 1965 Jacob
2347 1911 2410 1964 et

290 2003 485 2062 Israel
519 2000 858 2079 significant
892 2003 1028 2062 illos
1086 2006 1188 2080 qui
1244 2002 1319 2060 ab
1355 2002 1664 2075 Ecclesia,
1719 2011 1779 2064 et
1835 2005 1897 2061 in
1931 2004 2089 2062 veris
2141 2021 2218 2063 ex
2252 2003 2411 2065 bono

291 2109 449 2163 sunt.
517 2102 700 2181 Apud
733 2102 1006 2163 Eundem
1063 2101 1338 2179 „Dicite
1363 2099 1554 2184 filiae
1588 2102 1852 2179 Zionis,
1906 2120 2038 2163 eece
2073 2100 2259 2166 salus
2296 2108 2412 2166 tua

287 2203 495 2282 venit,
568 2220 701 2263 eece
766 2221 999 2265 merces·
1049 2202 1279 2284 Ipsius
1324 2221 1467 2264 eum
1516 2200 1647 2264 1120
1664 2248 1681 2278 ,
1747 2209 1811 2265 et
1857 2202 2140 2283 pretium
2189 2222 2411 2284 operae

287 2322 502 2365 eoram
538 2302 695 2384 Ipso
709 2324 738 2376 ,·
790 2307 851 2363 et
907 2304 1212 2365 vocabunt
1262 2300 1444 2379 illos,
1487 2300 1771 2383 populus
1815 2301 2215 2378 sanctitatis,
2270 2301 2405 2364 Re-

288 2404 533 2483 dempti
569 2403 887 2465 Jehovae“
932 2405 1138 2464 LXII:
1182 2409 1210 2464 1
1235 2410 1290 2465 1.
1329 2409 1357 2464 1
1378 2409 1439 2481 23
1473 2404 1571 2464 hic
1607 2407 1787 2464 etiam
1822 2406 2019 2480 agitur
2045 2405 2120 2464 de
2147 2403 2409 2465 adventu

290 2504 563 2577 Domini,
619 2511 680 2562 et
742 2505 814 2564 de
870 2506 1299 2567 instauratione
1336 2505 1647 2565 Ecclesiae
1703 2505 1777 2564 ab
1814 2504 1987 2582 Ips03
2041 2504 2165 2564 filia
2197 2490 2403 2564 Zionis

294 2603 592 2678 significat
616 2604 947 2663 Ecclesiam
982 2624 1136 2682 quae
1165 2609 1228 2665 in
1253 2604 1476 2666 Amor‘e
1512 2607 1573 2663 in
1599 2605 1921 2664 Dominum
1949 2613 2071 2682 est3
2108 2604 2403 2664 adventus

295 2702 499 2779 Ipsius
534 2703 884 2780 intelligitur
905 2690 1022 2781 per
1043 2723 1184 2766 ecce
1211 2707 1377 2766 salus
1410 2713 1513 2765 tua
1539 2709 1727 2781 venit,
1768 2722 1910 2767 ecce
1945 2722 2175 2766 merces
2201 2703 2404 2782 Ipsius

289 2821 427 2863 cum
461 2803 576 2862 Illo
589 2800 607 2878 ,
647 2810 708 2862 et
740 2807 994 2880 pretium
1032 2823 1254 2882 operae
1291 2823 1492 2866 coram
1528 2790 1701 2884 Ipso,
1759 2807 2064 2867 reformati
2109 2812 2169 2865 et
2212 2823 2394 2882 rege-

284 2905 483 2963 nerati
517 2903 595 2964 ab
619 2905 762 2980 Ipso
797 2906 1209 2982 intelliguntur
1244 2924 1355 2982 per
1377 2906 1749 2984 Redemptos
1775 2905 2082 2983 Jeliovae,
2123 2906 2283 2983 quod
2315 2908 2403 2968 illi

285 3004 562 3064 dieantur
593 3005 948 3082 Redempti,
1003 3014 1096 3065 est
1131 3008 1273 3082 quia
1314 3006 1402 3066 illi
1446 3025 1558 3084 per
1603 3010 2119 3085 regenerationem
2164 3005 2404 3068 liberati

282 3111 426 3163 sunt
462 3122 499 3166 a
524 3104 727 3179 malis,
767 3112 828 3165 et
862 3106 1123 3166 addicati
1156 3124 1226 3166 ac
1263 3108 1564 3184 conjuncti
1587 3108 1861 3167 Domino.
1914 3109 2097 3184 Apud
2129 3107 2402 3168 Eundem

286 3247 326 3279 „
352 3202 505 3266 Non
554 3204 678 3265 erit
730 3201 851 3281 Ze0,
923 3211 985 3265 et
1029 3224 1244 3286 rapam
1288 3206 1591 3287 serarum
1634 3227 1760 3269 non
1797 3207 2152 3270 invenietur
2196 3206 2266 3266 in
2305 3224 2398 3281 ea,

281 3302 397 3365 sed
445 3304 628 3365 ibunt
674 3322 1021 3381 mmmmm
1091 3305 1188 3366 sie
1236 3325 1554 3367 aunumr'n
1587 3307 1876 3370 anovu:
1907 3312 2294 3369 revertentur
2340 3313 2401 3367 et

279 3404 524 3465 venient
550 3402 825 3464 Ziomm
860 3422 1003 3466 eum
1036 3409 1244 3482 cantu,
1279 3405 1599 3486 yaudium
1638 3405 2034 3469 aeternitatis
2066 3423 2255 3484 super
2285 3422 2396 3465 ea-

269 3502 412 3583 pite
444 3523 661 3566 eorum
682 3506 721 3538 ‘⁴'
774 3504 1044 3566 XXXV:
1090 3509 1148 3566 9.
1211 3509 1333 3583 103
1392 3510 1571 3567 etiam
1615 3503 1695 3566 ibi
1749 3509 1946 3583 agitur
1997 3505 2071 3565 de
2133 3504 2397 3564 adventu

280 3603 552 3673 Domini,
588 3610 651 3664 et
685 3604 760 3662 de
795 3604 1133 3666 salvatione
1168 3606 1406 3665 illorum
1443 3609 1543 3684 qui
1582 3623 1648 3666 se
1688 3623 1725 3664 a
1759 3606 2014 3664 Domino
2052 3608 2397 3683 regenerari

282 3704 618 3781 patiuntur-3
672 3704 834 3782 quod
869 3723 989 3765 non
1023 3705 1186 3783 apud
1221 3705 1354 3765 illos
1415 3703 1527 3766 erit
1558 3707 1774 3765 falsum
1812 3705 2128 3766 destruens
2163 3723 2393 3781 verum,

280 3818 352 3860 ac
398 3802 619 3863 malum
656 3805 982 3866 destruens
1026 3805 1280 3878 bonum,
1333 3805 1702 3883 significatur
1748 3824 1861 3882 per
1909 3806 2067 3882 quod
2114 3824 2232 3866 non
2282 3810 2396 3868 erit

279 3901 410 3972 leo,
465 3907 537 3961 et
559 3904 717 3980 quod
751 3922 944 3984 rapax
976 3905 1239 3966 ferarum
1287 3924 1405 3965 non
1448 3908 1785 3970 invenietur
1818 3908 1878 3966 in
1916 3923 2026 3984 ea3
2084 3908 2242 3985 quod
2277 3911 2397 3968 sint

277 4000 568 4062 vindicati
601 4021 638 4063 a
663 4005 836 4065 malis
874 4011 935 4065 et
966 4005 1205 4066 liberati
1241 4023 1277 4064 a
1302 4006 1506 4079 salsis,
1544 4006 1912 4082 significatur
1943 4026 2056 4085 per
2087 4009 2259 4068 ibunt
2292 4026 2392 4068 re-

274 4102 528 4180 dempti,
581 4106 671 4164 sic
719 4106 1019 4184 redempti
1053 4105 1328 4166 Jehovae
1377 4114 1783 4184 revertentur3
1837 4107 2091 4168 felicitas
2147 4114 2395 4166 aeterna

270 4202 389 4264 illis
426 4206 797 4282 significatur
842 4224 952 4283 per
987 4208 1228 4267 venient
1264 4207 1511 4268 Zionem
1559 4223 1693 4266 cum
1739 4216 1942 4281 cantu,
2004 4213 2062 4267 et
2107 4207 2391 4283 gaudium
