2791 4778
414 373 524 429 242
859 356 1356 415 APOCALYPSIS
1400 354 1840 414 EXPLICATA.
1895 355 1944 424 ς.
1987 311 2120 418 sve.

412 526 849 601 cognoscuntur
884 520 942 576 in
976 517 1227 596 plateis,
1287 518 1481 574 forma
1517 514 1819 592 significat
1858 514 2038 590 quale
2076 515 2236 587 veri,
2292 514 2539 590 nigredo

413 623 709 701 significat
735 638 852 680 non
877 618 1135 696 amplius
1177 632 1511 693 apparen8‚
1566 614 1810 692 plateae
1856 615 2196 692 significant
2232 631 2379 672 vera
2426 614 2534 674 do-

415 725 668 795 ctrinae,
725 727 788 780 et
830 736 950 779 non
996 720 1277 795 cognosci
1325 719 1387 775 in
1436 717 1555 775 illis
1598 715 1896 792 significat
1948 732 2064 774 non
2102 717 2459 790 recognosci
2507 731 2542 772 a

414 823 690 903 genuinis
726 822 920 881 veris:
979 819 1119 895 quid
1153 834 1333 894 porro
1368 835 1482 893 per
1515 817 1845 877 Naziraeos
1882 815 2274 891 significatur,
2314 815 2541 874 dicetur

416 925 576 984 alibi.
643 921 825 999 Apud
862 921 1191 980 Jeremiam
1246 962 1284 992 „
1308 915 1606 977 Vastitas
1642 915 1766 976 erit
1814 920 1950 976 tota
1989 921 2194 984 terra,
2248 933 2536 975 comum-

414 1023 754 1085 mationem
815 1027 1024 1081 tamen
1078 1037 1202 1078 non
1251 1016 1510 1097 faciam
1525 1037 1553 1088 ,⁰
1619 1023 1886 1095 propter
1946 1015 2060 1076 hoc
2112 1012 2360 1095 Zuyebit
2414 1021 2540 1076 tota

416 1131 620 1198 terra,
675 1127 735 1182 et
772 1118 977 1182 atrati
1023 1123 1207 1179 erunt
1253 1115 1429 1179 Coeli
1471 1117 1787 1195 desuper“
1836 1116 1957 1176 IV:
2014 1120 2126 1175 27.
2166 1119 2294 1190 283
2350 1118 2534 1175 vasti-

414 1236 510 1285 tas
548 1225 661 1284 erit
694 1228 822 1283 tota
855 1228 1045 1294 terra,
1101 1219 1395 1295 significat
1437 1218 1597 1294 quod
1631 1217 1854 1276 bonum
1882 1225 1941 1277 et
1969 1233 2181 1275 verum
2219 1219 2285 1275 in
2323 1217 2535 1277 Eccle-

300 1317 311 1327 ’
417 1328 508 1384 sia
554 1326 921 1402 periturum,
988 1327 1150 1378 terra
1193 1328 1288 1378 est
1333 1318 1614 1378 Ecclesia
1629 1338 1645 1392 ;
1717 1319 2296 1376 consummationem
2346 1323 2537 1377 tamen

417 1444 534 1484 non
567 1425 811 1495 faciam,
851 1419 1147 1498 significat
1183 1420 1342 1496 quod
1382 1435 1576 1494 usque
1616 1416 1842 1493 aliquid
1875 1417 2016 1475 boni
2046 1425 2104 1476 et
2141 1419 2275 1476 veri
2301 1436 2534 1478 reman-

416 1544 652 1600 surum3
708 1529 955 1601 propter
1013 1520 1127 1579 hoe
1180 1520 1414 1596 lugebit
1465 1525 1655 1592 terra,
1714 1518 2011 1594 significat
2065 1518 2537 1578 imbecillitatem

416 1626 726 1686 Ecclesiae
775 1622 942 1696 inde3
1018 1622 1194 1679 atrati
1254 1626 1430 1680 erunt
1484 1618 1655 1678 Coeli
1721 1618 2013 1695 desuper,
2070 1619 2378 1694 significat
2430 1636 2537 1678 non

418 1728 676 1803 aliquem
718 1725 999 1781 inssuxmn
1046 1721 1186 1780 boni
1234 1728 1294 1780 et
1342 1721 1473 1779 veri
1524 1737 1563 1777 a
1595 1719 1853 1778 Domino
1890 1736 1999 1794 per
2036 1717 2289 1777 Coelum
2304 1740 2322 1795 3
2380 1718 2538 1779 Coeli

418 1829 573 1884 enim
607 1824 886 1882 dicuntur
910 1823 1117 1904 atrati,
1159 1821 1399 1897 quando
1434 1837 1553 1878 non
1580 1819 1774 1879 influit
1803 1836 1839 1876 a
1866 1818 2122 1877 Domino
2149 1837 2265 1896 per
2294 1819 2535 1880 Ocelum

416 1925 617 2001 aliqua
657 1922 888 1981 affectio
928 1929 989 1981 et
1025 1924 1337 1998 perceptio
1370 1923 1518 1979 veri.
1597 1920 1892 1996 Quoniam
1918 1919 2114 1979 luctus
2151 1923 2213 1978 in
2251 1920 2534 1979 Ecclesiis

414 2032 550 2084 ante
596 2024 917 2083 adventum
955 2024 1228 2092 Domini,
1286 2038 1440 2097 quae
1482 2027 1655 2081 erant
1694 2020 2006 2080 Ecclesiae
2058 2019 2531 2098 repraesentati-

416 2144 558 2202 vae,
610 2123 1107 2202 repraesentabat
1161 2122 1428 2181 dolorem
1477 2123 1691 2181 mentis
1740 2122 2115 2196 spiritualem
2153 2120 2228 2179 ob
2271 2138 2395 2180 non
2431 2137 2532 2180 ve-

416 2246 545 2287 rum
598 2235 659 2284 et
706 2226 956 2298 bonum,
1012 2223 1208 2282 luctus
1261 2225 1416 2281 enim
1467 2228 1597 2281 erat
1647 2228 1896 2298 propter
1945 2223 2413 2300 oppressionem
2466 2221 2534 2280 ab

413 2331 618 2402 hoste,
666 2333 915 2406 propter
950 2329 1198 2383 mortem
1235 2326 1425 2400 patris
1468 2329 1573 2381 aut
1613 2324 1853 2398 matris,
1911 2329 1970 2381 et
2009 2328 2263 2401 propter
2301 2322 2529 2396 similia,

416 2440 476 2490 et
512 2449 623 2507 per
659 2428 1110 2506 oppressionem
1149 2425 1222 2483 ab
1258 2424 1435 2483 hoste
1472 2423 1920 2500 significabatur
1948 2426 2267 2500 oppressio
2299 2440 2338 2482 a
2367 2424 2532 2483 malis

416 2550 569 2608 quae
611 2530 685 2589 ab
720 2530 981 2596 inferno,
1037 2533 1096 2584 et
1129 2543 1239 2602 per
1274 2532 1508 2600 patrem
1551 2531 1611 2583 et
1650 2531 1899 2583 matrem
1937 2524 2397 2601 significabatur
2421 2526 2534 2584 Ec-

416 2633 602 2690 clesia
644 2629 841 2707 quoad
881 2629 1101 2686 bonum
1148 2636 1206 2683 et
1246 2626 1444 2701 quoad
1491 2642 1727 2700 verum3
1785 2626 1927 2701 quia
1967 2627 2116 2685 haec
2167 2642 2527 2700 repraesen-

415 2732 697 2788 tabantur
748 2746 856 2805 per
905 2728 1102 2787 luctus
1148 2726 1308 2803 apud
1336 2726 1505 2799 illos,
1560 2725 1697 2784 ideo
1737 2733 1877 2783 tunc
1913 2725 2272 2785 incedebant
2326 2729 2527 2799 atrati3

415 2838 481 2889 nt·
519 2829 678 2906 apud
712 2828 1008 2887 Davidem
1050 2827 1270 2901 „Dico
1299 2825 1447 2885 Deo
1473 2823 1707 2887 Petrae
1731 2844 1931 2901 meae,
1971 2845 2168 2905 quare
2200 2824 2438 2888 oblitus
2468 2843 2529 2885 ea

415 2930 566 3003 mei,
615 2946 808 3007 quare
844 2932 1099 2989 atratus
1138 2925 1431 2988 incedam
1468 2926 1540 2988 in
1577 2926 1980 3005 oppressione
2012 2926 2264 2987 hostis“
2297 2927 2523 2987 Psalm:

414 3029 620 3091 XLII:
673 3030 779 3087 10.
816 3027 1047 3086 Psalm:
1088 3027 1326 3088 XLIII:
1380 3032 1453 3085 2:
1511 3027 1675 3103 apud
1698 3028 1968 3087 Eundem
1995 3026 2268 3103 „Quasi
2304 3025 2523 3107 luyens

415 3136 682 3190 matrem
717 3131 972 3188 atratus
1018 3126 1345 3189 incurvavi
1391 3130 1532 3187 me“
1584 3127 1822 3187 Psalm:
1860 3127 2143 3187 XXXV:
2190 3131 2313 3187 14:
2369 3127 2519 3205 apud

415 3231 685 3290 Eundem
743 3226 1074 3301 „Eversus
1127 3248 1299 3297 sam,
1370 3228 1744 3289 incurvatus
1793 3246 1936 3287 sum
1975 3225 2189 3303 valde,
2245 3234 2375 3291 toto
2427 3225 2519 3288 die

414 3336 671 3393 atratus
723 3328 954 3389 incessi
965 3331 997 3360 “
1067 3329 1302 3388 Psalnu:
1366 3328 1741 3388 XXXVIII:
1806 3334 1876 3387 7:
1958 3329 2123 3405 apud
2173 3330 2518 3389 Malachiam

417 3430 810 3509 „Dz·xz·stz·s‚
867 3428 1024 3510 quid
1074 3426 1266 3503 lucri,
1319 3429 1382 3488 si
1422 3427 1813 3490 ambulemus
1854 3428 2060 3489 atrati
2093 3448 2308 3491 coram
2343 3427 2518 3491 Jeho-

412 3533 583 3596 vah“
631 3532 758 3594 111:
812 3534 931 3590 14:
988 3529 1151 3608 apud
1206 3529 1537 3590 Jeremiam
1593 3527 1848 3608 „Super
1892 3529 2319 3608 confractione
2348 3527 2520 3612 filiae

401 3634 635 3718 populi
669 3633 821 3707 mei,
867 3632 1229 3712 confi-actus
1265 3649 1442 3705 sum,
1492 3635 1749 3690 atratus
1795 3632 1984 3689 sum“
2025 3630 2201 3690 VIII:
2246 3634 2374 3708 213
2411 3630 2522 3689 filia

412 3737 623 3814 populi
659 3733 953 3811 significat
986 3732 1338 3791 Ecclesiam.
1422 3731 1605 3808 Apud
1649 3731 1980 3790 Jeremiam
2022 3728 2285 3805 „Luxit
2331 3729 2515 3793 ,Τελα-

412 3833 545 3893 dah
556 3878 572 3908 ,
622 3839 681 3893 et
706 3839 932 3911 portae
974 3833 1030 3914 ej
1036 3852 1110 3893 aa
1156 3830 1626 3912 lanquescentes
1654 3830 1880 3910 factae
1920 3835 2109 3903 sunt;
2149 3832 2358 3894 atrati
2382 3832 2521 3892 sunt

412 3952 612 4011 usque
656 3931 746 3992 ad
790 3938 1060 3994 tmam:
1113 3937 1172 3991 et
1217 3930 1458 3994 clamor
1494 3927 1988 4012 fflerosolymae
2013 3931 2343 4006 ascendit;
2381 3946 2521 3993 nam

410 4036 746 4111 maynates
784 4048 998 4092 eorum
1044 4030 1353 4092 miserunt
1385 4032 1661 4095 minore-s·
1702 4050 1854 4092 suos
1894 4051 2098 4111 aquae
2138 4051 2372 4107 causa,
2422 4048 2517 4091 ve-

412 4136 637 4193 nerunt
671 4130 762 4191 ad
789 4128 1020 4209 foveas
1036 4178 1049 4203 ‚
1092 4148 1201 4190 nec
1235 4129 1599 4194 invenerunt
1625 4151 1855 4212 aquas,
1900 4150 2154 4194 reversa
2188 4139 2343 4195 sunt
2368 4145 2518 4193 vasa

412 4252 626 4295 eoram
667 4230 914 4293 vacua“
969 4231 1149 4292 XIV:
1197 4236 1255 4289 2.
1307 4235 1377 4308 33
1444 4233 1602 4308 quod
1646 4240 1870 4291 atratus
1912 4232 2204 4311 significet
2252 4234 2511 4294 dolorem
