2791 4778
454 396 525 448 3ss
754 381 1246 440 APOCALYPSIS
1303 380 1734 440 EXPLICATA.
1807 383 1854 451 §-
1902 393 2032 446 306.
2107 392 2239 445 307.

251 554 410 615 [366]
451 546 567 603 nisi
600 544 663 601 in
689 541 897 601 ordIne
933 541 1116 615 foret,
1157 539 1581 618 dissiparetur3
1640 538 1887 599 Ocelum
1923 556 2181 617 namque
2216 542 2576 620 Angelicum

452 644 793 703 distinctum
831 648 925 700 est
957 644 1019 700 in
1057 639 1411 715 Societates,
1469 647 1530 700 et
1563 638 1897 700 Societates
1945 641 2250 701 ordinatae
2288 651 2428 703 sunt
2462 662 2570 706 se-

450 743 709 803 cundum
746 741 1090 801 affectiones
1132 743 1261 800 veri
1313 747 1374 800 et
1424 739 1592 814 boni,
1659 746 1719 800 et
1751 739 1867 800 hae
1906 747 2047 801 sunt
2098 743 2458 821 multiplices
2507 752 2572 806 et

446 847 821 918 innumerae,
859 841 1011 902 haec
1042 841 1330 900 ordinatio
1360 842 1533 900 unice
1563 840 1863 917 dependet
1892 859 1967 901 ex
1992 841 2231 901 Infinita
2253 844 2571 921 Sapientia

445 943 655 1018 Unius,
696 943 797 1019 qui
833 946 947 1001 scit
981 943 1212 1016 omnia,
1251 943 1560 1018 cognoscit
1595 942 1790 1000 omnia
1828 951 1887 1001 et
1924 943 2198 1018 explorat
2235 947 2461 1019 omnia,
2501 954 2569 1005 et

443 1044 580 1104 inde
609 1044 868 1120 disponit
904 1050 965 1103 et
1003 1042 1234 1101 ordinat
1274 1043 1498 1100 omnia:
1550 1042 1665 1101 Hic
1701 1040 1869 1102 Unus
1909 1050 2002 1101 est
2037 1041 2216 1102 Solus
2251 1045 2570 1116 DominuS,

447 1149 817 1222 quapropter
842 1146 902 1202 in
928 1143 1132 1203 Verbo
1162 1143 1391 1212 dicitur,
1432 1141 1588 1218 quod
1623 1141 1751 1217 Ipsi
1778 1143 2090 1218 judicium,
2132 1144 2410 1221 quodque
2435 1145 2568 1221 Ipsi

444 1251 714 1322 potestas
764 1247 826 1303 in
874 1244 1057 1303 coelis
1111 1250 1171 1303 et
1220 1245 1280 1301 in
1316 1243 1525 1314 terriS,
1585 1241 1804 1315 ethic,
1863 1243 2019 1317 quod
2068 1243 2211 1319 Ipse
2261 1248 2570 1322 acceperit

441 1346 660 1406 librum
697 1351 758 1405 et
792 1344 1040 1405 solverit
1075 1343 1273 1421 sigilla
1311 1343 1472 1420 ejus:
1527 1338 1872 1419 praeterea,
1924 1345 2038 1402 nisi
2075 1343 2326 1403 Coelum
2359 1347 2421 1413 in
2455 1362 2561 1405 or-

444 1450 580 1509 dine
617 1448 798 1516 foret,
835 1464 955 1506 non
990 1446 1289 1522 potuisset
1319 1442 1612 1516 Mundus,
1650 1442 1764 1502 hoc
1802 1449 1924 1518 est,
1962 1443 2231 1503 homines
2267 1448 2329 1503 in
2362 1448 2561 1521 terris,

444 1551 701 1610 existere
738 1552 800 1606 et
833 1546 1191 1620 subsistere,
1229 1562 1366 1603 nam
1401 1542 1664 1602 Mundus
1700 1543 2001 1619 dependet
2037 1562 2073 1602 a
2110 1544 2293 1605 Coelo
2332 1552 2392 1605 et
2426 1545 2566 1624 ejus

439 1650 663 1710 influxu
699 1649 759 1705 in
794 1645 1131 1724 spiritualia
1168 1650 1228 1704 et
1261 1643 1573 1703 rationalia
1607 1643 1939 1718 hominum,
1979 1643 2196 1717 verbo,
2248 1647 2566 1707 interirent

441 1751 666 1823 omnia3
705 1747 813 1806 sed
839 1747 992 1805 haec
1028 1747 1240 1804 melius
1279 1744 1705 1822 comprehendi
1739 1750 1997 1822 possunt
2034 1762 2108 1805 ex
2146 1745 2265 1805 illis
2305 1764 2461 1823 quae
2498 1749 2562 1805 in

441 1849 644 1927 Opere
707 1847 780 1907 de
846 1845 1048 1906 Coeno
1102 1861 1179 1906 m·
1228 1844 1536 1915 Iussum,
1603 1850 1664 1903 et
1711 1862 1951 1922 quoque
2012 1848 2073 1905 in
2121 1844 2429 1924 Opusculo
2480 1849 2561 1908 de

439 1950 685 2011 Un'rnuo
723 1948 1002 2022 Jnnrcro,
1061 1953 1304 2005 ostensa
1338 1950 1501 2021 sunt,
1560 1950 1620 2005 et
1656 1945 1896 2022 quidem
1935 1964 2007 2005 ex
2044 1946 2296 2022 singulis
2333 1948 2446 2022 ibi,
2497 1950 2558 2008 si

439 2067 574 2110 cum
602 2050 926 2108 attentione
955 2046 1245 2124 legantur.
1299 2044 1474 2122 Quod
1496 2045 1726 2104 dicatur
1752 2047 1926 2121 scire,
1960 2064 2320 2124 cognoscere
2350 2054 2410 2107 et
2440 2067 2556 2109 ex-

437 2150 706 2228 plorare,
759 2153 852 2208 est
885 2151 1025 2229 quia
1059 2148 1163 2206 illa
1196 2146 1600 2224 significantur
1634 2158 1744 2223 per
1778 2145 1992 2206 librum
2030 2151 2294 2224 aperire,
2350 2149 2557 2225 legere

438 2256 499 2310 et
531 2251 864 2326 inspicere,
920 2267 1030 2326 per
1063 2249 1280 2308 librum
1331 2248 1485 2306 enim
1524 2246 1933 2324 significantur
1973 2250 2171 2308 omnia
2220 2267 2375 2325 quae
2413 2256 2559 2309 sunt

437 2351 596 2428 apud
634 2351 962 2424 hominem,
1009 2351 1283 2427 spiritum
1322 2355 1382 2409 et
1418 2347 1725 2425 angelum,
1764 2364 1876 2408 seu
1913 2366 2119 2409 omnes
2156 2357 2350 2410 status
2387 2352 2553 2411 vitae

437 2470 640 2513 eorum
678 2453 876 2530 quoad
910 2469 1174 2511 amorem
1212 2456 1273 2510 et
1306 2449 1520 2519 fidem,
1577 2467 1761 2526 quare
1796 2467 1908 2526 per
1944 2452 2178 2526 aperire
2215 2452 2425 2510 librum
2459 2453 2547 2508 si-

437 2554 748 2630 gnificatur
782 2556 938 2613 scire
973 2551 1106 2626 illa,
1159 2568 1271 2628 per
1303 2550 1509 2627 legere
1544 2550 1759 2610 librum
1797 2550 2162 2627 significatur
2190 2567 2553 2628 cognoscere

433 2653 571 2729 illa,
630 2660 690 2712 et
723 2671 833 2729 per
867 2655 1163 2729 inspicere
1201 2650 1417 2709 librum
1455 2650 1822 2727 significatur
1860 2651 2172 2727 explorare
2208 2653 2330 2711 illa.

594 2754 756 2812 307.
808 2752 885 2810 Et
920 2768 1071 2810 unus
1111 2769 1182 2809 ex
1221 2749 1599 2825 Senioribus,
1655 2750 1815 2834 quod
1861 2752 2154 2828 significet
2200 2755 2548 2813 societatem

437 2851 590 2913 coeli
628 2868 782 2928 quae
819 2868 965 2928 prae
1002 2852 1246 2927 reliquis
1280 2852 1339 2908 in
1371 2852 1697 2926 sapientia,
1735 2858 1971 2910 constat
2007 2870 2081 2911 ex
2116 2853 2548 2929 significatione

437 2952 784 3027 Seniorum,
841 2950 1001 3029 quod
1035 2954 1155 3011 sint
1191 2952 1289 3027 qui
1324 2953 1388 3009 in
1422 2952 1579 3009 veris
1618 2968 1691 3010 ex
1722 2950 1879 3011 bono
1919 2958 2090 3023 sunt,
2145 2960 2203 3012 et
2248 2955 2549 3013 abstracte

435 3071 584 3113 vera
619 3071 694 3113 ex
728 3052 921 3123 bon0,
975 3051 1048 3111 de
1087 3068 1204 3128 qua
1239 3066 1428 3129 supra
1461 3069 1529 3109 n:
1574 3054 1733 3128 270,
1788 3054 1871 3110 ita
1907 3055 2010 3130 qui
2060 3056 2120 3112 i'n
2155 3055 2553 3132 intelligentia

440 3159 500 3215 et
534 3154 832 3229 sapientia
865 3169 1011 3228 prae
1039 3152 1302 3229 reliquis,
1342 3169 1480 3209 nam
1517 3154 1706 3211 omnis
1733 3153 2128 3231 intelligentia
2164 3160 2257 3213 est
2293 3172 2368 3214 ex
2392 3155 2548 3213 bono

436 3272 547 3333 per
580 3271 725 3313 vera
758 3269 868 3312 seu
903 3270 1014 3331 per
1047 3270 1195 3313 vera
1230 3269 1303 3311 ex
1331 3252 1508 3322 bone,
1543 3258 1603 3311 et
1636 3269 1751 3312 non
1787 3253 2026 3313 aliunde
2062 3255 2201 3314 ulli:
2258 3255 2416 3333 quod
2439 3271 2551 3332 per

435 3372 619 3415 unum
669 3372 740 3414 ex
777 3352 1124 3413 Senioribus
1160 3352 1529 3430 significetur
1562 3356 1823 3413 societas
1862 3352 2055 3430 Coeli,
2113 3362 2205 3414 est
2254 3357 2393 3432 quia
2439 3372 2552 3432 per

433 3456 734 3535 Angelum
766 3457 827 3515 in
864 3453 1066 3514 Verbo
1102 3471 1221 3513 non
1257 3437 1607 3531 intelligi'tur
1643 3470 1799 3513 unus
1828 3454 2131 3531 Angelus,
2170 3456 2282 3515 sed
2316 3458 2551 3533 integra

436 3553 736 3633 Societas,
793 3556 1069 3616 videatur
1103 3571 1289 3632 supra
1322 3572 1388 3613 n:
1435 3556 1545 3614 90.
1591 3555 1727 3614 302
1749 3574 1766 3631 3
1821 3556 1907 3614 ita
1941 3574 2179 3634 quoque
2220 3574 2331 3634 per
2365 3574 2549 3614 unum

437 3676 512 3717 ex
548 3656 922 3718 Senioribus:
980 3655 1137 3732 quod
1184 3653 1550 3732 intelligatur
1587 3653 1859 3715 Societas
1913 3674 2067 3733 quae
2116 3675 2262 3733 prae
2299 3636 2564 3733 reliquis·

434 3758 497 3815 in
542 3756 866 3833 sapientia,
924 3762 1017 3815 est
1064 3758 1206 3831 quia
1242 3755 1446 3815 docuit
1495 3756 1655 3833 quod
1688 3755 1980 3816 Dominus
2031 3756 2209 3817 Solus
2255 3759 2365 3827 sit,
2431 3755 2548 3833 Qui

436 3855 636 3935 quoad
660 3854 1003 3915 Humanum
1029 3855 1143 3914 sibi
1169 3858 1540 3935 comparavit
1565 3856 1842 3915 Divinam
1866 3855 2255 3935 Sapientiam,
2283 3864 2349 3916 ut
2373 3859 2542 3931 sciat,

437 3960 763 4035 cognoscat
809 3959 869 4014 et
903 3955 1175 4034 exploret
1209 3959 1699 4041 unumquemviS,
1752 3973 1824 4015 ac
1860 3964 2053 4017 status
2089 3961 2249 4018 vitae
2286 3960 2548 4018 omnium

431 4059 497 4116 in
532 4057 826 4116 communi
875 4063 933 4116 et
981 4058 1347 4135 singulorum
1392 4060 1455 4116 in
1496 4056 1878 4135 particulari,
1934 4076 2091 4135 quae
2138 4058 2546 4136 significantur

434 4175 547 4235 per
579 4157 685 4217 illa
720 4174 874 4234 quae
911 4158 1085 4234 dixit,
1142 4176 1356 4235 nempe
1413 4174 1488 4216 ne
1534 4156 1707 4233 flete,
1765 4174 1905 4220 ecce
1943 4162 2086 4218 vicit
2119 4160 2245 4219 Leo
2297 4161 2398 4236 qui
2451 4145 2545 4218 est

438 4276 512 4340 ex
555 4255 713 4319 tribu
766 4258 1044 4320 Jehudae
1107 4258 1276 4317 radix
1324 4256 1578 4317 Davidis
1635 4260 1869 4335 aperire
1919 4260 2138 4319 librum
2200 4266 2260 4319 et
2307 4259 2546 4319 solvere
