2791 4778
428 381 533 435 146
838 369 1326 424 APOCALYPSIS
1370 369 1806 428 EXPLICATA.
1887 370 1932 438 §-
1979 380 2109 433 840.

419 533 592 604 circa¹
626 547 878 590 mensas
919 534 1067 589 tuas
1084 550 1104 588 .·
1157 546 1287 588 ecce
1335 527 1432 589 sic
1467 528 1857 589 benedicetur
1895 528 2031 589 viro
2068 529 2314 590 timenti
2341 527 2535 590 Jeho-

418 651 597 692 vam:
636 627 942 690 benedicet
969 628 1086 690 tibi
1110 628 1392 689 Jehovah
1418 647 1451 687 e
1478 628 1703 705 Zione,
1741 636 1815 691 ut
1851 628 2074 690 videas
2116 631 2342 690 bonum
2365 629 2472 691 ΗΞ
2506 665 2538 678 -

304 749 329 779 ³
414 729 772 813 rosolymae
805 728 1090 789 omnibus
1116 729 1334 791 diebus
1372 730 1542 790 vitae
1569 735 1730 804 tuae,
1760 748 1984 808 pacem
2020 749 2211 809 super
2241 728 2538 792 Iso-aelst

416 832 652 893 Psalm:
693 829 1050 891 CXXVIII:
1100 834 1126 888 1
1167 830 1245 889 ad
1279 833 1337 907 63
1376 830 1472 889 hic
1502 848 1741 907 quoque
1778 848 1888 906 per
1912 831 2190 891 benedici
2216 849 2332 890 non
2359 832 2544 892 intel-

416 934 618 1011 ligitur
643 931 920 992 benedici
946 931 1317 1005 naturaliter,
1366 936 1433 988 ut
1459 931 1620 1007 quod
1659 930 1925 990 laborem
1969 949 2252 989 manuum
2292 949 2542 994 suarum

418 1035 791 1105 comederet,
831 1029 986 1107 quod
1023 1049 1174 1090 uxor
1211 1032 1509 1090 foecunda
1543 1038 1737 1102 esset,
1777 1031 1937 1105 quod
1972 1033 2077 1090 filii
2112 1031 2282 1090 multi
2316 1035 2543 1092 circum

418 1151 655 1194 mensas
685 1134 834 1209 ejus,
867 1138 929 1189 et
955 1132 1115 1205 quod
1139 1132 1254 1191 hoc
1282 1135 1340 1190 in
1361 1131 1550 1191 Zione
1580 1139 1640 1191 et
1667 1134 1729 1190 in
1750 1131 2188 1208 Hierosolyma,
2219 1133 2331 1193 sed
2355 1134 2541 1192 Intel-

415 1236 616 1312 ligitur
641 1233 917 1292 benedici
943 1232 1350 1308 spiritualiter3
1394 1250 1505 1309 per
1529 1234 1807 1290 timentes
1837 1235 1990 1290 enim
2009 1233 2048 1292 J
2054 1232 2286 1292 ehovae
2313 1234 2543 1293 intelli-

415 1340 631 1412 guntur
659 1336 760 1411 qui
787 1315 988 1390 ainant
1013 1333 1213 1392 facere
1240 1339 1569 1408 praecepta
1595 1332 1813 1407 IpsiuS‚
1856 1350 2040 1408 quare
2070 1331 2289 1393 dicitur
2317 1334 2542 1394 beatus

412 1438 626 1494 timens
656 1434 696 1494 J
701 1435 928 1492 ehovae
959 1436 1059 1510 qui
1086 1433 1353 1492 ambulat
1387 1436 1449 1491 in
1476 1435 1587 1491 viis
1615 1434 1783 1509 Ejus,
1823 1432 2128 1493 ambulare
2157 1434 2218 1491 in
2247 1436 2362 1493 viis
2389 1434 2543 1512 Ejus

414 1535 708 1612 significat
733 1535 932 1593 facere
972 1539 1331 1610 praecepta3
1368 1552 1482 1610 per
1505 1533 1773 1591 laborem
1811 1552 2093 1593 manuum
2122 1551 2301 1609 quem
2330 1553 2540 1595 come-

414 1635 603 1708 deret,
641 1634 1004 1709 significatur
1032 1633 1292 1694 studium
1321 1637 1484 1693 vitae
1513 1634 1844 1692 secundum
1868 1634 1974 1693 illa
1984 1655 2002 1710 3
2040 1652 2152 1711 per
2192 1652 2453 1695 uxorem
2484 1638 2544 1694 in

410 1735 701 1792 lateribus
734 1734 962 1805 donum,
1003 1735 1369 1810 significatur
1397 1734 1630 1793 affectio
1659 1737 1785 1792 veri
1814 1735 2142 1811 spiritualis
2173 1738 2234 1793 in
2258 1738 2543 1797 omnibus

414 1851 568 1911 quae
608 1835 829 1910 cogitat
865 1835 1123 1903 etfacit,
1163 1852 1347 1910 quare
1386 1838 1567 1894 etiam
1609 1835 1822 1894 dicitur
1855 1838 2011 1894 sicut
2033 1838 2169 1895 vitis
2207 1835 2543 1912 fructifera,

410 1951 521 2012 per
545 1936 724 1991 vitem
755 1936 909 1993 enim
938 1935 1303 2011 significatur
1318 1936 1594 1994 Ecclesia
1613 1935 1941 2011 spiritualis
1958 1954 2030 1995 ex
2052 1937 2365 1998 affcctione
2385 1941 2543 2015 νοτίς

410 2045 520 2111 per
554 2034 708 2093 filios
746 2036 966 2093 circum
1004 2052 1242 2094 mensas
1281 2036 1691 2112 significantur
1726 2054 1876 2098 vera
1907 2033 2054 2096 boni
2086 2038 2244 2111 inde,
2282 2055 2539 2097 mensae

410 2141 549 2194 sunt
583 2137 1032 2209 instructioneS,
1074 2153 1258 2212 quare
1297 2139 1475 2194 etiam
1513 2135 1729 2195 dicitur
1763 2139 1919 2196 sicut
1953 2137 2199 2214 plantae
2240 2137 2537 2214 olearum,

408 2236 650 2313 plantae
688 2235 1022 2311 significant
1050 2254 1192 2294 vera
1230 2242 1288 2293 et
1324 2235 1496 2295 oleae
1524 2236 1715 2294 bona:
1752 2254 1864 2312 per
1888 2237 2137 2297 Zionem
2163 2238 2542 2314 significatur

409 2337 642 2397 coelum
679 2336 835 2395 unde
870 2336 1001 2410 illa,
1058 2342 1118 2396 et
1151 2353 1263 2413 per
1296 2335 1779 2414 Hierosolymam
1832 2336 2130 2413 doctrina3
2183 2338 2324 2399 inde
2359 2346 2543 2416 patet

409 2438 548 2514 quid
585 2438 948 2514 significatur
982 2455 1093 2513 per
1118 2438 1437 2497 benedicet
1464 2438 1569 2495 tibi
1596 2437 1876 2497 Jehovah
1905 2456 1937 2497 e
1968 2439 2171 2512 Zione,
2211 2446 2277 2496 ut
2312 2440 2532 2499 videas

406 2539 622 2596 bonum
663 2537 1124 2612 Hierosolymae
1176 2538 1450 2597 omnibus
1488 2537 1702 2597 diebus
1739 2540 1899 2597 vitae
1937 2545 2109 2612 tuae3
2163 2557 2274 2615 per
2308 2556 2537 2615 pacem

406 2630 589 2712 super
622 2638 868 2709 Israele,
908 2638 1278 2713 significatur
1307 2656 1480 2695 omne
1505 2637 1724 2695 bonum
1761 2639 2075 2715 spirituale
2110 2641 2172 2697 in
2205 2656 2432 2716 genere
2476 2648 2542 2700 et

404 2741 465 2794 in
495 2738 716 2812 specie,
743 2736 934 2795 Israel
963 2744 1060 2796 est
1083 2739 1374 2798 Ecclesia.
1417 2737 1598 2814 Apud
1624 2737 1891 2797 Eundem
1931 2736 2164 2813 „Sicut
2188 2757 2298 2799 ros
2328 2737 2538 2802 (Πιον-

298 2870 299 2875 1
404 2836 639 2907 monis,
688 2834 799 2913 qui
836 2835 1159 2898 descendit
1197 2857 1390 2916 super
1420 2843 1663 2898 montes
1689 2837 1966 2910 Zionis,·
2020 2838 2107 2899 ibi
2146 2838 2314 2900 enim
2329 2860 2543 2919 prae-

405 2935 566 3014 cepit
594 2934 875 2995 Jehovah
897 2935 1343 2997 Benedictioni
1377 2938 1547 2999 vitae
1571 2956 1765 3017 usque
1792 2937 1862 2998 in
1889 2936 2212 3000 saeculum
2222 2942 2259 2973 “
2295 2940 2540 3001 Psalm:

408 3034 706 3095 CXXIII:
751 3037 823 3104 3;
877 3039 1077 3114 agitur
1110 3037 1192 3096 ibi
1226 3037 1300 3096 de
1339 3039 1615 3116 conjugio
1651 3038 1792 3097 boni
1830 3045 1890 3097 et
1924 3042 2081 3110 veri,
2118 3048 2178 3098 et
2213 3040 2287 3099 de
2316 3057 2542 3100 eorum

404 3135 854 3194 fructificatione
893 3147 954 3196 et
990 3138 1482 3213 multiplicatione
1495 3158 1511 3214 3
1553 3138 1707 3197 haec
1746 3146 1803 3198 et
1829 3139 1934 3197 illa
1968 3138 2374 3216 significantur
2408 3158 2541 3218 per

402 3253 597 3295 rorem
631 3235 981 3296 Chermonis
1019 3239 1120 3313 qui
1156 3237 1465 3298 descendit
1517 3255 1701 3314 super
1737 3246 1967 3298 montes
2004 3240 2230 3314 Zionis‚
2284 3247 2540 3302 montes

403 3336 604 3396 Zionis
642 3338 977 3414 significant
1025 3338 1124 3397 ubi
1161 3339 1574 3399 bona·amoris
1613 3339 1926 3415 coelestis3
1983 3358 2170 3416 quare
2207 3343 2383 3401 etiam
2426 3342 2539 3402 di-

401 3440 552 3499 citur
597 3438 681 3497 ibi
730 3442 1044 3517 praecepit
1079 3437 1361 3503 Jehovah
1411 3438 1812 3498 benedictioni
1849 3441 2007 3500 vitae
2044 3457 2238 3518 usque
2273 3442 2334 3500 in
2371 3456 2539 3502 sae-

399 3540 614 3600 culum.
670 3540 853 3616 Apud
878 3541 1091 3600 Mosen
1126 3537 1256 3615 „Si
1282 3537 1663 3601 audiveritis
1680 3537 1945 3621 judicia
1982 3539 2162 3616 baec,
2204 3545 2279 3602 ut
2303 3548 2537 3603 custo·

396 3638 602 3701 diatis
638 3647 696 3699 et
724 3640 1023 3727 fuciatis·
1048 3658 1150 3710 ea,
1194 3636 1505 3700 custodiet
1548 3637 1832 3698 Jehovah
1866 3638 2059 3701 Deus
2098 3646 2249 3703 tuus
2275 3639 2540 3721 foedus

395 3746 457 3800 et
491 3739 1031 3815 misericordiam,
1103 3749 1162 3801 et
1196 3740 1441 3801 amabit
1493 3728 1553 3800 te
1590 3746 1652 3802 et
1690 3739 2000 3800 benedicet
2036 3740 2182 3812 tibi,
2238 3748 2298 3802 et
2339 3740 2533 3802 bene-

397 3837 561 3898 dicet
574 3839 831 3917 fructui
857 3839 1095 3899 ventris
1122 3841 1238 3916 tui,
1268 3847 1329 3902 et
1339 3838 1599 3918 fructui
1623 3846 1828 3902 terrae
1850 3846 2015 3914 tuae,
2029 3841 2358 3922 frumento
2384 3846 2536 3918 tua,

393 3943 455 3998 et
479 3944 687 3998 musto
717 3943 842 4012 tu0,
885 3943 946 3997 ct
981 3936 1110 3998 oleo
1152 3947 1276 4015 tuo,
1319 3945 1378 4000 et
1400 3938 1615 4021 foetui
1647 3940 1829 4002 boum
1867 3947 2121 4003 tuorum
2159 3949 2218 4004 et
2240 3941 2538 4003 arietum

393 4036 613 4116 yreyis
639 4035 742 4097 tui
751 4054 780 4107 ;
815 4036 1204 4102 Benedictus
1229 4040 1358 4101 eris
1382 4060 1547 4121 prae
1578 4036 1866 4102 omnibus
1890 4039 2159 4120 populis
2169 4061 2199 4114 ,·
2236 4060 2359 4103 non
2382 4042 2539 4103 erit

394 4136 464 4198 in
499 4144 559 4199 te
594 4136 1014 4217 infoecundus
1056 4147 1116 4202 et
1152 4139 1560 4220 infoecunda,
1614 4146 1674 4202 et
1733 4139 1804 4202 in
1848 4141 2050 4204 bestia
2090 4149 2202 4204 tua
2211 4162 2241 4215 ,·
2304 4159 2529 4203 remo-

394 4235 554 4298 vebit
599 4257 641 4297 a
695 4244 754 4298 te
779 4236 1062 4300 Jelzovalz
1119 4257 1360 4299 omnem
1403 4241 1718 4310 morbum,
1781 4246 1842 4300 et
1899 4259 2114 4303 omnes
2170 4240 2535 4323 lan-quom
