2791 4778
483 350 592 402 150
926 339 1419 393 APOCALYPSIS
1465 340 1896 398 EXI'LICATA.
1952 342 1996 409 ὖ.
2040 350 2170 405 340.

279 512 441 574 [443]
478 518 591 578 per
624 498 915 557 Israelem
944 497 1218 557 Ecclesia
1256 497 1360 557 illa
1399 499 1661 574 interna,
1700 517 1812 575 per
1852 499 2151 559 Jacobum
2182 507 2427 576 externa3
2458 520 2540 576 per

480 616 686 660 semen
713 597 872 674 quod
897 598 1010 657 erit
1035 599 1190 657 sicut
1216 596 1418 674 pulvis
1445 606 1661 672 terrae,
1692 607 1753 657 et
1781 600 1942 675 quod
1971 600 2268 676 expandet
2294 618 2354 659 se
2374 617 2540 661 versus

479 700 869 773 occidentem,
909 700 1212 773 orientem,
1252 701 1720 773 septentrionem
1770 706 1828 758 et
1863 701 2193 774 meridiem,
2234 700 2543 777 significatur

479 801 760 860 Divinum
786 799 1015 859 Verum
1039 799 1372 874 procedens
1404 817 1441 857 a
1468 799 1725 858 Domino
1755 819 1824 859 ac
1851 810 2162 878 receptum
2190 800 2264 859 ab
2292 803 2359 860 iis
2385 802 2469 877 qui
2490 801 2543 860 ab

479 900 753 962 Ecclesia
778 899 881 958 illa
909 909 1047 958 sunt
1059 920 1075 976 3
1117 899 1491 958 fructificatio
1534 900 1676 958 boni
1713 901 1850 960 inde
1889 902 2257 979 significatur
2292 919 2392 978 per
2428 901 2543 976 quod

480 1000 781 1080 expandet
822 1017 889 1058 se
929 1017 1143 1059 versus
1187 999 1556 1060 occidentem
1611 1010 1673 1060 et
1712 1003 2035 1076 orientem,
2093 1011 2157 1061 et
2192 1003 2544 1079 multiplicatio

478 1105 608 1162 veri
648 1102 786 1160 inde
816 1100 1181 1176 significatur
1227 1118 1337 1177 per
1366 1100 1526 1176 quod
1554 1102 1852 1179 expandet
1877 1120 1944 1162 se
1986 1120 2206 1161 versus
2242 1104 2544 1179 septentrio-

479 1220 617 1262 nem
654 1210 714 1261 et
748 1201 1054 1260 meridiem
1074 1222 1090 1276 3
1131 1201 1287 1277 quod
1323 1201 1462 1260 illae
1503 1201 1722 1278 plagae
1760 1202 1905 1261 talia
1939 1204 2295 1280 significent,
2332 1204 2547 1261 videatur

478 1307 539 1362 in
570 1302 770 1380 Opere
808 1301 882 1359 de
906 1300 1115 1360 Coeno
1146 1319 1224 1361 m·
1248 1300 1526 1360 Inmane
1571 1320 1637 1361 n:
1676 1306 1805 1361 141
1846 1304 1923 1362 ad
1962 1307 2117 1363 153.
2179 1303 2412 1379 „Quod
2435 1302 2544 1362 Do·

475 1403 692 1464 minus
718 1400 1104 1463 benedixerit
1127 1400 1320 1476 Pani,
1367 1400 1545 1476 Vino,
1575 1399 1893 1479 Piscibus,
1923 1423 2082 1483 quae
2108 1404 2289 1464 dedit
2313 1403 2544 1481 discipu·

481 1500 568 1565 lis
593 1499 955 1582 etpopulo“
993 1502 1212 1562 Matth:
1249 1502 1422 1562 XIV:
1459 1505 1568 1562 15.
1602 1507 1714 1561 2l.
1760 1508 1871 1562 22.
1911 1503 2069 1581 Cap:
2099 1505 2244 1565 XV:
2282 1508 2387 1565 32.
2423 1502 2544 1577 Cap:

477 1604 722 1665 XXVI:
767 1606 879 1662 26.
916 1607 1025 1660 27.
1075 1603 1272 1661 Marc:
1307 1603 1412 1662 VI:
1445 1606 1557 1662 41.
1616 1603 1776 1680 cap:
1816 1604 1998 1665 VIII:
2044 1611 2105 1665 6.
2142 1612 2202 1665 7.
2241 1606 2391 1682 Cap:
2418 1601 2544 1661 XIV:

487 1709 598 1763 22.
643 1706 753 1762 23.
825 1703 983 1761 Luc:
1021 1702 1146 1762 IX:
1194 1706 1301 1762 16.
1356 1703 1524 1780 Cap:
1563 1704 1782 1764 XXII:
1833 1707 1939 1763 19.
1992 1706 2155 1784 Cap:
2197 1706 2431 1765 XXIV:
2467 1704 2545 1769 30,

481 1801 856 1879 significabat
896 1805 1487 1863 communicationem
1520 1805 1724 1864 Divini
1762 1806 1856 1863 sui
1909 1815 1966 1864 et
2003 1809 2091 1864 sic
2129 1807 2549 1883 conjunctionem

482 1921 617 1964 cum
653 1902 772 1962 illis
828 1920 939 1979 per
972 1902 1132 1962 bona
1166 1912 1227 1964 et
1264 1921 1442 1980 vera,
1491 1922 1654 1986 'quae
1690 1906 2097 1982 significantur
2142 1926 2258 1983 per
2292 1922 2481 1984 panem
2508 1911 2551 1959 ct

478 2006 716 2074 vinum,
753 2011 812 2063 et
850 2020 1088 2080 quoque
1124 2022 1235 2081 per
1268 2007 1502 2082 pisces3
1539 2007 1713 2082 panis
1753 2015 1813 2063 et
1840 2007 2040 2065 vinum
2076 2009 2404 2085 significant
2434 2005 2550 2062 bona

481 2112 542 2164 et
569 2122 714 2163 vera
751 2106 810 2163 in
837 2106 1136 2182 spirituali
1159 2104 1417 2179 homine,
1458 2113 1520 2165 et
1546 2108 1745 2184 pisces
1773 2107 1930 2165 bona
1958 2118 2018 2165 et
2043 2127 2193 2167 vera
2228 2112 2289 2167 in
2324 2102 2546 2166 naturali.

475 2204 661 2284 Apud
692 2207 939 2283 Esajam
976 2203 1243 2280 „Servis
1282 2206 1427 2266 sui-s·
1466 2206 1711 2267 voca-bit
1736 2225 1956 2268 nomen
1993 2206 2188 2269 aliud
2198 2230 2226 2280 ;
2279 2208 2387 2289 qui
2417 2207 2549 2266 bene-

477 2306 640 2368 dicit
676 2306 799 2367 sibi
835 2307 906 2367 in
943 2312 1144 2381 terra,
1200 2306 1510 2368 benedicet
1550 2307 1677 2367 sibi
1709 2307 1780 2366 in
1817 2306 1965 2368 Deo
2006 2309 2304 2370 veritatis
2314 2330 2342 2381 ;
2388 2301 2552 2383 etqui

460 2410 655 2491 jurat
687 2410 757 2470 in
805 2416 1013 2483 terra,
1052 2408 1235 2490 juret
1272 2408 1345 2468 in
1379 2406 1527 2468 Deo
1568 2409 1877 2485 veritatis,
1934 2412 2087 2488 quia
2133 2410 2425 2472 oblivioni
2444 2413 2548 2467 tra-

476 2509 707 2571 dentur
747 2508 1093 2588 anqustiae
1127 2508 1444 2589 priore3“
1500 2509 1691 2568 LXV:
1742 2512 1847 2569 15.
1905 2515 2022 2588 163
2076 2531 2190 2588 per
2245 2511 2550 2571 benedicere

478 2609 595 2669 sibi
629 2609 998 2686 significatur
1033 2626 1100 2669 se
1137 2611 1436 2670 instruere
1473 2613 1532 2669 in
1570 2611 1807 2669 Divinis
1844 2614 2001 2671 veris
2054 2622 2113 2671 et
2149 2615 2257 2672 illa
2294 2611 2551 2688 applicare

476 2713 667 2785 vitae3
725 2717 784 2768 et
819 2727 931 2786 per
957 2712 1165 2786 jurare
1201 2710 1569 2786 significatur
1606 2728 1670 2769 se
1711 2712 2001 2772 instruere
2058 2716 2116 2771 in
2153 2714 2387 2772 Divinis
2420 2708 2553 2766 bonis

481 2816 542 2868 et
576 2809 701 2877 illa,
731 2808 1035 2885 applicare
1074 2813 1232 2867 vitae
1248 2831 1263 2885 3
1321 2812 1478 2887 quod
1528 2830 1637 2888 per
1673 2812 1883 2886 jurare
1947 2814 2058 2873 hoc
2104 2815 2457 2890 significetur
2487 2814 2552 2865 est

476 2910 619 2984 quia
660 2909 1066 2986 juramentum
1125 2912 1185 2967 in
1233 2927 1416 2970 sensu
1460 2915 1691 2970 interno
1755 2914 2047 2989 significat
2095 2915 2553 2973 confirmationem

476 3009 636 3086 apud
686 3026 753 3067 se
820 3016 879 3067 et
929 3012 1359 3070 convictionem
1411 3013 1571 3087 quod
1625 3014 1706 3070 ita
1765 3017 1871 3082 sit,
1936 3022 1996 3072 et
2041 3015 2153 3072 hoc
2201 3016 2266 3074 fit
2320 3034 2386 3072 ex
2433 3013 2555 3068 bono

475 3126 587 3185 per
625 3127 795 3185 vera,
853 3109 1092 3169 aliunde
1139 3129 1318 3186 quam
1379 3130 1453 3170 ex
1489 3112 1645 3172 bono
1688 3131 1807 3173 non
1871 3114 2295 3175 confirmantur
2356 3123 2411 3171 et
2441 3127 2553 3169 con-

476 3212 795 3269 vincuntur
832 3229 979 3270 vera
1024 3212 1184 3289 apud
1231 3212 1559 3288 hominem3
1616 3215 1811 3288 agitur
1855 3214 1939 3274 ibi
1989 3215 2062 3275 de
2110 3233 2272 3274 nova
2304 3211 2554 3275 Ecclesia,

476 3318 536 3370 et
569 3329 678 3388 per
709 3329 926 3373 vocare
963 3331 1177 3374 nomen
1206 3314 1367 3374 aliud
1394 3314 1764 3390 significatur
1794 3315 1970 3391 quale
2000 3317 2130 3392 ejus
2160 3316 2361 3393 quoad
2386 3324 2555 3371 verum

475 3422 536 3470 et
583 3413 822 3473 bonum.
888 3415 1070 3491 Apud
1117 3414 1444 3474 Jeremiam
1496 3413 1729 3489 „Jura
1762 3434 1884 3494 per
1924 3416 2139 3476 vivum
2178 3415 2473 3477 Jehovam
2505 3407 2557 3466 2²1⁸

487 3511 794 3591 Veritate,
849 3514 1201 3598 injudicio
1249 3521 1311 3576 et
1356 3515 1425 3574 in
1448 3514 1723 3596 justitia
1737 3536 1754 3591 3
1808 3515 2164 3577 benedicent
2215 3517 2342 3577 sibi
2385 3514 2449 3576 in
2476 3505 2556 3570 EO

471 3621 723 3692 gentes,
781 3624 842 3677 et
879 3617 948 3676 in
973 3615 1076 3676 Eo
1102 3612 1599 3693 gloriabuntaffl
1638 3615 1747 3674 IV:
1783 3621 1854 3692 25
1891 3617 2083 3677 simile
2120 3617 2216 3676 hic
2250 3635 2361 3695 per
2384 3616 2555 3693 jurare

474 3724 536 3773 et
569 3715 925 3776 benedicere
963 3716 1077 3774 sibi
1113 3715 1519 3793 significatur3
1557 3726 1770 3793 gentes
1808 3735 1961 3794 quae
1997 3720 2060 3776 in
2085 3717 2366 3779 Jehovah
2398 3716 2553 3773 bene-

472 3801 672 3872 dicent
707 3815 852 3888 sibi,
908 3814 1243 3892 significant
1274 3817 1412 3876 illos
1451 3820 1552 3894 qui
1585 3820 1647 3876 in
1679 3817 1836 3876 bono
1872 3825 2030 3877 sunt.
2085 3819 2202 3877 Per
2238 3812 2555 3877 benedicere

469 3916 533 3972 in
561 3915 837 3988 opposito
868 3931 1049 3974 sensu
1084 3904 1452 3992 significatur
1489 3936 1690 3977 amare
1726 3918 1949 3977 malum
1988 3926 2048 3978 et
2071 3919 2309 3992 salsum,
2347 3933 2415 3976 ac
2438 3904 2555 3972 illud

468 4012 739 4072 imbuere
751 4033 767 4087 3
825 4020 890 4072 ut
922 4014 1095 4090 ,apud
1125 4015 1368 4093 Esajam
1430 4018 1618 4094 „Qui
1652 4023 1896 4079 mactat
1935 4019 2143 4079 bovem
2177 4015 2451 4097 percutit
2482 4006 2556 4069 vi·

470 4131 614 4173 rum
631 4157 647 4186 ‚
705 4115 813 4191 qui
849 4112 1030 4193 offert
1069 4113 1217 4177 thus
1252 4116 1556 4178 benedicit
1599 4119 1878 4180 vanitati
1887 4140 1915 4192 ;
1979 4119 2175 4180 etiam
2216 4120 2347 4180 ista
2383 4112 2552 4191 elege-

470 4220 621 4277 rwzt
668 4214 735 4276 in
773 4215 899 4276 viis
925 4216 1111 4276 euis“
1152 4215 1390 4275 LXVI:
1440 4219 1506 4292 33
1546 4227 1805 4279 mactare
1847 4237 1955 4279 seu
1994 4218 2552 4281 sacrificare-bovem
