2791 4778
473 338 571 436 'es
842 372 1340 429 APOCALYPSIS
1385 370 1815 428 EXPLICATA.
1874 373 1920 442 §-
1967 381 2289 436 320-322.

502 544 559 596 et
604 552 715 612 per
762 535 1169 610 receptionem
1215 531 1421 590 Divini
1456 528 1603 589 Veri
1653 528 1727 588 ab
1775 524 1949 606 Ipso:
2018 548 2092 590 ex
2155 533 2316 592 omni
2368 534 2533 593 tribu
2576 542 2640 594 et

496 635 730 712 lingua,
784 633 1077 711 significat
1110 632 1186 691 ab
1223 630 1496 692 omnibus
1534 632 1635 707 qui
1668 632 1731 689 in
1764 631 1925 689 veris
1961 630 2163 708 quoad
2197 631 2533 693 doctrinam
2572 642 2637 696 et

502 734 703 813 quoad
734 737 919 793 vitam
952 738 1119 793 sunt:
1171 739 1232 793 et
1263 729 1489 809 populo
1536 737 1597 790 et
1631 736 1833 807 gente,
1889 731 2186 808 significat
2231 736 2335 808 qui
2380 733 2461 792 ab
2495 734 2630 795 Ec-

500 835 689 895 clesia
719 834 959 894 Domini
993 833 1291 911 spitituali
1326 838 1387 891 et
1421 829 1496 890 ab
1532 830 1808 890 Ecclesia
1841 829 2045 908 Ipsius
2083 831 2369 893 coelesti:
2426 840 2487 893 et
2525 835 2626 896 fe-

499 938 632 996 cisti
664 953 774 995 nos
810 936 944 994 Deo
981 940 1185 994 nostro
1220 949 1395 1009 reges
1436 938 1497 990 et
1531 931 1900 1005 sacerdotes,
1941 932 2241 1009 significat
2268 934 2430 1009 quod
2464 934 2561 995 illi
2592 954 2632 994 a

496 1037 753 1095 Domino
802 1038 922 1095 sint
956 1041 1017 1094 in
1055 1037 1215 1094 ver-is
1264 1041 1324 1093 et
1373 1033 1546 1093 bonis
1584 1032 1894 1092 Ecclesiae
1933 1040 1992 1092 et
2031 1031 2228 1093 Coeli:
2287 1041 2349 1092 et
2393 1053 2624 1112 regna-

496 1138 690 1196 bimus
727 1153 912 1214 super
947 1143 1139 1208 terra,
1179 1133 1474 1212 significat
1498 1132 1841 1192 Potentiam
1875 1150 2029 1209 quae
2060 1131 2189 1194 Soli
2214 1134 2472 1195 Domino
2506 1153 2628 1213 per

496 1237 779 1298 Divinum
815 1237 1043 1297 Verum
1091 1237 1322 1294 unitum
1366 1234 1588 1292 Divino
1635 1233 1836 1304 Bone,
1890 1239 1952 1292 et
1994 1233 2132 1295 inde
2177 1237 2510 1311 potentiam
2565 1244 2627 1297 et

496 1339 855 1414 sapientiam
925 1337 1043 1396 illis
1109 1337 1210 1412 qui
1272 1352 1305 1395 e
1340 1333 1551 1411 Regno
1589 1333 1830 1392 Domini
1888 1334 2186 1409 spirituali
2246 1343 2307 1395 et
2367 1335 2626 1397 coelesti

496 1444 650 1497 suna
1035 1504 1049 1518 ,

654 1540 814 1598 321.
865 1538 942 1597 Et
979 1555 1113 1598 cum
1141 1538 1479 1614 accepisset
1505 1535 1738 1609 librum,
1778 1536 1939 1612 quod
1958 1535 2252 1612 significet
2273 1542 2413 1613 post
2441 1540 2622 1615 agni-

492 1643 716 1697 tionem
768 1637 928 1713 quod
974 1637 1318 1697 Humanum
1364 1636 1608 1698 Domini
1653 1637 1733 1694 sit
1781 1635 2094 1710 Divinum,
2161 1642 2222 1695 et
2268 1630 2366 1696 Illi
2401 1636 2619 1698 Omni-

492 1738 765 1816 potentia
801 1744 860 1796 et
895 1737 1359 1814 Omniscientia,
1411 1743 1646 1797 constat
1699 1752 1774 1794 ex
1811 1738 1968 1796 serie
2016 1739 2077 1794 in
2121 1752 2307 1796 sensu
2355 1737 2613 1814 interno,

491 1843 553 1896 in
614 1854 752 1896 mox
808 1838 1305 1915 praecedentibus
1382 1840 1537 1896 enim
1601 1837 1674 1896 de
1737 1853 1807 1894 eo
1869 1843 2066 1896 actum
2129 1843 2251 1912 est,
2334 1838 2620 1898 videatur

494 1959 562 1996 n:
610 1940 769 1998 316.
811 1940 972 1998 317.
1015 1939 1174 1997 318.
1219 1939 1392 2013 319,
1438 1944 1505 1998 ·et
1539 1939 1599 1997 in
1634 1953 1790 1997 nune
1827 1938 2220 2015 sequentibus
2259 1941 2613 2015 agnoscitur

490 2039 580 2113 id,
623 2044 682 2097 ct
729 2045 1052 2115 propterea
1103 2037 1439 2098 celebratur
1493 2045 1553 2097 et
1586 2036 1949 2116 glorificatur
1981 2038 2305 2114 Dominus;
2361 2044 2423 2099 et
2472 2042 2620 2117 quia

493 2138 816 2199 celebratio
856 2147 914 2198 et
950 2138 1301 2216 glorificatio
1336 2139 1488 2198 haec
1525 2147 1619 2199 est
1653 2138 1874 2215 agnitio
1903 2140 2044 2197 viva
2078 2138 2238 2217 quod
2264 2138 2616 2203 Humanum

489 2240 727 2299 Domini
762 2243 839 2298 sit
873 2240 1156 2298 Divinum
1208 2248 1267 2299 et
1317 2239 1415 2299 Illi
1452 2238 1899 2317 Omnipotentia
1935 2245 1995 2298 et
2032 2238 2490 2317 Omniscientia‚
2552 2248 2615 2301 et

487 2330 592 2402 illa
628 2343 850 2420 agnitio
885 2359 1041 2401 nunc
1079 2343 1368 2419 sequitur,
1409 2340 1542 2400 ideo
1578 2359 1689 2419 per
1725 2356 1862 2399 cum
1897 2342 2237 2418 accepisset
2271 2339 2504 2417 librum,
2546 2341 2614 2401 id

488 2444 868 2521 significatur.
937 2443 1305 2503 Glorificatio
1339 2442 1580 2500 Domini
1627 2445 1687 2500 in
1723 2457 1878 2500 nunc
1914 2442 2308 2519 sequentibus
2353 2442 2460 2501 hoc
2494 2457 2604 2498 or-

488 2544 621 2603 dine
656 2546 750 2622 fit3
804 2547 1062 2621 primum
1115 2543 1189 2602 ab
1227 2542 1478 2620 Angelis
1524 2545 1897 2620 superiorum
1934 2540 2281 2619 Coelorum3
2338 2541 2470 2601 dein
2523 2540 2609 2600 ab

488 2638 732 2720 Angelis
771 2645 1117 2705 inferiorum
1146 2643 1496 2717 Coelorum3
1540 2651 1599 2704 et
1622 2649 1840 2721 postea
1874 2641 1949 2700 ab
1978 2642 2093 2701 illis
2133 2646 2235 2720 qui
2260 2642 2374 2701 sub
2402 2641 2610 2703 Coelis

489 2751 658 2819 sunt3
728 2744 1078 2821 glorificatio
1126 2745 1367 2804 Domini
1430 2744 1505 2804 ab
1551 2744 1802 2821 Angelis
1858 2746 2233 2820 superiorum
2284 2741 2613 2803 Coelorum

475 2839 820 2904 ⁴continetur
858 2845 917 2902 in
943 2845 1237 2904 Versibus
1285 2835 1437 2905 8.‘9.
1474 2848 1502 2904 1
1522 2847 1595 2921 0;
1646 2842 1995 2922 glorificatio
2022 2845 2264 2903 Domini
2289 2844 2364 2902 ab
2392 2844 2609 2921 Ange-

287 2951 448 3013 [388]
488 2943 563 3003 lis
601 2944 943 3002 inferiorum
978 2943 1298 3005 Coelorum
1355 2947 1417 3004 in
1452 2944 1746 3006 Versibus
1805 2947 1912 3003 11.
1959 2948 2086 3020 123
2143 2952 2203 3006 et
2249 2943 2608 3022 glorificatio

491 3043 567 3103 ab
605 3043 722 3102 illis
761 3045 860 3120 qui
886 3044 998 3102 sub
1030 3044 1228 3106 Coelis
1258 3052 1411 3124 sunt,
1452 3048 1511 3104 in
1539 3045 1741 3106 Versu
1776 3050 1804 3105 1
1825 3045 1887 3104 3:
1925 3044 2034 3105 sed
2071 3045 2144 3105 de
2179 3045 2273 3105 his
2309 3046 2371 3103 in
2396 3048 2608 3123 specie

484 3148 544 3203 in
582 3144 990 3222 sequentibus,
1677 3208 1681 3213 ,

646 3247 803 3305 322.
841 3244 1112 3321 Quatuor
1144 3248 1447 3307 Animalia
1493 3253 1553 3306 et
1587 3247 1794 3325 viginti
1831 3250 2085 3323 quatuor
2121 3245 2402 3306 Seniores
2452 3264 2607 3325 pro·-

485 3346 756 3406 ciderunt
790 3363 992 3407 coram
1027 3348 1232 3424 Agno,
1275 3348 1434 3424 quod
1469 3347 1763 3423 significet
1798 3349 2161 3424 agnitionem
2195 3353 2258 3407 et
2290 3346 2431 3407 inde
2464 3347 2608 3424 glo-

481 3447 870 3509 rificationem
896 3449 1139 3508 Domini
1167 3448 1242 3507 ab
1270 3449 1519 3525 Angelis
1548 3449 1927 3525 superiorum
1957 3446 2274 3507 Coelorum
2291 3492 2308 3522 ‚
2365 3454 2609 3508 constat

483 3567 559 3609 ex
592 3550 1026 3626 significatione
1065 3555 1322 3627 quatuor
1348 3550 1713 3609 Animalium
1750 3555 1809 3609 et
1842 3549 2054 3626 viginti
2091 3554 2352 3624 quatuor
2379 3547 2605 3609 Senio-

480 3667 643 3724 rum,
699 3649 861 3731 quod
905 3652 1026 3710 sint
1074 3651 1133 3708 in
1182 3667 1404 3728 genere
1460 3657 1651 3709 totum
1699 3648 1978 3722 Coelum,
2032 3650 2094 3707 in
2143 3651 2348 3727 specie
2396 3654 2607 3710 autem

479 3749 672 3808 intimi
718 3749 908 3825 Coeli,
964 3750 1212 3828 proinde
1260 3750 1478 3828 Angeli
1522 3752 1903 3827 superiorum
1952 3746 2300 3826 Coelornm,
2358 3749 2433 3809 de
2479 3767 2607 3829 qua

481 3864 667 3926 supra
700 3868 768 3910 n:
813 3853 990 3927 313:
1044 3852 1142 3911 hic
1191 3854 1251 3910 in
1295 3854 1502 3929 specie
1538 3851 1778 3913 illorum
1814 3848 2137 3910 Coelorum
2170 3843 2417 3928 Angeli,
2457 3853 2608 3928 quia

476 3951 539 4009 in
573 3952 964 4029 sequentibus
1000 3951 1065 4010 fit
1098 3952 1450 4028 glorificatio
1486 3953 1561 4011 ab
1600 3951 1827 4029 angelis
1862 3949 2209 4011 inferioru'm
2245 3950 2603 4029 Cocloru1n3

480 4058 541 4109 et
574 4068 651 4111 ex
688 4050 1119 4129 significatione
1154 4052 1537 4127 prociderunt
1572 4070 1774 4112 coram
1813 4050 2019 4128 Agn0,
2061 4050 2223 4127 quod
2256 4053 2335 4111 sit
2369 4054 2603 4131 agnitio

480 4170 555 4210 ex
588 4151 801 4210 humili
837 4150 1041 4226 corde3
1097 4152 1256 4229 quod
1288 4152 1604 4231 procidere
1640 4150 1933 4231 significet
1966 4151 2475 4229 humiliationem,
2544 4160 2605 4215 et

478 4258 620 4309 tunc
653 4252 1057 4326 receptionem
1085 4259 1145 4310 et
1171 4255 1531 4328 agnitionem
1560 4253 1767 4327 corde,
1806 4252 2083 4311 videatur
2111 4269 2299 4331 supra
2324 4272 2391 4312 n:
2428 4255 2519 4313 29
2544 4255 2597 4330 ῦς
