<?xml version="1.0" encoding="UTF-8"?>
<!DOCTYPE html PUBLIC "-//W3C//DTD XHTML 1.0 Transitional//EN"
    "http://www.w3.org/TR/xhtml1/DTD/xhtml1-transitional.dtd">
<html xmlns="http://www.w3.org/1999/xhtml" xml:lang="en" lang="en">
 <head>
  <title>
</title>
<meta http-equiv="Content-Type" content="text/html;charset=utf-8" />
  <meta name='ocr-system' content='tesseract 3.04.00' />
  <meta name='ocr-capabilities' content='ocr_page ocr_carea ocr_par ocr_line ocrx_word'/>
</head>
<body>
  <div class='ocr_page' id='page_1' title='image "apocalypsisexpl03swedgoog_0333.png"; bbox 0 0 2791 4778; ppageno 0'>
   <div class='ocr_carea' id='block_1_1' title="bbox 418 344 2345 411">
    <p class='ocr_par' dir='ltr' id='par_1_1' title="bbox 418 344 2345 411">
     <span class='ocr_line' id='line_1_1' title="bbox 418 344 2345 411; baseline 0.006 -11"><span class='ocrx_word' id='word_1_1' title='bbox 418 344 634 400; x_wconf 84' lang='lat' dir='ltr'>CAPUT</span> <span class='ocrx_word' id='word_1_2' title='bbox 674 345 981 405; x_wconf 80' lang='lat' dir='ltr'>SEXTUM.</span> <span class='ocrx_word' id='word_1_3' title='bbox 1764 346 1979 400; x_wconf 80' lang='lat' dir='ltr'>VERS:</span> <span class='ocrx_word' id='word_1_4' title='bbox 2027 358 2078 408; x_wconf 83' lang='lat'>8.</span> <span class='ocrx_word' id='word_1_5' title='bbox 2240 359 2345 411; x_wconf 78' lang='lat'>311</span> 
     </span>
    </p>
   </div>
   <div class='ocr_carea' id='block_1_2' title="bbox 249 501 2364 4288">
    <p class='ocr_par' dir='ltr' id='par_1_2' title="bbox 249 501 2364 4288">
     <span class='ocr_line' id='line_1_2' title="bbox 286 501 2349 588; baseline 0.001 -23"><span class='ocrx_word' id='word_1_6' title='bbox 286 505 537 566; x_wconf 70' lang='lat' dir='ltr'>esuriunt</span> <span class='ocrx_word' id='word_1_7' title='bbox 559 504 926 588; x_wconf 75' lang='lat' dir='ltr'>justitiam,</span> <span class='ocrx_word' id='word_1_8' title='bbox 980 503 1135 583; x_wconf 80' lang='lat' dir='ltr'><strong><em>quia</em></strong></span> <span class='ocrx_word' id='word_1_9' title='bbox 1175 501 1285 564; x_wconf 77' lang='lat' dir='ltr'><em>illi</em></span> <span class='ocrx_word' id='word_1_10' title='bbox 1321 503 1820 565; x_wconf 72' lang='lat' dir='ltr'>saturabuntur“</span> <span class='ocrx_word' id='word_1_11' title='bbox 1862 504 1948 563; x_wconf 93' lang='lat' dir='ltr'>V:</span> <span class='ocrx_word' id='word_1_12' title='bbox 1995 506 2066 580; x_wconf 78' lang='lat'>63</span> <span class='ocrx_word' id='word_1_13' title='bbox 2123 508 2349 567; x_wconf 85' lang='lat' dir='ltr'>esurire</span> 
     </span>
     <span class='ocr_line' id='line_1_3' title="bbox 275 604 2353 684; baseline 0 -19"><span class='ocrx_word' id='word_1_14' title='bbox 275 607 533 684; x_wconf 83' lang='lat' dir='ltr'>justitiam</span> <span class='ocrx_word' id='word_1_15' title='bbox 573 606 865 683; x_wconf 83' lang='lat' dir='ltr'>significat</span> <span class='ocrx_word' id='word_1_16' title='bbox 900 605 1243 665; x_wconf 85' lang='lat' dir='ltr'>desiderare.</span> <span class='ocrx_word' id='word_1_17' title='bbox 1280 606 1535 679; x_wconf 88' lang='lat' dir='ltr'>bonum,</span> <span class='ocrx_word' id='word_1_18' title='bbox 1589 622 1726 662; x_wconf 89' lang='lat' dir='ltr'>nam</span> <span class='ocrx_word' id='word_1_19' title='bbox 1764 607 1824 662; x_wconf 91' lang='lat' dir='ltr'>in</span> <span class='ocrx_word' id='word_1_20' title='bbox 1864 604 2068 664; x_wconf 90' lang='lat' dir='ltr'>Verbo</span> <span class='ocrx_word' id='word_1_21' title='bbox 2112 605 2353 683; x_wconf 87' lang='lat' dir='ltr'>justitia</span> 
     </span>
     <span class='ocr_line' id='line_1_4' title="bbox 282 703 2353 784; baseline 0 -19"><span class='ocrx_word' id='word_1_22' title='bbox 282 707 468 766; x_wconf 84' lang='lat' dir='ltr'>dicitur</span> <span class='ocrx_word' id='word_1_23' title='bbox 514 707 585 766; x_wconf 92' lang='lat' dir='ltr'>de</span> <span class='ocrx_word' id='word_1_24' title='bbox 637 707 810 766; x_wconf 91' lang='lat' dir='ltr'>bono.</span> <span class='ocrx_word' id='word_1_25' title='bbox 894 705 1075 781; x_wconf 89' lang='lat' dir='ltr'>Apud</span> <span class='ocrx_word' id='word_1_26' title='bbox 1123 706 1348 766; x_wconf 81' lang='lat' dir='ltr'>Lucam</span> <span class='ocrx_word' id='word_1_27' title='bbox 1400 705 1638 779; x_wconf 73' lang='lat' dir='ltr'>„Deus</span> <span class='ocrx_word' id='word_1_28' title='bbox 1681 704 2023 765; x_wconf 71' lang='lat' dir='ltr'>esurientes</span> <span class='ocrx_word' id='word_1_29' title='bbox 2068 703 2353 784; x_wconf 79' lang='lat' dir='ltr'>implevit</span> 
     </span>
     <span class='ocr_line' id='line_1_5' title="bbox 277 804 2351 882; baseline -0 -15"><span class='ocrx_word' id='word_1_30' title='bbox 277 806 448 882; x_wconf 67' lang='lat' dir='ltr'>hante,</span> <span class='ocrx_word' id='word_1_31' title='bbox 484 813 541 868; x_wconf 88' lang='lat' dir='ltr'>et</span> <span class='ocrx_word' id='word_1_32' title='bbox 585 806 818 867; x_wconf 74' lang='lat' dir='ltr'>divites</span> <span class='ocrx_word' id='word_1_33' title='bbox 855 804 1069 865; x_wconf 77' lang='lat' dir='ltr'>emisit</span> <span class='ocrx_word' id='word_1_34' title='bbox 1109 805 1376 865; x_wconf 46' lang='lat' dir='ltr'>inanest</span> <span class='ocrx_word' id='word_1_35' title='bbox 1426 805 1483 863; x_wconf 90' lang='lat' dir='ltr'>I:</span> <span class='ocrx_word' id='word_1_36' title='bbox 1532 807 1651 879; x_wconf 80' lang='lat'>533</span> <span class='ocrx_word' id='word_1_37' title='bbox 1707 807 2037 864; x_wconf 83' lang='lat' dir='ltr'>esurientes</span> <span class='ocrx_word' id='word_1_38' title='bbox 2081 824 2190 881; x_wconf 90' lang='lat' dir='ltr'>pro</span> <span class='ocrx_word' id='word_1_39' title='bbox 2235 807 2351 866; x_wconf 88' lang='lat' dir='ltr'>illis</span> 
     </span>
     <span class='ocr_line' id='line_1_6' title="bbox 279 906 2354 994; baseline 0 -30"><span class='ocrx_word' id='word_1_40' title='bbox 279 909 446 983; x_wconf 88' lang='lat' dir='ltr'>quiin</span> <span class='ocrx_word' id='word_1_41' title='bbox 478 910 813 983; x_wconf 79' lang='lat' dir='ltr'><strong>ignorantia</strong></span> <span class='ocrx_word' id='word_1_42' title='bbox 850 908 1248 981; x_wconf 83' lang='lat' dir='ltr'>cognitionum</span> <span class='ocrx_word' id='word_1_43' title='bbox 1293 908 1422 964; x_wconf 85' lang='lat' dir='ltr'>veri</span> <span class='ocrx_word' id='word_1_44' title='bbox 1467 911 1525 965; x_wconf 92' lang='lat' dir='ltr'>et</span> <span class='ocrx_word' id='word_1_45' title='bbox 1571 906 1915 994; x_wconf 44' lang='lat' dir='ltr'>boni&#39;sunt,</span> <span class='ocrx_word' id='word_1_46' title='bbox 1974 913 2033 965; x_wconf 92' lang='lat' dir='ltr'>et</span> <span class='ocrx_word' id='word_1_47' title='bbox 2066 923 2257 983; x_wconf 90' lang='lat' dir='ltr'>usque</span> <span class='ocrx_word' id='word_1_48' title='bbox 2293 909 2354 965; x_wconf 90' lang='lat' dir='ltr'>in</span> 
     </span>
     <span class='ocr_line' id='line_1_7' title="bbox 277 1006 2349 1082; baseline -0 -16"><span class='ocrx_word' id='word_1_49' title='bbox 277 1007 568 1082; x_wconf 86' lang='lat' dir='ltr'>desideri03</span> <span class='ocrx_word' id='word_1_50' title='bbox 627 1016 687 1066; x_wconf 89' lang='lat' dir='ltr'>et</span> <span class='ocrx_word' id='word_1_51' title='bbox 717 1007 932 1065; x_wconf 88' lang='lat' dir='ltr'>divites</span> <span class='ocrx_word' id='word_1_52' title='bbox 972 1024 1079 1082; x_wconf 87' lang='lat' dir='ltr'>pro</span> <span class='ocrx_word' id='word_1_53' title='bbox 1123 1006 1242 1065; x_wconf 87' lang='lat' dir='ltr'>illis</span> <span class='ocrx_word' id='word_1_54' title='bbox 1285 1007 1387 1082; x_wconf 92' lang='lat' dir='ltr'>qui</span> <span class='ocrx_word' id='word_1_55' title='bbox 1427 1009 1488 1064; x_wconf 91' lang='lat' dir='ltr'>in</span> <span class='ocrx_word' id='word_1_56' title='bbox 1525 1006 1889 1065; x_wconf 86' lang='lat' dir='ltr'>abundantia</span> <span class='ocrx_word' id='word_1_57' title='bbox 1923 1007 2157 1065; x_wconf 86' lang='lat' dir='ltr'>illarum</span> <span class='ocrx_word' id='word_1_58' title='bbox 2193 1016 2349 1082; x_wconf 89' lang='lat' dir='ltr'>sunt,</span> 
     </span>
     <span class='ocr_line' id='line_1_8' title="bbox 276 1106 2356 1183; baseline -0 -17"><span class='ocrx_word' id='word_1_59' title='bbox 276 1109 407 1166; x_wconf 86' lang='lat' dir='ltr'>etin</span> <span class='ocrx_word' id='word_1_60' title='bbox 439 1108 594 1167; x_wconf 87' lang='lat' dir='ltr'>nullo</span> <span class='ocrx_word' id='word_1_61' title='bbox 636 1107 967 1180; x_wconf 83' lang='lat' dir='ltr'>desideri03</span> <span class='ocrx_word' id='word_1_62' title='bbox 1025 1107 1183 1183; x_wconf 87' lang='lat' dir='ltr'>quod</span> <span class='ocrx_word' id='word_1_63' title='bbox 1229 1107 1312 1164; x_wconf 87' lang='lat' dir='ltr'>illi</span> <span class='ocrx_word' id='word_1_64' title='bbox 1356 1107 1797 1182; x_wconf 82' lang='lat' dir='ltr'>locupletentur</span> <span class='ocrx_word' id='word_1_65' title='bbox 1844 1106 2213 1183; x_wconf 84' lang='lat' dir='ltr'>significatur</span> <span class='ocrx_word' id='word_1_66' title='bbox 2246 1126 2356 1183; x_wconf 89' lang='lat' dir='ltr'>per</span> 
     </span>
     <span class='ocr_line' id='line_1_9' title="bbox 274 1206 2356 1291; baseline 0 -26"><span class='ocrx_word' id='word_1_67' title='bbox 274 1207 418 1266; x_wconf 87' lang='lat' dir='ltr'>Deus</span> <span class='ocrx_word' id='word_1_68' title='bbox 463 1210 673 1285; x_wconf 82' lang='lat' dir='ltr'>implet</span> <span class='ocrx_word' id='word_1_69' title='bbox 728 1208 867 1266; x_wconf 87' lang='lat' dir='ltr'>illos</span> <span class='ocrx_word' id='word_1_70' title='bbox 915 1207 1117 1291; x_wconf 82' lang='lat' dir='ltr'>bonis3</span> <span class='ocrx_word' id='word_1_71' title='bbox 1176 1214 1235 1265; x_wconf 88' lang='lat' dir='ltr'>et</span> <span class='ocrx_word' id='word_1_72' title='bbox 1273 1206 1434 1288; x_wconf 91' lang='lat' dir='ltr'>quod</span> <span class='ocrx_word' id='word_1_73' title='bbox 1467 1207 1529 1264; x_wconf 87' lang='lat' dir='ltr'>hi</span> <span class='ocrx_word' id='word_1_74' title='bbox 1565 1207 1948 1283; x_wconf 82' lang='lat' dir='ltr'>depriventur</span> <span class='ocrx_word' id='word_1_75' title='bbox 1992 1207 2356 1283; x_wconf 83' lang='lat' dir='ltr'>significatur</span> 
     </span>
     <span class='ocr_line' id='line_1_10' title="bbox 275 1305 2357 1382; baseline 0.001 -17"><span class='ocrx_word' id='word_1_76' title='bbox 275 1325 367 1382; x_wconf 86' lang='lat' dir='ltr'>per</span> <span class='ocrx_word' id='word_1_77' title='bbox 395 1308 553 1368; x_wconf 87' lang='lat' dir='ltr'>Deus</span> <span class='ocrx_word' id='word_1_78' title='bbox 592 1309 812 1368; x_wconf 88' lang='lat' dir='ltr'>divites</span> <span class='ocrx_word' id='word_1_79' title='bbox 851 1310 1064 1366; x_wconf 87' lang='lat' dir='ltr'>emittit</span> <span class='ocrx_word' id='word_1_80' title='bbox 1096 1310 1323 1366; x_wconf 82' lang='lat' dir='ltr'>inanes.</span> <span class='ocrx_word' id='word_1_81' title='bbox 1417 1307 1595 1382; x_wconf 85' lang='lat' dir='ltr'>Apud</span> <span class='ocrx_word' id='word_1_82' title='bbox 1631 1307 1925 1365; x_wconf 83' lang='lat' dir='ltr'>Davidem</span> <span class='ocrx_word' id='word_1_83' title='bbox 1966 1305 2177 1382; x_wconf 78' lang='lat' dir='ltr'>„Eece</span> <span class='ocrx_word' id='word_1_84' title='bbox 2211 1325 2357 1368; x_wconf 80' lang='lat' dir='ltr'>oeu-</span> 
     </span>
     <span class='ocr_line' id='line_1_11' title="bbox 273 1404 2358 1486; baseline 0 -19"><span class='ocrx_word' id='word_1_85' title='bbox 273 1404 362 1467; x_wconf 73' lang='lat' dir='ltr'>lus</span> <span class='ocrx_word' id='word_1_86' title='bbox 383 1406 645 1468; x_wconf 73' lang='lat' dir='ltr'>Jehovae</span> <span class='ocrx_word' id='word_1_87' title='bbox 672 1426 861 1486; x_wconf 74' lang='lat' dir='ltr'>super</span> <span class='ocrx_word' id='word_1_88' title='bbox 887 1407 1252 1468; x_wconf 76' lang='lat' dir='ltr'>timentibus</span> <span class='ocrx_word' id='word_1_89' title='bbox 1272 1406 1518 1486; x_wconf 76' lang='lat' dir='ltr'>Ipsum,</span> <span class='ocrx_word' id='word_1_90' title='bbox 1557 1406 1647 1466; x_wconf 84' lang='lat' dir='ltr'>ad</span> <span class='ocrx_word' id='word_1_91' title='bbox 1672 1406 2066 1485; x_wconf 72' lang='lat' dir='ltr'>eripiendum</span> <span class='ocrx_word' id='word_1_92' title='bbox 2093 1426 2136 1467; x_wconf 86' lang='lat' dir='ltr'><strong><em>a</em></strong></span> <span class='ocrx_word' id='word_1_93' title='bbox 2159 1413 2358 1468; x_wconf 82' lang='lat' dir='ltr'>morte</span> 
     </span>
     <span class='ocr_line' id='line_1_12' title="bbox 273 1506 2352 1588; baseline -0 -21"><span class='ocrx_word' id='word_1_94' title='bbox 273 1507 527 1567; x_wconf 77' lang='lat' dir='ltr'>animam</span> <span class='ocrx_word' id='word_1_95' title='bbox 572 1527 820 1583; x_wconf 71' lang='lat' dir='ltr'>eorum,</span> <span class='ocrx_word' id='word_1_96' title='bbox 873 1516 933 1570; x_wconf 88' lang='lat' dir='ltr'>et</span> <span class='ocrx_word' id='word_1_97' title='bbox 972 1507 1061 1569; x_wconf 82' lang='lat' dir='ltr'>ad</span> <span class='ocrx_word' id='word_1_98' title='bbox 1103 1506 1559 1588; x_wconf 76' lang='lat' dir='ltr'>vivzflcandum</span> <span class='ocrx_word' id='word_1_99' title='bbox 1597 1526 1702 1566; x_wconf 68' lang='lat' dir='ltr'>eos</span> <span class='ocrx_word' id='word_1_100' title='bbox 1745 1507 1814 1567; x_wconf 80' lang='lat' dir='ltr'>in</span> <span class='ocrx_word' id='word_1_101' title='bbox 1845 1509 2070 1587; x_wconf 81' lang='lat' dir='ltr'>fame“</span> <span class='ocrx_word' id='word_1_102' title='bbox 2115 1508 2352 1567; x_wconf 87' lang='lat' dir='ltr'>Psalm:</span> 
     </span>
     <span class='ocr_line' id='line_1_13' title="bbox 272 1606 2358 1687; baseline 0 -21"><span class='ocrx_word' id='word_1_103' title='bbox 272 1606 556 1668; x_wconf 86' lang='lat' dir='ltr'>XXXIII:</span> <span class='ocrx_word' id='word_1_104' title='bbox 623 1611 734 1668; x_wconf 88' lang='lat'>18.</span> <span class='ocrx_word' id='word_1_105' title='bbox 791 1611 873 1667; x_wconf 81' lang='lat'>19</span> <span class='ocrx_word' id='word_1_106' title='bbox 889 1631 906 1686; x_wconf 85' lang='lat'>3</span> <span class='ocrx_word' id='word_1_107' title='bbox 976 1628 1088 1687; x_wconf 87' lang='lat' dir='ltr'>per</span> <span class='ocrx_word' id='word_1_108' title='bbox 1133 1612 1410 1667; x_wconf 90' lang='lat' dir='ltr'>timentes</span> <span class='ocrx_word' id='word_1_109' title='bbox 1458 1608 1755 1668; x_wconf 82' lang='lat' dir='ltr'>Jehovam</span> <span class='ocrx_word' id='word_1_110' title='bbox 1801 1608 2212 1685; x_wconf 72' lang='lat' dir='ltr'>intelllguntur</span> <span class='ocrx_word' id='word_1_111' title='bbox 2258 1611 2358 1684; x_wconf 89' lang='lat' dir='ltr'>qui</span> 
     </span>
     <span class='ocr_line' id='line_1_14' title="bbox 272 1709 2357 1786; baseline 0.001 -22"><span class='ocrx_word' id='word_1_112' title='bbox 272 1716 446 1765; x_wconf 83' lang='lat' dir='ltr'>amant</span> <span class='ocrx_word' id='word_1_113' title='bbox 488 1709 689 1769; x_wconf 86' lang='lat' dir='ltr'>faeere</span> <span class='ocrx_word' id='word_1_114' title='bbox 731 1719 1060 1786; x_wconf 81' lang='lat' dir='ltr'>praecepta</span> <span class='ocrx_word' id='word_1_115' title='bbox 1085 1710 1319 1785; x_wconf 87' lang='lat' dir='ltr'>Ipsius;</span> <span class='ocrx_word' id='word_1_116' title='bbox 1373 1727 1484 1786; x_wconf 87' lang='lat' dir='ltr'>per</span> <span class='ocrx_word' id='word_1_117' title='bbox 1525 1711 1757 1786; x_wconf 86' lang='lat' dir='ltr'>eripere</span> <span class='ocrx_word' id='word_1_118' title='bbox 1795 1711 2051 1767; x_wconf 83' lang='lat' dir='ltr'>animam</span> <span class='ocrx_word' id='word_1_119' title='bbox 2095 1726 2131 1766; x_wconf 84' lang='lat' dir='ltr'>a</span> <span class='ocrx_word' id='word_1_120' title='bbox 2167 1716 2357 1767; x_wconf 88' lang='lat' dir='ltr'>morte</span> 
     </span>
     <span class='ocr_line' id='line_1_15' title="bbox 271 1791 2359 1886; baseline 0.001 -21"><span class='ocrx_word' id='word_1_121' title='bbox 271 1809 610 1883; x_wconf 85' lang='lat' dir='ltr'>significatur</span> <span class='ocrx_word' id='word_1_122' title='bbox 673 1791 920 1869; x_wconf 84' lang='lat' dir='ltr'>amalis</span> <span class='ocrx_word' id='word_1_123' title='bbox 966 1817 1026 1869; x_wconf 89' lang='lat' dir='ltr'>et</span> <span class='ocrx_word' id='word_1_124' title='bbox 1069 1810 1266 1884; x_wconf 84' lang='lat' dir='ltr'>salsis,</span> <span class='ocrx_word' id='word_1_125' title='bbox 1323 1818 1384 1868; x_wconf 89' lang='lat' dir='ltr'>et</span> <span class='ocrx_word' id='word_1_126' title='bbox 1431 1810 1568 1868; x_wconf 90' lang='lat' dir='ltr'>inde</span> <span class='ocrx_word' id='word_1_127' title='bbox 1618 1828 1654 1867; x_wconf 84' lang='lat' dir='ltr'>a</span> <span class='ocrx_word' id='word_1_128' title='bbox 1691 1810 2099 1883; x_wconf 83' lang='lat' dir='ltr'>damnatione,</span> <span class='ocrx_word' id='word_1_129' title='bbox 2155 1817 2215 1872; x_wconf 85' lang='lat' dir='ltr'>et</span> <span class='ocrx_word' id='word_1_130' title='bbox 2248 1827 2359 1886; x_wconf 88' lang='lat' dir='ltr'>per</span> 
     </span>
     <span class='ocr_line' id='line_1_16' title="bbox 272 1907 2355 1986; baseline 0.001 -21"><span class='ocrx_word' id='word_1_131' title='bbox 272 1907 543 1968; x_wconf 76' lang='lat' dir='ltr'>vivificare</span> <span class='ocrx_word' id='word_1_132' title='bbox 584 1914 649 1967; x_wconf 90' lang='lat' dir='ltr'>in</span> <span class='ocrx_word' id='word_1_133' title='bbox 690 1911 843 1968; x_wconf 85' lang='lat' dir='ltr'>fame</span> <span class='ocrx_word' id='word_1_134' title='bbox 882 1910 1249 1986; x_wconf 82' lang='lat' dir='ltr'>significatur</span> <span class='ocrx_word' id='word_1_135' title='bbox 1300 1910 1630 1969; x_wconf 86' lang='lat' dir='ltr'>secundum</span> <span class='ocrx_word' id='word_1_136' title='bbox 1667 1910 2025 1969; x_wconf 89' lang='lat' dir='ltr'>desiderium</span> <span class='ocrx_word' id='word_1_137' title='bbox 2075 1909 2218 1970; x_wconf 84' lang='lat' dir='ltr'>dare</span> <span class='ocrx_word' id='word_1_138' title='bbox 2264 1913 2355 1967; x_wconf 85' lang='lat' dir='ltr'>vi-</span> 
     </span>
     <span class='ocr_line' id='line_1_17' title="bbox 272 2009 2360 2086; baseline 0.001 -20"><span class='ocrx_word' id='word_1_139' title='bbox 272 2013 376 2066; x_wconf 83' lang='lat' dir='ltr'>tam</span> <span class='ocrx_word' id='word_1_140' title='bbox 408 2011 811 2085; x_wconf 74' lang='lat' dir='ltr'>spiritualem,</span> <span class='ocrx_word' id='word_1_141' title='bbox 885 2010 1242 2069; x_wconf 88' lang='lat' dir='ltr'>desiderium</span> <span class='ocrx_word' id='word_1_142' title='bbox 1281 2009 1358 2067; x_wconf 88' lang='lat' dir='ltr'>ad</span> <span class='ocrx_word' id='word_1_143' title='bbox 1407 2012 1773 2086; x_wconf 79' lang='lat' dir='ltr'>cognitiones</span> <span class='ocrx_word' id='word_1_144' title='bbox 1823 2012 1948 2068; x_wconf 90' lang='lat' dir='ltr'>veri</span> <span class='ocrx_word' id='word_1_145' title='bbox 1989 2017 2049 2067; x_wconf 93' lang='lat' dir='ltr'>et</span> <span class='ocrx_word' id='word_1_146' title='bbox 2087 2010 2229 2071; x_wconf 83' lang='lat' dir='ltr'>boni</span> <span class='ocrx_word' id='word_1_147' title='bbox 2268 2018 2360 2070; x_wconf 90' lang='lat' dir='ltr'>est</span> 
     </span>
     <span class='ocr_line' id='line_1_18' title="bbox 277 2106 2360 2195; baseline 0.002 -30"><span class='ocrx_word' id='word_1_148' title='bbox 277 2106 484 2167; x_wconf 78' lang='lat' dir='ltr'>affectio</span> <span class='ocrx_word' id='word_1_149' title='bbox 517 2113 648 2195; x_wconf 64' lang='lat' dir='ltr'>veri</span> <span class='ocrx_word' id='word_1_150' title='bbox 686 2110 1046 2186; x_wconf 89' lang='lat' dir='ltr'>spiritualis,</span> <span class='ocrx_word' id='word_1_151' title='bbox 1108 2127 1261 2185; x_wconf 88' lang='lat' dir='ltr'>quae</span> <span class='ocrx_word' id='word_1_152' title='bbox 1300 2109 1476 2168; x_wconf 87' lang='lat' dir='ltr'>datur</span> <span class='ocrx_word' id='word_1_153' title='bbox 1521 2109 1717 2168; x_wconf 87' lang='lat' dir='ltr'>solum</span> <span class='ocrx_word' id='word_1_154' title='bbox 1764 2109 1925 2183; x_wconf 86' lang='lat' dir='ltr'>apud</span> <span class='ocrx_word' id='word_1_155' title='bbox 1972 2110 2105 2168; x_wconf 89' lang='lat' dir='ltr'>illos</span> <span class='ocrx_word' id='word_1_156' title='bbox 2155 2114 2255 2185; x_wconf 89' lang='lat' dir='ltr'>qui</span> <span class='ocrx_word' id='word_1_157' title='bbox 2300 2114 2360 2169; x_wconf 86' lang='lat' dir='ltr'>in</span> 
     </span>
     <span class='ocr_line' id='line_1_19' title="bbox 275 2205 2358 2286; baseline 0.002 -20"><span class='ocrx_word' id='word_1_158' title='bbox 275 2205 410 2267; x_wconf 88' lang='lat' dir='ltr'>bono</span> <span class='ocrx_word' id='word_1_159' title='bbox 442 2211 593 2269; x_wconf 85' lang='lat' dir='ltr'>vitae</span> <span class='ocrx_word' id='word_1_160' title='bbox 644 2218 813 2284; x_wconf 86' lang='lat' dir='ltr'>sunt,</span> <span class='ocrx_word' id='word_1_161' title='bbox 867 2211 982 2270; x_wconf 91' lang='lat' dir='ltr'>hoe</span> <span class='ocrx_word' id='word_1_162' title='bbox 1020 2216 1140 2284; x_wconf 87' lang='lat' dir='ltr'>est,</span> <span class='ocrx_word' id='word_1_163' title='bbox 1181 2211 1283 2285; x_wconf 91' lang='lat' dir='ltr'>qui</span> <span class='ocrx_word' id='word_1_164' title='bbox 1320 2209 1547 2268; x_wconf 87' lang='lat' dir='ltr'>faciunt</span> <span class='ocrx_word' id='word_1_165' title='bbox 1581 2213 1909 2284; x_wconf 86' lang='lat' dir='ltr'>praecepta</span> <span class='ocrx_word' id='word_1_166' title='bbox 1942 2209 2198 2285; x_wconf 87' lang='lat' dir='ltr'>Domini,</span> <span class='ocrx_word' id='word_1_167' title='bbox 2239 2213 2358 2286; x_wconf 89' lang='lat' dir='ltr'>qui,</span> 
     </span>
     <span class='ocr_line' id='line_1_20' title="bbox 274 2307 2362 2387; baseline 0.002 -23"><span class='ocrx_word' id='word_1_168' title='bbox 274 2313 333 2364; x_wconf 90' lang='lat' dir='ltr'>ut</span> <span class='ocrx_word' id='word_1_169' title='bbox 381 2309 583 2368; x_wconf 86' lang='lat' dir='ltr'>dietum</span> <span class='ocrx_word' id='word_1_170' title='bbox 641 2317 763 2383; x_wconf 88' lang='lat' dir='ltr'>est,</span> <span class='ocrx_word' id='word_1_171' title='bbox 819 2311 1233 2387; x_wconf 78' lang='lat' dir='ltr'>intelliguntur</span> <span class='ocrx_word' id='word_1_172' title='bbox 1284 2327 1394 2387; x_wconf 90' lang='lat' dir='ltr'>per</span> <span class='ocrx_word' id='word_1_173' title='bbox 1448 2312 1725 2367; x_wconf 86' lang='lat' dir='ltr'>timentes</span> <span class='ocrx_word' id='word_1_174' title='bbox 1774 2307 2090 2373; x_wconf 86' lang='lat' dir='ltr'>Jehovam.</span> <span class='ocrx_word' id='word_1_175' title='bbox 2179 2310 2362 2387; x_wconf 89' lang='lat' dir='ltr'>Apud</span> 
     </span>
     <span class='ocr_line' id='line_1_21' title="bbox 278 2407 2363 2491; baseline 0.003 -27"><span class='ocrx_word' id='word_1_176' title='bbox 278 2407 514 2471; x_wconf 84' lang='lat' dir='ltr'>Eundem</span> <span class='ocrx_word' id='word_1_177' title='bbox 541 2409 1031 2491; x_wconf 76' lang='lat' dir='ltr'>„Confiteantur</span> <span class='ocrx_word' id='word_1_178' title='bbox 1071 2408 1346 2471; x_wconf 78' lang='lat' dir='ltr'>Jehovae</span> <span class='ocrx_word' id='word_1_179' title='bbox 1372 2409 1883 2471; x_wconf 75' lang='lat' dir='ltr'>misericordiam</span> <span class='ocrx_word' id='word_1_180' title='bbox 1917 2407 2160 2488; x_wconf 73' lang='lat' dir='ltr'>Ipsius,</span> <span class='ocrx_word' id='word_1_181' title='bbox 2196 2411 2363 2490; x_wconf 80' lang='lat' dir='ltr'>quod</span> 
     </span>
     <span class='ocr_line' id='line_1_22' title="bbox 281 2508 2359 2590; baseline 0.003 -26"><span class='ocrx_word' id='word_1_182' title='bbox 281 2512 495 2567; x_wconf 68' lang='lat' dir='ltr'>saturet</span> <span class='ocrx_word' id='word_1_183' title='bbox 542 2511 828 2574; x_wconf 78' lang='lat' dir='ltr'>animam</span> <span class='ocrx_word' id='word_1_184' title='bbox 885 2516 1271 2590; x_wconf 76' lang='lat' dir='ltr'>appetentem</span> <span class='ocrx_word' id='word_1_185' title='bbox 1287 2556 1302 2582; x_wconf 91' lang='lat'>,</span> <span class='ocrx_word' id='word_1_186' title='bbox 1364 2515 1425 2569; x_wconf 85' lang='lat' dir='ltr'>et</span> <span class='ocrx_word' id='word_1_187' title='bbox 1470 2510 1756 2570; x_wconf 79' lang='lat' dir='ltr'>animam</span> <span class='ocrx_word' id='word_1_188' title='bbox 1809 2508 2183 2571; x_wconf 70' lang='lat' dir='ltr'>esurientem</span> <span class='ocrx_word' id='word_1_189' title='bbox 2234 2510 2359 2570; x_wconf 80' lang='lat' dir='ltr'>im-</span> 
     </span>
     <span class='ocr_line' id='line_1_23' title="bbox 266 2604 2358 2688; baseline 0.003 -23"><span class='ocrx_word' id='word_1_190' title='bbox 266 2604 429 2683; x_wconf 81' lang='lat' dir='ltr'>pleat</span> <span class='ocrx_word' id='word_1_191' title='bbox 449 2610 640 2671; x_wconf 84' lang='lat' dir='ltr'>bono“</span> <span class='ocrx_word' id='word_1_192' title='bbox 685 2612 921 2671; x_wconf 85' lang='lat' dir='ltr'>Psalm:</span> <span class='ocrx_word' id='word_1_193' title='bbox 975 2611 1173 2671; x_wconf 88' lang='lat' dir='ltr'>CVII:</span> <span class='ocrx_word' id='word_1_194' title='bbox 1221 2614 1279 2670; x_wconf 88' lang='grc'>8.</span> <span class='ocrx_word' id='word_1_195' title='bbox 1328 2614 1404 2684; x_wconf 84' lang='grc'>9;</span> <span class='ocrx_word' id='word_1_196' title='bbox 1460 2618 1731 2669; x_wconf 86' lang='lat' dir='ltr'>saturare</span> <span class='ocrx_word' id='word_1_197' title='bbox 1774 2612 2025 2668; x_wconf 86' lang='lat' dir='ltr'>animam</span> <span class='ocrx_word' id='word_1_198' title='bbox 2064 2621 2358 2688; x_wconf 87' lang='lat' dir='ltr'>appeten-</span> 
     </span>
     <span class='ocr_line' id='line_1_24' title="bbox 270 2710 2359 2787; baseline 0.004 -25"><span class='ocrx_word' id='word_1_199' title='bbox 270 2713 404 2782; x_wconf 85' lang='lat' dir='ltr'>tem,</span> <span class='ocrx_word' id='word_1_200' title='bbox 455 2719 510 2769; x_wconf 87' lang='lat' dir='ltr'>et</span> <span class='ocrx_word' id='word_1_201' title='bbox 543 2712 799 2787; x_wconf 88' lang='lat' dir='ltr'>implere</span> <span class='ocrx_word' id='word_1_202' title='bbox 843 2713 998 2770; x_wconf 92' lang='lat' dir='ltr'>bono</span> <span class='ocrx_word' id='word_1_203' title='bbox 1043 2714 1301 2769; x_wconf 88' lang='lat' dir='ltr'>animam</span> <span class='ocrx_word' id='word_1_204' title='bbox 1341 2712 1703 2770; x_wconf 84' lang='lat' dir='ltr'>esurientem</span> <span class='ocrx_word' id='word_1_205' title='bbox 1736 2728 1847 2786; x_wconf 90' lang='lat' dir='ltr'>pro</span> <span class='ocrx_word' id='word_1_206' title='bbox 1883 2710 2019 2769; x_wconf 87' lang='lat' dir='ltr'>illos</span> <span class='ocrx_word' id='word_1_207' title='bbox 2057 2714 2158 2786; x_wconf 89' lang='lat' dir='ltr'>qui</span> <span class='ocrx_word' id='word_1_208' title='bbox 2193 2712 2359 2771; x_wconf 91' lang='lat' dir='ltr'>desi-</span> 
     </span>
     <span class='ocr_line' id='line_1_25' title="bbox 269 2798 2358 2888; baseline 0.003 -24"><span class='ocrx_word' id='word_1_209' title='bbox 269 2806 454 2867; x_wconf 84' lang='lat' dir='ltr'>derant</span> <span class='ocrx_word' id='word_1_210' title='bbox 487 2830 635 2871; x_wconf 83' lang='lat' dir='ltr'>vera</span> <span class='ocrx_word' id='word_1_211' title='bbox 673 2820 731 2870; x_wconf 93' lang='lat' dir='ltr'>et</span> <span class='ocrx_word' id='word_1_212' title='bbox 767 2812 963 2886; x_wconf 84' lang='lat' dir='ltr'>bona3</span> <span class='ocrx_word' id='word_1_213' title='bbox 1003 2814 1197 2870; x_wconf 83' lang='lat' dir='ltr'>anima</span> <span class='ocrx_word' id='word_1_214' title='bbox 1234 2798 1530 2888; x_wconf 85' lang='lat' dir='ltr'>appetens</span> <span class='ocrx_word' id='word_1_215' title='bbox 1559 2810 1855 2887; x_wconf 87' lang='lat' dir='ltr'>significat</span> <span class='ocrx_word' id='word_1_216' title='bbox 1887 2810 2021 2869; x_wconf 89' lang='lat' dir='ltr'>illos</span> <span class='ocrx_word' id='word_1_217' title='bbox 2061 2815 2161 2888; x_wconf 88' lang='lat' dir='ltr'>qui</span> <span class='ocrx_word' id='word_1_218' title='bbox 2198 2813 2358 2871; x_wconf 88' lang='lat' dir='ltr'>desi-</span> 
     </span>
     <span class='ocr_line' id='line_1_26' title="bbox 268 2906 2357 2986; baseline 0.003 -21"><span class='ocrx_word' id='word_1_219' title='bbox 268 2906 460 2969; x_wconf 83' lang='lat' dir='ltr'>derant</span> <span class='ocrx_word' id='word_1_220' title='bbox 511 2931 687 2984; x_wconf 80' lang='lat' dir='ltr'>vera,</span> <span class='ocrx_word' id='word_1_221' title='bbox 756 2920 814 2971; x_wconf 90' lang='lat' dir='ltr'>et</span> <span class='ocrx_word' id='word_1_222' title='bbox 866 2915 1066 2971; x_wconf 84' lang='lat' dir='ltr'>anima</span> <span class='ocrx_word' id='word_1_223' title='bbox 1125 2915 1395 2970; x_wconf 85' lang='lat' dir='ltr'>esuriens</span> <span class='ocrx_word' id='word_1_224' title='bbox 1457 2911 1593 2969; x_wconf 88' lang='lat' dir='ltr'>illos</span> <span class='ocrx_word' id='word_1_225' title='bbox 1649 2913 1748 2986; x_wconf 89' lang='lat' dir='ltr'>qui</span> <span class='ocrx_word' id='word_1_226' title='bbox 1800 2911 2142 2971; x_wconf 88' lang='lat' dir='ltr'>desiderant</span> <span class='ocrx_word' id='word_1_227' title='bbox 2184 2914 2357 2973; x_wconf 88' lang='lat' dir='ltr'>bona.</span> 
     </span>
     <span class='ocr_line' id='line_1_27' title="bbox 261 2996 2360 3090; baseline 0.003 -24"><span class='ocrx_word' id='word_1_228' title='bbox 261 2996 421 3083; x_wconf 84' lang='lat' dir='ltr'>Apud</span> <span class='ocrx_word' id='word_1_229' title='bbox 465 3012 738 3070; x_wconf 87' lang='lat' dir='ltr'>Eundem</span> <span class='ocrx_word' id='word_1_230' title='bbox 786 3012 985 3086; x_wconf 88' lang='lat' dir='ltr'>„Non</span> <span class='ocrx_word' id='word_1_231' title='bbox 1023 3011 1305 3090; x_wconf 76' lang='lat' dir='ltr'>desectus</span> <span class='ocrx_word' id='word_1_232' title='bbox 1350 3011 1716 3072; x_wconf 70' lang='lat' dir='ltr'>timentibus</span> <span class='ocrx_word' id='word_1_233' title='bbox 1766 3009 2104 3087; x_wconf 77' lang='lat' dir='ltr'>Jehovam,</span> <span class='ocrx_word' id='word_1_234' title='bbox 2155 3011 2360 3073; x_wconf 77' lang='lat' dir='ltr'>leones</span> 
     </span>
     <span class='ocr_line' id='line_1_28' title="bbox 249 3106 2364 3189; baseline 0.001 -21"><span class='ocrx_word' id='word_1_235' title='bbox 249 3106 492 3188; x_wconf 74' lang='lat' dir='ltr'>juvenes</span> <span class='ocrx_word' id='word_1_236' title='bbox 543 3112 805 3189; x_wconf 74' lang='lat' dir='ltr'>eyebunt</span> <span class='ocrx_word' id='word_1_237' title='bbox 856 3120 914 3173; x_wconf 90' lang='lat' dir='ltr'>et</span> <span class='ocrx_word' id='word_1_238' title='bbox 964 3110 1269 3184; x_wconf 56' lang='lat' dir='ltr'>esurient,</span> <span class='ocrx_word' id='word_1_239' title='bbox 1324 3110 1439 3170; x_wconf 68' lang='lat' dir='ltr'>sed</span> <span class='ocrx_word' id='word_1_240' title='bbox 1485 3116 1849 3189; x_wconf 75' lang='lat' dir='ltr'>quaerentes</span> <span class='ocrx_word' id='word_1_241' title='bbox 1896 3109 2202 3172; x_wconf 75' lang='lat' dir='ltr'>Jehovam</span> <span class='ocrx_word' id='word_1_242' title='bbox 2236 3132 2364 3174; x_wconf 87' lang='lat' dir='ltr'>non</span> 
     </span>
     <span class='ocr_line' id='line_1_29' title="bbox 260 3208 2356 3286; baseline 0.003 -22"><span class='ocrx_word' id='word_1_243' title='bbox 260 3210 499 3285; x_wconf 77' lang='lat' dir='ltr'>eyebunt</span> <span class='ocrx_word' id='word_1_244' title='bbox 534 3208 670 3271; x_wconf 82' lang='lat' dir='ltr'>ullo</span> <span class='ocrx_word' id='word_1_245' title='bbox 706 3212 903 3271; x_wconf 84' lang='lat' dir='ltr'>bono“</span> <span class='ocrx_word' id='word_1_246' title='bbox 942 3212 1174 3272; x_wconf 84' lang='lat' dir='ltr'>Psalm:</span> <span class='ocrx_word' id='word_1_247' title='bbox 1225 3211 1535 3270; x_wconf 84' lang='lat' dir='ltr'>XXXIV:</span> <span class='ocrx_word' id='word_1_248' title='bbox 1596 3214 1702 3270; x_wconf 82' lang='lat'>10.</span> <span class='ocrx_word' id='word_1_249' title='bbox 1756 3217 1782 3270; x_wconf 92' lang='lat'>1</span> <span class='ocrx_word' id='word_1_250' title='bbox 1806 3216 1876 3286; x_wconf 84' lang='lat'>13</span> <span class='ocrx_word' id='word_1_251' title='bbox 1931 3215 2207 3272; x_wconf 86' lang='lat' dir='ltr'>timentes</span> <span class='ocrx_word' id='word_1_252' title='bbox 2245 3215 2356 3272; x_wconf 79' lang='lat' dir='ltr'>Je-</span> 
     </span>
     <span class='ocr_line' id='line_1_30' title="bbox 258 3305 2362 3388; baseline 0.002 -23"><span class='ocrx_word' id='word_1_253' title='bbox 258 3305 457 3368; x_wconf 85' lang='lat' dir='ltr'>hovam</span> <span class='ocrx_word' id='word_1_254' title='bbox 509 3311 730 3387; x_wconf 86' lang='lat' dir='ltr'>quibus</span> <span class='ocrx_word' id='word_1_255' title='bbox 784 3329 903 3371; x_wconf 90' lang='lat' dir='ltr'>non</span> <span class='ocrx_word' id='word_1_256' title='bbox 966 3311 1235 3371; x_wconf 81' lang='lat' dir='ltr'>defectus</span> <span class='ocrx_word' id='word_1_257' title='bbox 1291 3314 1471 3371; x_wconf 87' lang='lat' dir='ltr'>etiam</span> <span class='ocrx_word' id='word_1_258' title='bbox 1533 3312 1630 3371; x_wconf 85' lang='lat' dir='ltr'>hie</span> <span class='ocrx_word' id='word_1_259' title='bbox 1676 3312 2010 3388; x_wconf 82' lang='lat' dir='ltr'>significant</span> <span class='ocrx_word' id='word_1_260' title='bbox 2062 3313 2198 3371; x_wconf 90' lang='lat' dir='ltr'>illos</span> <span class='ocrx_word' id='word_1_261' title='bbox 2262 3314 2362 3388; x_wconf 92' lang='lat' dir='ltr'>qui</span> 
     </span>
     <span class='ocr_line' id='line_1_31' title="bbox 261 3409 2363 3488; baseline 0.003 -24"><span class='ocrx_word' id='word_1_262' title='bbox 261 3418 445 3468; x_wconf 85' lang='lat' dir='ltr'>amant</span> <span class='ocrx_word' id='word_1_263' title='bbox 481 3413 685 3470; x_wconf 80' lang='lat' dir='ltr'>facere</span> <span class='ocrx_word' id='word_1_264' title='bbox 722 3419 1051 3488; x_wconf 85' lang='lat' dir='ltr'>praecepta</span> <span class='ocrx_word' id='word_1_265' title='bbox 1096 3411 1365 3487; x_wconf 71' lang='lat' dir='ltr'>Domini,</span> <span class='ocrx_word' id='word_1_266' title='bbox 1424 3419 1483 3470; x_wconf 91' lang='lat' dir='ltr'>et</span> <span class='ocrx_word' id='word_1_267' title='bbox 1521 3418 1876 3486; x_wconf 85' lang='lat' dir='ltr'>quaerentes</span> <span class='ocrx_word' id='word_1_268' title='bbox 1915 3409 2214 3470; x_wconf 84' lang='lat' dir='ltr'>Jehovam</span> <span class='ocrx_word' id='word_1_269' title='bbox 2259 3415 2363 3485; x_wconf 89' lang='lat' dir='ltr'>qui</span> 
     </span>
     <span class='ocr_line' id='line_1_32' title="bbox 257 3508 2363 3587; baseline 0.003 -24"><span class='ocrx_word' id='word_1_270' title='bbox 257 3524 363 3566; x_wconf 88' lang='lat' dir='ltr'>non</span> <span class='ocrx_word' id='word_1_271' title='bbox 398 3511 660 3587; x_wconf 85' lang='lat' dir='ltr'>egebunt</span> <span class='ocrx_word' id='word_1_272' title='bbox 695 3511 816 3570; x_wconf 89' lang='lat' dir='ltr'>ullo</span> <span class='ocrx_word' id='word_1_273' title='bbox 864 3511 1055 3585; x_wconf 92' lang='lat' dir='ltr'>bon0,</span> <span class='ocrx_word' id='word_1_274' title='bbox 1121 3511 1461 3587; x_wconf 86' lang='lat' dir='ltr'>significant</span> <span class='ocrx_word' id='word_1_275' title='bbox 1498 3511 1631 3568; x_wconf 91' lang='lat' dir='ltr'>illos</span> <span class='ocrx_word' id='word_1_276' title='bbox 1682 3513 1784 3584; x_wconf 89' lang='lat' dir='ltr'>qui</span> <span class='ocrx_word' id='word_1_277' title='bbox 1829 3508 1965 3566; x_wconf 90' lang='lat' dir='ltr'>ideo</span> <span class='ocrx_word' id='word_1_278' title='bbox 2017 3515 2289 3567; x_wconf 87' lang='lat' dir='ltr'>amantur</span> <span class='ocrx_word' id='word_1_279' title='bbox 2324 3530 2363 3569; x_wconf 85' lang='lat' dir='ltr'>a</span> 
     </span>
     <span class='ocr_line' id='line_1_33' title="bbox 256 3604 2360 3687; baseline 0.002 -23"><span class='ocrx_word' id='word_1_280' title='bbox 256 3604 500 3669; x_wconf 88' lang='lat' dir='ltr'>Domino</span> <span class='ocrx_word' id='word_1_281' title='bbox 554 3618 613 3669; x_wconf 88' lang='lat' dir='ltr'>et</span> <span class='ocrx_word' id='word_1_282' title='bbox 662 3611 736 3668; x_wconf 85' lang='lat' dir='ltr'>ab</span> <span class='ocrx_word' id='word_1_283' title='bbox 785 3611 930 3687; x_wconf 88' lang='lat' dir='ltr'>Ipso</span> <span class='ocrx_word' id='word_1_284' title='bbox 983 3613 1287 3687; x_wconf 80' lang='lat' dir='ltr'>accipiunt</span> <span class='ocrx_word' id='word_1_285' title='bbox 1323 3629 1469 3669; x_wconf 87' lang='lat' dir='ltr'>vera</span> <span class='ocrx_word' id='word_1_286' title='bbox 1514 3617 1572 3668; x_wconf 87' lang='lat' dir='ltr'>et</span> <span class='ocrx_word' id='word_1_287' title='bbox 1621 3609 1810 3684; x_wconf 71' lang='lat' dir='ltr'>bona,</span> <span class='ocrx_word' id='word_1_288' title='bbox 1866 3608 2072 3667; x_wconf 89' lang='lat' dir='ltr'>leones</span> <span class='ocrx_word' id='word_1_289' title='bbox 2100 3608 2360 3684; x_wconf 88' lang='lat' dir='ltr'>juvenes</span> 
     </span>
     <span class='ocr_line' id='line_1_34' title="bbox 258 3709 2359 3787; baseline 0 -22"><span class='ocrx_word' id='word_1_290' title='bbox 258 3709 350 3780; x_wconf 89' lang='lat' dir='ltr'>qui</span> <span class='ocrx_word' id='word_1_291' title='bbox 385 3711 649 3785; x_wconf 87' lang='lat' dir='ltr'>egebunt</span> <span class='ocrx_word' id='word_1_292' title='bbox 687 3718 745 3768; x_wconf 92' lang='lat' dir='ltr'>et</span> <span class='ocrx_word' id='word_1_293' title='bbox 782 3713 1076 3785; x_wconf 88' lang='lat' dir='ltr'>esurient,</span> <span class='ocrx_word' id='word_1_294' title='bbox 1143 3712 1479 3787; x_wconf 80' lang='lat' dir='ltr'>significant</span> <span class='ocrx_word' id='word_1_295' title='bbox 1527 3709 1660 3767; x_wconf 90' lang='lat' dir='ltr'>illos</span> <span class='ocrx_word' id='word_1_296' title='bbox 1712 3710 1812 3783; x_wconf 90' lang='lat' dir='ltr'>qui</span> <span class='ocrx_word' id='word_1_297' title='bbox 1860 3725 1897 3765; x_wconf 83' lang='lat' dir='ltr'>a</span> <span class='ocrx_word' id='word_1_298' title='bbox 1931 3715 2123 3767; x_wconf 89' lang='lat' dir='ltr'>semet</span> <span class='ocrx_word' id='word_1_299' title='bbox 2161 3710 2359 3766; x_wconf 84' lang='lat' dir='ltr'>sciunt</span> 
     </span>
     <span class='ocr_line' id='line_1_35' title="bbox 260 3808 2361 3886; baseline 0.005 -26"><span class='ocrx_word' id='word_1_300' title='bbox 260 3813 317 3862; x_wconf 86' lang='lat' dir='ltr'>et</span> <span class='ocrx_word' id='word_1_301' title='bbox 364 3813 634 3884; x_wconf 82' lang='lat' dir='ltr'>sapiunt3</span> <span class='ocrx_word' id='word_1_302' title='bbox 694 3828 872 3886; x_wconf 87' lang='lat' dir='ltr'>egere</span> <span class='ocrx_word' id='word_1_303' title='bbox 925 3820 984 3870; x_wconf 89' lang='lat' dir='ltr'>et</span> <span class='ocrx_word' id='word_1_304' title='bbox 1031 3813 1259 3869; x_wconf 90' lang='lat' dir='ltr'>esurire</span> <span class='ocrx_word' id='word_1_305' title='bbox 1311 3817 1404 3869; x_wconf 87' lang='lat' dir='ltr'>est</span> <span class='ocrx_word' id='word_1_306' title='bbox 1453 3808 1614 3884; x_wconf 89' lang='lat' dir='ltr'>quod</span> <span class='ocrx_word' id='word_1_307' title='bbox 1666 3808 1783 3867; x_wconf 89' lang='lat' dir='ltr'>illis</span> <span class='ocrx_word' id='word_1_308' title='bbox 1827 3825 1942 3866; x_wconf 90' lang='lat' dir='ltr'>non</span> <span class='ocrx_word' id='word_1_309' title='bbox 1996 3826 2199 3868; x_wconf 86' lang='lat' dir='ltr'>verum</span> <span class='ocrx_word' id='word_1_310' title='bbox 2250 3827 2361 3870; x_wconf 78' lang='lat' dir='ltr'>nec</span> 
     </span>
     <span class='ocr_line' id='line_1_36' title="bbox 256 3902 2358 3986; baseline 0.004 -23"><span class='ocrx_word' id='word_1_311' title='bbox 256 3902 489 3984; x_wconf 83' lang='lat' dir='ltr'>bonum3</span> <span class='ocrx_word' id='word_1_312' title='bbox 548 3909 691 3984; x_wconf 88' lang='lat' dir='ltr'>quid</span> <span class='ocrx_word' id='word_1_313' title='bbox 738 3910 945 3969; x_wconf 87' lang='lat' dir='ltr'>leones</span> <span class='ocrx_word' id='word_1_314' title='bbox 1005 3914 1066 3969; x_wconf 86' lang='lat' dir='ltr'>in</span> <span class='ocrx_word' id='word_1_315' title='bbox 1130 3917 1383 3986; x_wconf 88' lang='lat' dir='ltr'>utroque</span> <span class='ocrx_word' id='word_1_316' title='bbox 1447 3926 1659 3980; x_wconf 88' lang='lat' dir='ltr'>sensu,</span> <span class='ocrx_word' id='word_1_317' title='bbox 1722 3908 2000 3968; x_wconf 86' lang='lat' dir='ltr'>videatur</span> <span class='ocrx_word' id='word_1_318' title='bbox 2052 3928 2126 3968; x_wconf 88' lang='lat' dir='ltr'>n:</span> <span class='ocrx_word' id='word_1_319' title='bbox 2197 3913 2358 3971; x_wconf 82' lang='lat'><strong>278.</strong></span> 
     </span>
     <span class='ocr_line' id='line_1_37' title="bbox 253 3994 2364 4091; baseline 0.005 -30"><span class='ocrx_word' id='word_1_320' title='bbox 253 4003 428 4080; x_wconf 90' lang='lat' dir='ltr'>Apud</span> <span class='ocrx_word' id='word_1_321' title='bbox 460 4010 729 4069; x_wconf 90' lang='lat' dir='ltr'>Eundem</span> <span class='ocrx_word' id='word_1_322' title='bbox 770 4009 1100 4085; x_wconf 76' lang='lat' dir='ltr'>„Jelzovah</span> <span class='ocrx_word' id='word_1_323' title='bbox 1133 4010 1244 4088; x_wconf 80' lang='lat' dir='ltr'>qui</span> <span class='ocrx_word' id='word_1_324' title='bbox 1274 4008 1452 4088; x_wconf 77' lang='lat' dir='ltr'>facit</span> <span class='ocrx_word' id='word_1_325' title='bbox 1480 4007 1811 4091; x_wconf 77' lang='lat' dir='ltr'>judicium</span> <span class='ocrx_word' id='word_1_326' title='bbox 1838 3994 2201 4087; x_wconf 64' lang='lat' dir='ltr'>‘oppress-ie,</span> <span class='ocrx_word' id='word_1_327' title='bbox 2252 4012 2364 4089; x_wconf 81' lang='lat' dir='ltr'>qui</span> 
     </span>
     <span class='ocr_line' id='line_1_38' title="bbox 255 4101 2362 4188; baseline 0.002 -25"><span class='ocrx_word' id='word_1_328' title='bbox 255 4101 363 4165; x_wconf 81' lang='lat' dir='ltr'>dat</span> <span class='ocrx_word' id='word_1_329' title='bbox 382 4109 624 4185; x_wconf 79' lang='lat' dir='ltr'>panem&#39;</span> <span class='ocrx_word' id='word_1_330' title='bbox 649 4109 1091 4185; x_wconf 73' lang='lat' dir='ltr'>esar‘lentz‘bue,</span> <span class='ocrx_word' id='word_1_331' title='bbox 1132 4107 1417 4170; x_wconf 80' lang='lat' dir='ltr'>Jehovah</span> <span class='ocrx_word' id='word_1_332' title='bbox 1453 4108 1565 4188; x_wconf 84' lang='lat' dir='ltr'>qui</span> <span class='ocrx_word' id='word_1_333' title='bbox 1593 4106 1785 4169; x_wconf 74' lang='lat' dir='ltr'>solvit</span> <span class='ocrx_word' id='word_1_334' title='bbox 1819 4108 2109 4170; x_wconf 73' lang='lat' dir='ltr'>vinct03“</span> <span class='ocrx_word' id='word_1_335' title='bbox 2137 4110 2362 4171; x_wconf 86' lang='lat' dir='ltr'>Psalm:</span> 
     </span>
     <span class='ocr_line' id='line_1_39' title="bbox 259 4200 2362 4288; baseline 0.003 -27"><span class='ocrx_word' id='word_1_336' title='bbox 259 4200 528 4268; x_wconf 87' lang='lat' dir='ltr'>CXLVI:</span> <span class='ocrx_word' id='word_1_337' title='bbox 587 4216 654 4286; x_wconf 85' lang='lat'>73</span> <span class='ocrx_word' id='word_1_338' title='bbox 709 4229 819 4287; x_wconf 86' lang='lat' dir='ltr'>per</span> <span class='ocrx_word' id='word_1_339' title='bbox 870 4227 1195 4287; x_wconf 87' lang='lat' dir='ltr'>oppressos</span> <span class='ocrx_word' id='word_1_340' title='bbox 1244 4209 1340 4269; x_wconf 88' lang='lat' dir='ltr'>hie</span> <span class='ocrx_word' id='word_1_341' title='bbox 1389 4209 1803 4285; x_wconf 85' lang='lat' dir='ltr'>intelliguntur</span> <span class='ocrx_word' id='word_1_342' title='bbox 1853 4212 1955 4288; x_wconf 91' lang='lat' dir='ltr'>qui</span> <span class='ocrx_word' id='word_1_343' title='bbox 1990 4211 2050 4268; x_wconf 90' lang='lat' dir='ltr'>in</span> <span class='ocrx_word' id='word_1_344' title='bbox 2084 4211 2252 4270; x_wconf 80' lang='lat' dir='ltr'>salsis</span> <span class='ocrx_word' id='word_1_345' title='bbox 2292 4227 2362 4268; x_wconf 82' lang='lat' dir='ltr'>ex</span> 
     </span>
    </p>
   </div>
  </div>
 </body>
</html>
