2791 4778
472 382 581 439 492
917 374 1407 429 APOCALYPSIS
1452 372 1887 430 EXPLICATA.
1943 374 1987 443 §.
2031 380 2159 435 411.

478 533 698 612 „Quis
732 530 990 596 audivit
1024 537 1116 596 sic
1151 534 1293 611 hoc,
1348 555 1482 597 rem
1517 534 1786 615 foedam
1817 534 1982 614 fecit
2029 534 2214 614 viv-90
2266 533 2582 607 Israelis,-

471 655 624 698 num
651 634 888 694 deseret
923 655 954 694 e
975 640 1165 715 petra
1201 654 1398 715 ayros
1432 654 1602 696 meos
1637 635 1759 696 nix
1775 634 2052 720 Libani,
2085 655 2240 696 num
2268 636 2580 715 abripien-

476 744 587 799 tur
627 751 831 813 aquae
865 734 1112 797 alienae
1131 735 1435 816 fflyidae
1469 735 1836 815 defluentes,
1894 732 2076 796 obliti
2110 741 2261 797 sunt
2300 735 2436 797 Mei
2460 754 2578 816 po-

463 836 670 919 pulus
703 852 906 910 meus,
944 836 1224 897 vanitati
1258 838 1681 917 suffiverunt“
1714 835 1957 895 XVIII:
2004 840 2033 894 1
2054 839 2114 896 3.
2155 840 2262 895 14.
2303 840 2330 894 1
2353 838 2385 894 5
2404 858 2423 913 ‚·
2472 853 2578 913 per

476 939 782 1015 thinem
815 937 1057 996 Israelis
1093 937 1443 1013 intelligitur
1485 937 1581 996 hic
1629 943 1688 995 et
1734 937 1876 995 alibi
1924 935 2202 995 Ecclesia
2236 936 2570 1011 spiritualia,

473 1038 629 1098 hanc
664 1039 816 1094 enim
855 1044 1462 1113 repraesentaverunt
1495 1036 1836 1111 Israelitae3
1892 1054 1991 1095 res
2028 1038 2237 1106 foeda,
2272 1054 2443 1111 quam
2476 1037 2567 1095 se-

477 1145 711 1212 cerunt,
769 1137 1054 1213 estquod
1092 1138 1252 1196 bona
1299 1138 1608 1197 Ecclesiae
1656 1140 1943 1196 verterint
1991 1139 2052 1195 in
2098 1139 2280 1209 mala,
2336 1143 2396 1194 et
2434 1153 2574 1194 vera

473 1240 781 1298 Ecclesiae
818 1240 876 1295 in
911 1238 1091 1312 salsa,
1143 1244 1203 1296 et
1238 1255 1311 1296 ex
1348 1239 1441 1296 his
1481 1244 1544 1296 et
1573 1238 1690 1295 illis
1729 1238 2022 1295 coluerint
2060 1234 2389 1312 Jehovam3
2428 1236 2579 1294 mala

477 1358 553 1398 ex
598 1339 812 1414 quibus
861 1339 1089 1410 cultuS,
1146 1338 1554 1414 significantur
1594 1355 1703 1413 per
1753 1337 1919 1397 obliti
1966 1346 2105 1396 sunt
2156 1339 2278 1396 Mei
2321 1337 2578 1414 populus

476 1455 683 1512 mene,
758 1456 893 1495 nam
957 1440 1056 1513 qui
1119 1439 1488 1497 obliviscitur
1550 1439 1696 1512 Dei,
1762 1440 1824 1496 in
1887 1439 2057 1496 malis
2122 1446 2242 1508 est,
2327 1444 2388 1496 et
2438 1437 2581 1497 salsa

482 1556 556 1598 ex
593 1538 810 1614 quibus
851 1538 1076 1611 cultuS,
1133 1539 1541 1613 significantur
1575 1556 1684 1615 per
1720 1542 1966 1597 vanitati
2002 1538 2373 1607 suffivernnt,
2419 1540 2581 1596 vani-

480 1647 573 1697 tas
623 1645 715 1696 est
762 1638 1008 1712 falsum,
1069 1644 1129 1696 et
1176 1639 1378 1697 suffire
1430 1645 1523 1697 est
1576 1638 1800 1712 cultus;
1855 1657 1993 1697 num
2044 1639 2285 1697 deseret
2333 1655 2366 1697 e
2417 1647 2582 1715 petra

482 1756 662 1815 agros
702 1756 868 1797 meos
908 1740 1006 1794 nix
1056 1738 1299 1811 Libani,
1357 1738 1650 1814 significat
1700 1756 1895 1797 annon
1934 1756 2081 1797 vera
2119 1739 2432 1797 Ecclesiae
2474 1738 2579 1798 illis

480 1847 620 1898 sunt
665 1855 739 1895 ex
789 1836 1026 1908 Verb0‚
1102 1845 1277 1912 petra
1327 1838 1422 1895 hic
1471 1838 1765 1914 significat
1809 1839 2080 1897 Verbum
2116 1842 2256 1915 quia
2308 1840 2578 1897 Divinum

477 1939 736 2011 Verum,
791 1943 858 1997 ut
893 1953 1111 2012 supra;
1167 1939 1268 1995 nix
1315 1937 1528 1995 Libani
1564 1939 1861 2014 significat
1895 1958 2039 1998 vera
2083 1940 2393 1997 Ecclesiae
2431 1939 2576 2011 inde,

480 2043 584 2098 nix
636 2040 733 2098 hic
786 2037 978 2097 simile
1029 2037 1320 2112 significat
1373 2055 1506 2096 cum
1568 2056 1752 2115 aqua,
1824 2057 2037 2115 nempe
2090 2057 2264 2111 vera,
2334 2039 2441 2098 sed
2487 2041 2579 2097 nix

474 2139 768 2216 significat
805 2156 950 2200 vera
984 2137 1228 2214 frigida,
1287 2141 1427 2214 quia
1469 2140 1540 2198 de
1590 2139 1696 2197 tali
1732 2140 2003 2199 Ecclesia
2040 2142 2268 2217 agitur,
2323 2139 2576 2197 Libanus

478 2246 572 2299 est
605 2238 878 2299 Ecclesia
915 2255 946 2296 e
985 2256 1133 2313 qua,
1192 2246 1250 2296 et
1294 2241 1419 2315 agri
1471 2247 1610 2299 sunt
1657 2241 1855 2297 omnia
1898 2240 2055 2298 bona
2092 2246 2152 2298 et
2197 2257 2344 2298 vera
2377 2238 2578 2298 Eccle-

476 2342 602 2401 siae
616 2362 633 2418 3
688 2357 798 2417 per
834 2354 1022 2415 aquas
1062 2338 1290 2397 alienas
1331 2340 1576 2416 frigidas
1616 2340 1945 2400 defluentes
1994 2340 2402 2418 significantur
2436 2338 2579 2399 falsa

474 2444 534 2499 in
571 2442 785 2517 quibus
823 2456 938 2497 non
967 2438 1203 2512 bonum,
1235 2457 1425 2516 aquae
1456 2442 1688 2500 alienae
1718 2451 1855 2499 sunt
1879 2442 2071 2516 falsa,·
2091 2459 2161 2500 ac
2190 2441 2461 2515 frigidum
2494 2445 2578 2498 est

474 2546 535 2602 in
572 2561 688 2618 quo
726 2558 843 2598 non
879 2540 1132 2614 bonum,
1173 2543 1361 2600 omnis
1403 2545 1555 2599 enim
1595 2541 1758 2600 calor
1794 2545 1951 2601 veris
1990 2549 2084 2601 est
2118 2560 2189 2601 ex
2228 2541 2383 2599 bono
2420 2556 2578 2598 amo-

472 2644 577 2701 ris,
650 2641 835 2717 Apud
870 2640 1141 2698 Eundem
1199 2639 1413 2714 „Ecce-
1451 2640 1600 2720 Eyo
1637 2646 1853 2701 contra
1888 2648 1945 2702 te
1978 2640 2337 2702 habita-tria*
2375 2637 2577 2706 vallis,

463 2747 655 2821 petra
673 2738 1016 2820 planitiei,
1066 2722 1339 2800 dieentes
1374 2741 1520 2818 quis
1556 2740 1882 2801 descendet
1925 2750 2141 2803 contra
2174 2761 2321 2814 nos,
2358 2745 2414 2800 et
2440 2737 2576 2817 qais

473 2842 678 2902 veniet
706 2841 776 2902 in
819 2840 1241 2901 habitationes
1283 2844 1587 2902 nostras“
1625 2841 1812 2901 XXI:
1864 2845 1944 2901 13
1966 2863 1982 2917 3
2036 2861 2145 2918 per
2178 2842 2572 2900 habitatricem

478 2941 656 3000 vallis
695 2947 753 2998 et
787 2947 1019 3016 petram
1057 2942 1360 3017 planitiei,
1426 2943 1831 3019 significantur
1884 2945 1984 3018 qui
2029 2946 2089 3000 in
2145 2943 2366 3002 ultimis
2403 2937 2570 3000 Verbi

478 3047 652 3113 sunt,
706 3057 818 3097 nec
869 3028 948 3096 se'
987 3039 1062 3095 ab
1112 3042 1376 3098 interiori
1425 3044 1710 3102 illustrari
1770 3045 2106 3119 patiuntur,
2176 3049 2237 3102 et
2289 3045 2386 3118 qui
2429 3038 2562 3097 tales

479 3146 620 3200 sunt
660 3155 778 3197 non
812 3137 1017 3196 vident
1051 3155 1197 3196 vera
1231 3140 1340 3197 sed
1377 3160 1488 3218 pro
1528 3143 1645 3201 illis
1676 3143 1857 3217 falsa,
1899 3161 2034 3201 nam
2067 3145 2263 3202 omnis
2304 3142 2407 3201 lux
2436 3137 2554 3209 veri,

481 3242 622 3317 quia
657 3245 751 3297 est
793 3256 824 3297 e
869 3237 1038 3297 coelo
1081 3255 1116 3296 a
1150 3239 1445 3316 Domino,
1507 3243 1582 3300 ab
1630 3245 1897 3302 interiori
1934 3246 2094 3301 venit
2145 3261 2217 3302 ac
2262 3237 2558 3308 descendit,

391 3377 394 3380 ⁴
477 3341 568 3400 illi
604 3357 715 3416 per
754 3339 1169 3398 habitatricem
1211 3341 1387 3399 vallis
1426 3350 1486 3402 et
1520 3361 1631 3419 per
1664 3350 1899 3419 petram
1941 3343 2214 3419 planitiei
2239 3343 2555 3416 intelligun-

476 3448 605 3513 tur,
657 3441 834 3500 vallis
873 3446 934 3498 et
970 3439 1248 3516 planities
1288 3450 1428 3501 sunt
1470 3443 1679 3501 ultima
1722 3443 1909 3502 Verbi
1946 3446 2007 3502 in
2045 3443 2264 3519 quibus
2302 3449 2456 3512 sunt,
2499 3450 2558 3493 ac

477 3543 798 3603 habitatrix
837 3549 896 3601 et
938 3548 1114 3618 petra
1165 3542 1499 3619 significant
1546 3543 1729 3612 falsa,
1778 3543 2106 3602 habitatrix
2151 3544 2370 3603 falsum
2406 3542 2557 3607 vitae,

479 3650 541 3704 et
575 3650 749 3720 petra
788 3643 1004 3701 salsum
1043 3643 1375 3719 doctrinae,
1415 3643 1562 3701 fides
1598 3642 1737 3702 falsi
1779 3649 1839 3702 et
1871 3643 2041 3717 mali,
2090 3645 2148 3702 in
2188 3660 2310 3718 qua
2348 3639 2561 3702 firmiter

479 3743 761 3815 haerent,
817 3742 1114 3801 credendo
1162 3743 1269 3800 illa
1322 3760 1457 3802 esse
1514 3760 1660 3803 vera
1708 3750 1768 3802 et
1815 3743 1997 3816 bona,
2063 3743 2430 3819 significatur
2471 3750 2562 3813 per

483 3842 641 3918 quod
689 3842 915 3915 dicant,
983 3843 1114 3916 quis
1167 3840 1492 3902 descendet
1541 3851 1746 3903 contra
1790 3859 1930 3915 neS,
2002 3849 2064 3902 et
2104 3845 2236 3919 quis
2285 3843 2476 3899 veniet
2515 3838 2566 3893 in

476 3941 874 3999 habitationes
917 3949 1173 3999 nostras,
1253 3933 1434 4017 Apud
1477 3944 1717 4019 Esajam
1769 3941 2004 4018 „Intra
2060 3942 2132 4029 ip
2182 3940 2473 4014 Petram,
2521 3937 2568 3992 et

478 4036 783 4095 absconde
821 4042 880 4095 ω
926 4036 996 4095 in
1016 4035 1279 4114 pulvere
1318 4049 1578 4118 propter
1600 4060 1904 4120 pavorem
1952 4041 2273 4103 Jelzovae“
2320 4042 2410 4101 II:
2460 4037 2568 4108 103

475 4134 700 4189 intrare
737 4137 798 4191 in
834 4139 1095 4207 petram,
1162 4143 1255 4194 est
1291 4140 1352 4195 in
1392 4140 1639 4215 falsum,
1697 4148 1757 4200 et
1798 4142 2167 4200 abscondere
2220 4157 2287 4200 se
2335 4144 2396 4199 in
2441 4133 2570 4214 pul·

475 4240 641 4297 Vere>
700 4235 790 4286 est
820 4231 896 4313 jn
946 4230 1135 4306 ma103
1192 4238 1387 4310 agitur
1423 4238 1508 4296 ibi
1543 4238 1618 4298 de
1655 4239 1878 4301 Ultimo
1915 4241 2188 4317 Judicio,
2229 4239 2463 4318 quando
2495 4232 2572 4293 illi
