2791 4778
396 359 621 414 CAPUT
660 358 973 415 SEXTUM.
1754 359 1977 413 VERS:
2022 367 2076 420 4.
2235 372 2341 423 217

252 523 377 595 post
428 522 675 576 mortem
730 522 799 574 ut
846 516 1148 590 homineS,
1212 517 1330 574 imo
1378 530 1491 574 nec
1545 514 1688 592 quid
1735 518 2140 593 regeneratio,
2203 519 2349 600 quid

251 618 602 695 baptismuS,
662 623 721 676 et
755 617 932 692 plura
966 616 1086 674 alia
1098 634 1115 691 3
1169 617 1287 675 imo
1334 617 1393 673 in
1441 615 1546 673 tali
1584 619 1875 676 caecitate
1912 624 2051 676 sunt
2101 617 2176 676 de
2212 620 2348 694 ipso

247 719 367 777 Deo
379 760 396 791 ,
449 724 519 776 ut
554 717 753 776 colant
790 723 910 775 tres
944 718 1007 775 in
1042 717 1433 792 cogitatione,
1491 721 1550 775 et
1595 733 1715 775 non
1758 734 1944 775 unum
1995 719 2110 776 nisi
2146 717 2341 777 solum

247 834 368 892 ore,
422 823 482 876 et
532 834 650 875 non
687 818 881 875 sciant
923 816 1084 891 quod
1117 816 1301 874 Pater
1340 814 1582 874 Domini
1632 818 1711 874 sit
1751 816 2035 875 Divinum
2084 819 2146 876 in
2179 817 2341 894 Ipso,

245 924 299 977 et
330 916 584 993 Spiritus
628 922 873 975 sanctus
912 918 992 974 sit
1024 915 1310 974 Divinum
1340 915 1418 974 ab
1453 910 1613 991 Ipso.
1672 915 1842 976 Haec
1879 916 2037 976 dicta
2071 924 2238 991 sunt,
2275 926 2347 977 ut

243 1018 481 1091 sciatur,
540 1016 702 1094 quod
749 1016 949 1075 nullus
997 1014 1346 1075 intellectus
1405 1014 1593 1075 Verbi
1642 1017 1749 1090 sit,
1804 1016 1907 1075 ubi
1954 1034 2071 1076 non
2106 1016 2345 1078 bonum.

243 1117 403 1193 Quod
434 1117 535 1176 hic
572 1116 833 1190 dicatur,
900 1115 1058 1191 quod
1112 1115 1347 1175 sedenti
1397 1131 1585 1193 super
1637 1132 1790 1192 equo
1835 1117 1966 1175 rufo
2015 1117 2219 1175 datum
2266 1120 2345 1177 sit

237 1216 433 1276 tollere
466 1233 681 1293 pacem
719 1216 794 1275 de
830 1223 1011 1291 terra,
1050 1223 1146 1275 est
1170 1218 1311 1292 quia
1345 1216 1474 1275 Pax
1502 1216 1798 1291 significat
1821 1216 2135 1294 pacificum
2171 1234 2341 1275 men-

237 1319 305 1375 tis
339 1323 397 1375 et
429 1315 820 1392 tranquillum
874 1318 1054 1375 animi
1107 1333 1179 1375 ex
1230 1316 1643 1393 conjunctione
1688 1316 1828 1374 boni
1876 1324 1938 1375 et
1985 1319 2112 1375 veri
2125 1336 2142 1391 3
2199 1318 2336 1377 inde
2379 1327 2544 1389 [489]

236 1416 431 1476 tollere
467 1433 684 1494 pacem
720 1415 1025 1492 significat
1058 1416 1452 1492 impacificum
1493 1422 1555 1474 et
1600 1416 2043 1493 intranquillum
2101 1434 2171 1476 ex
2213 1417 2339 1477 dis-

229 1517 518 1593 J'unctione
558 1534 797 1590 eorum,
855 1534 929 1575 ex
967 1533 1083 1592 quo
1117 1517 1402 1575 intestina
1439 1516 1719 1591 dissidia3
1758 1533 1894 1575 cum
1932 1519 2083 1576 enim
2120 1518 2343 1577 bonum

238 1623 572 1693 separatum
614 1622 707 1674 est
743 1633 780 1674 a
811 1634 987 1690 vero,
1026 1622 1167 1674 tunc
1199 1616 1332 1675 loco
1368 1615 1528 1674 illius
1565 1616 1833 1675 succedit
1856 1618 2097 1687 malum,
2135 1626 2195 1677 et
2228 1617 2342 1678 hoc

233 1734 339 1776 non
383 1723 545 1775 amat
600 1734 808 1777 verum
838 1761 855 1790 ‚
919 1715 1028 1774 sed
1064 1723 1225 1773 amat
1267 1716 1515 1788 falsum,
1568 1734 1702 1774 nam
1756 1734 1929 1776 omne
1981 1717 2196 1776 falsum
2249 1725 2342 1777 est

233 1816 389 1891 mali,
445 1819 607 1876 sicut
642 1833 815 1875 omne
850 1833 1058 1874 verum
1100 1823 1193 1876 est
1225 1816 1367 1876 boni
1388 1835 1405 1891 3
1445 1834 1630 1892 quare
1668 1833 1802 1875 cum
1839 1817 2004 1880 videt
2037 1836 2241 1877 verum
2279 1821 2341 1878 in

232 1915 450 1990 Verbo,
507 1921 615 1973 aut
649 1916 816 1974 audit
849 1934 1058 1975 verum
1092 1933 1167 1974 ex
1203 1917 1347 1990 alin,
1385 1917 1607 1976 malum
1640 1917 1799 1992 quod
1828 1924 1924 1977 est
1959 1919 2176 1976 amoris
2205 1920 2338 1996 ejus

232 2025 286 2074 et
315 2017 445 2076 inde
485 2018 812 2076 voluntatis
853 2017 1016 2092 ejus,
1054 2018 1489 2090 contranititur,
1539 2024 1600 2077 et
1634 2024 1774 2076 tunc
1810 2017 1908 2075 vel
1943 2018 2135 2094 rejicit
2169 2017 2335 2091 illud,

232 2116 323 2176 vel
360 2118 653 2192 pervertit
679 2115 858 2185 illud,
922 2116 1021 2175 vel
1072 2134 1183 2195 per
1219 2118 1387 2176 ideas
1426 2134 1500 2176 ex
1536 2117 1697 2176 malo
1734 2119 1818 2175 ita
1854 2116 2135 2176 obscurat
2169 2118 2335 2192 illud,

232 2222 291 2274 ut
320 2218 557 2276 tandem
595 2219 726 2293 ipse
775 2216 919 2275 nihil
968 2220 1097 2275 veri
1141 2219 1203 2277 in
1236 2234 1383 2277 vero
1434 2218 1668 2288 videat,
1722 2221 2025 2291 utcunque
2065 2224 2240 2276 sonat
2274 2224 2340 2275 ut

230 2332 424 2375 verum
458 2335 593 2377 cum
636 2318 697 2377 id
729 2316 1024 2393 eloquitur
1036 2338 1054 2395 3
1092 2318 1228 2377 inde
1267 2323 1361 2377 est
1395 2320 1562 2395 origo
1589 2318 1851 2375 omnium
1879 2315 2335 2389 dissensionum,

236 2421 755 2478 controversiarum
788 2424 849 2477 et
875 2418 1216 2478 haeresium
1240 2421 1303 2477 in
1328 2417 1631 2477 Ecclesia:
1672 2435 1746 2476 ex
1771 2416 1863 2475 his
1891 2422 2167 2475 constare
2195 2421 2335 2492 pot-

241 2521 362 2585 est,
413 2518 549 2592 quid
582 2535 694 2593 per
725 2517 937 2577 tollere
972 2535 1187 2594 pacem
1228 2519 1301 2577 de
1339 2524 1531 2593 terra,
1580 2518 1677 2578 hic
1713 2516 2098 2592 significatur.
2179 2514 2337 2592 Quid

238 2618 429 2673 autem
461 2617 589 2676 Pax
634 2624 727 2676 est
769 2620 831 2675 in
866 2634 980 2677 sua
1013 2621 1206 2694 prima
1243 2620 1505 2695 origine,
1562 2618 1762 2693 ample
1808 2622 2114 2676 ostensum
2153 2622 2245 2675 est
2279 2617 2341 2674 in

236 2711 422 2790 Opere
458 2716 534 2777 de
578 2717 781 2777 Conco
809 2736 887 2778 Εἰ·
922 2718 1223 2789 luczano,
1258 2718 1364 2777 ubi
1398 2724 1595 2778 actum
1637 2725 1732 2778 est
1768 2717 1841 2776 de
1879 2722 2041 2775 statu
2074 2719 2243 2792 pacis
2279 2717 2341 2774 in

229 2811 398 2875 Coelo
433 2835 507 2876 n:
560 2820 700 2876 284
747 2817 823 2876 ad
848 2820 1039 2890 0290,
1097 2818 1257 2894 quod
1291 2835 1508 2895 nempe
1542 2820 1604 2876 in
1640 2834 1750 2876 sua
1775 2819 1967 2894 prima
2001 2819 2225 2893 origine
2261 2819 2340 2876 sit

228 2930 289 2973 ex
314 2916 588 2993 Domino,
625 2921 688 2976 in
726 2918 873 2994 Ipso
912 2935 985 2977 ex
1013 2920 1229 2977 unione
1255 2918 1457 2996 Ipsius
1491 2919 1694 2979 Divini
1733 2935 1802 2977 ac
1828 2917 2032 2976 Divini
2054 2918 2335 2992 Humani,

224 3021 278 3073 et
310 3016 382 3074 ab
414 3017 565 3095 Ipso
604 3035 678 3077 ex
716 3019 1133 3095 conjunctione
1185 3018 1387 3095 Ipsius
1427 3036 1559 3078 cum
1599 3018 1782 3078 Coelo
1821 3026 1880 3077 et
1914 3018 2223 3093 Ecclesia,
2277 3025 2338 3076 et

219 3116 275 3173 in
304 3117 658 3192 particulari
694 3135 770 3177 ex
797 3119 1215 3195 conjunctione
1239 3118 1380 3177 boni
1413 3124 1472 3187 et
1496 3120 1625 3178 veri
1651 3118 1810 3196 apud
1839 3120 2295 3194 unumquemvis
2311 3137 2327 3191 3

219 3215 347 3276 inde
384 3225 513 3290 est,
569 3218 730 3294 quod
763 3236 875 3296 per
910 3219 1130 3277 Pacem
1165 3221 1228 3277 in
1268 3235 1550 3294 supremo
1586 3235 1769 3278 sensu
1805 3219 2170 3295 significetur
2202 3217 2336 3276 Do-

217 3316 431 3392 minus,
487 3321 553 3377 in
592 3334 777 3377 sensu
838 3321 1178 3394 respectivo
1227 3318 1474 3378 Coelum
1514 3326 1574 3376 et
1608 3319 1881 3378 Ecclesia
1913 3322 1977 3377 in
2018 3319 2332 3389 communi,

220 3421 273 3473 et
306 3433 548 3494 quoque
578 3417 827 3477 Coelum
865 3424 925 3476 et
960 3418 1238 3480 Ecclesia
1263 3421 1324 3476 in
1353 3418 1702 3494 particulari
1737 3417 1897 3495 apud
1933 3432 2331 3489 unumquem-

217 3515 333 3573 vis:
391 3518 554 3593 quod
589 3518 741 3576 haec
777 3536 887 3594 per
931 3518 1151 3577 Pacem
1198 3522 1262 3576 in
1297 3517 1503 3578 Verbo
1550 3517 1990 3593 significentur,
2056 3519 2333 3572 constare

213 3620 408 3688 potest
444 3635 521 3677 ex
568 3618 842 3694 pluribus
879 3618 1028 3677 locis
1064 3618 1174 3692 ibi,
1241 3635 1491 3694 quorum
1541 3618 1863 3693 sequentia
1897 3613 1974 3672 ad
2019 3612 2333 3671 confirma-

213 3713 425 3775 tionem
460 3717 599 3776 volo
637 3716 968 3777 adducere:
1012 3718 1173 3794 apud
1208 3717 1550 3777 Johannem
1588 3714 1833 3791 „Jesus
1868 3712 2067 3784 dixit,
2102 3729 2325 3792 pacem

212 3810 490 3894 relinquo
534 3816 706 3877 vobis
721 3860 740 3892 ,
794 3836 1021 3897 pacem
1056 3836 1263 3878 meam
1298 3816 1380 3876 do
1420 3816 1621 3891 vobis,
1675 3833 1801 3876 non
1843 3814 2012 3876 sicut
2043 3810 2326 3874 mundus

213 3908 326 3974 dat
356 3913 512 3995 Eyo
547 3915 630 3977 do
682 3917 855 3977 vobis
865 3937 895 3990 ,·
946 3935 1024 3977 ne
1057 3918 1345 3979 turbator
1377 3935 1486 3978 cor
1523 3922 1832 3993 vestrum,
1875 3934 2066 3995 neque
2094 3914 2329 3992 formi-

212 4008 357 4071 det“
393 4015 578 4075 XIV:
628 4020 712 4075 27
734 4039 751 4095 3
807 4016 1005 4094 agitur
1039 4018 1122 4077 ibi
1156 4019 1231 4078 de
1267 4019 1487 4085 unione
1515 4017 1763 4077 Domini
1802 4034 1936 4077 cum
1971 4018 2173 4088 Patre,
2213 4016 2331 4076 hoc

213 4118 332 4184 est,
387 4114 462 4174 de
504 4120 717 4176 unione
753 4118 957 4177 Divini
1004 4119 1264 4178 Humani
1307 4118 1510 4194 Ipsius
1560 4135 1694 4177 cum
1733 4119 1872 4195 ipso
1912 4118 2132 4177 Divino
2172 4118 2331 4203 quod

209 4211 266 4273 in
292 4211 445 4290 Ipso
490 4233 563 4276 ex
601 4221 1020 4296 conceptione,
1079 4226 1140 4277 et
1173 4219 1311 4278 inde
1348 4218 1424 4278 de
1462 4219 1877 4295 conjunctione
1912 4217 2153 4277 Domini
2191 4232 2326 4274 cum
