2791 4778
569 385 637 446 ‘2=
908 371 1397 429 APOCALYPSIS
1439 370 1868 429 EXPLICATA.
1921 371 1970 440 §0
2014 380 2142 433 296-
2186 329 2315 432 2³9⁷.

568 527 740 622 quia
777 524 1067 595 occisus
1105 547 1215 607 ee,
1271 540 1347 593 et
1380 522 1753 593 redemisti
1790 524 1951 593 Deo
2005 547 2140 594 nos
2195 523 2272 592 in
2329 523 2613 619 sangui:

565 645 718 712 tu0,
776 649 862 694 ex
899 623 1097 696 omni
1147 621 1345 693 tribu
1399 640 1472 694 et
1524 621 1792 719 lingua,
1849 640 1924 692 et
1973 622 2254 720 populo
2308 641 2386 694 et
2442 640 2613 719 gem

722 739 831 803 1⁸0.
912 725 1007 793 Et
1055 722 1298 793 fecisti
1353 748 1491 795 nos
1541 725 1702 793 Deo
1755 739 2011 794 nostro
2064 747 2274 820 reges
2329 739 2408 793 et
2446 747 2613 793 sacc-

564 824 775 896 dotes
788 875 810 911 ,
866 840 941 893 et
991 823 1453 919 regnabimus
1509 846 1729 919 super
1780 841 1991 892 terra.

718 941 831 1002 11.
904 926 998 994 Et
1059 923 1207 993 vidi
1258 940 1333 993 et
1385 922 1628 993 audivi
1680 946 1936 994 vocem
1987 919 2442 1017 Angelorum
2498 948 2613 991 mm

454 1026 457 1029 ’
558 1042 799 1094 torum
851 1024 1128 1095 circum
1178 1024 1555 1092 Thronum
1624 1039 1698 1093 et
1749 1020 2110 1092 Animalia
2161 1039 2236 1093 et
2290 1022 2613 1094 Seniore

558 1141 634 1194 et
669 1140 822 1194 erat
868 1148 1213 1194 numerus
1260 1146 1510 1194 corum
1544 1121 1907 1218 myriades
1955 1121 2363 1219 myriadum
2399 1139 2476 1192 et
2525 1122 2613 1192 ch

557 1223 787 1294 liades
842 1222 1259 1294 chiliadum.

712 1337 825 1402 12.
908 1324 1257 1393 Dicentes
1327 1346 1510 1392 voce
1578 1347 1873 1417 magna,
1947 1321 2208 1416 dignus
2262 1338 2375 1391 est
2425 1323 2613 1418 Agm

357 1442 516 1503 [343]
560 1423 855 1494 occisus
910 1422 1245 1520 accipere
1296 1437 1739 1519 potestatem
1792 1438 1867 1491 et
1920 1421 2207 1492 divitias
2262 1438 2335 1491 et
2389 1422 2613 1518 sapiei

552 1525 728 1595 tiam
780 1541 854 1594 et
903 1524 1258 1594 honorem
1307 1538 1381 1591 et
1435 1520 1740 1617 gloriam
1790 1538 1865 1591 et
1915 1521 2532 1593 benedictionem.

708 1639 820 1702 13.
870 1626 995 1692 =Et
1064 1646 1277 1693 omne
1332 1638 1690 1709 creatum,
1761 1622 1963 1717 quod
2015 1638 2129 1692 est
2181 1622 2255 1691 in
2311 1620 2540 1693 Coelo
2595 1648 2613 1692 c

550 1725 628 1794 in
682 1740 874 1794 terra
939 1740 1012 1793 et
1063 1722 1196 1792 sub
1252 1739 1473 1808 terra,
1542 1738 1615 1792 et
1678 1723 1755 1792 in
1805 1722 1985 1792 mari
2052 1747 2239 1817 quae
2305 1740 2511 1806 sunt,
2597 1748 2613 1791 ι

550 1848 737 1920 quae
790 1824 866 1893 in
901 1823 1047 1894 illis
1091 1823 1354 1906 omnia,
1411 1821 1651 1894 audivi
1692 1822 2045 1909 dicentes,
2103 1821 2407 1892 Sedenti
2445 1847 2613 1920 supe

549 1921 852 1995 Throno
907 1940 979 1993 et
1021 1922 1233 2017 Agno
1285 1920 1708 1993 benedictio
1761 1939 1836 1991 et
1888 1922 2126 1994 honor
2177 1939 2251 1992 et
2303 1920 2537 2018 gloria
2591 1948 2613 1993 ε

549 2020 780 2094 robur
828 2022 906 2092 in
961 2021 1256 2092 saecula
1311 2020 1779 2092 saeculorum.

707 2133 819 2206 14.
899 2124 992 2192 Et
1054 2138 1368 2219 quatuor
1417 2121 1781 2191 Animalia
1845 2121 2193 2192 dicebant
2245 2124 2511 2207 Amen,
2592 2147 2613 2191 ε

546 2222 802 2318 viginti
869 2237 1184 2318 quatuor
1238 2221 1589 2291 Seniores
1653 2220 2132 2318 prociderunt
2195 2239 2269 2292 et
2322 2221 2613 2294 adorave

547 2339 729 2394 runt.
768 2322 1149 2395 Viventem
1200 2322 1278 2392 in
1332 2321 1622 2393 saecula
1675 2320 2154 2393 saeculorum.

1194 2519 2009 2623 EXPLicATIQ

709 2738 870 2794 296.
948 2737 1166 2813 [Versz
1213 2737 1303 2813 1.]
1376 2735 1472 2796 Et
1521 2734 1662 2795 vidi
1723 2736 1794 2795 in
1844 2734 2078 2797 deoetra
2130 2735 2421 2797 Sedentz's
2474 2756 2613 2816 supe

549 2834 800 2898 Tha-ono
836 2833 1109 2896 Librum
1144 2834 1456 2913 emptum
1493 2835 1673 2895 intua
1712 2840 1772 2894 et
1806 2854 1848 2894 a
1885 2840 2077 2914 ter-90,
2123 2836 2522 2915 obsiynatum
2558 2838 2613 2896 sz'

545 2932 733 3015 yillz‘s
761 2926 1017 3013 septem(
1077 2936 1154 2993 Et
1187 2934 1313 2993 vidi
1338 2937 1401 2992 in
1428 2934 1638 2994 dextra
1664 2932 1942 2994 Sedentis
1970 2953 2156 3011 super
2182 2937 2436 3010 Throno,
2470 2940 2613 3013 signi

545 3035 685 3095 ficat
705 3035 1024 3094 Dominum
1067 3034 1263 3111 quoad
1299 3032 1802 3111 Omnipotentiam
1829 3041 1889 3094 et
1917 3035 2113 3111 quoad
2139 3035 2613 3096 Omniscientiam

545 3133 790 3192 Librum
849 3138 1134 3212 scriptum
1186 3137 1346 3193 intus
1412 3140 1471 3193 et
1521 3152 1558 3192 a
1605 3140 1811 3211 terge,
1877 3135 2171 3211 significat
2226 3143 2443 3194 statum
2494 3139 2613 3196 vita

548 3236 807 3292 omnium
842 3237 903 3293 in
945 3234 1128 3294 Coelo
1167 3241 1227 3296 et
1263 3237 1324 3291 in
1368 3233 1591 3309 Terra,
1641 3236 1701 3292 in
1737 3237 2033 3294 communi
2082 3242 2142 3293 et
2184 3238 2245 3293 in
2279 3236 2613 3312 particulari

548 3333 923 3410 obsignatum
962 3334 1172 3409 sigillis
1209 3342 1471 3411 septem,
1511 3334 1804 3410 significat
1838 3352 2086 3413 prorsus
2122 3335 2506 3394 reconditum.

703 3436 865 3492 297.
920 3434 996 3491 Et
1027 3432 1148 3492 vidi
1179 3437 1241 3493 in
1275 3434 1485 3493 dextra
1521 3433 1795 3494 Sedentis
1844 3452 2027 3512 super
2065 3434 2336 3505 Thr0n0‚
2373 3436 2527 3511 quod
2560 3438 2613 3495 si

543 3532 786 3610 gnificat
817 3533 1137 3592 Dominum
1174 3534 1372 3610 quoad
1410 3532 1913 3611 Omnipotentiam
1953 3540 2013 3593 et
2048 3534 2245 3610 quoad
2280 3534 2614 3595 Omniscien

542 3635 718 3703 tiam,
757 3639 991 3691 constat
1029 3649 1102 3691 ex
1130 3633 1559 3709 significatione
1598 3633 1879 3708 dextrae,
1919 3651 2054 3692 cum
2090 3635 2163 3693 de
2190 3635 2461 3704 Domino,
2494 3653 2606 3711 quo

543 3733 623 3791 sit
659 3727 1103 3808 Omnipotentia
1139 3740 1198 3791 et
1233 3749 1471 3810 quoque
1500 3731 1954 3807 Omniscientia‚
1995 3734 2069 3793 de
2108 3751 2226 3810 qua
2261 3736 2550 3811 sequitur3
2590 3751 2613 3794 ε

544 3846 622 3891 ex
667 3831 1096 3907 significatione
1139 3831 1418 3893 Sedentis
1473 3850 1658 3909 super
1696 3833 1964 3908 Thi-ono,
2025 3833 2183 3909 quod
2233 3835 2312 3892 sit
2360 3834 2611 3893 Dominu

546 3930 743 4007 quoad
777 3931 1059 3991 Divinum
1093 3932 1327 3991 Bonum
1362 3935 1423 3992 in
1461 3932 1679 4008 Coele,
1738 3932 2015 3993 Thronus
2068 3936 2223 3993 enim
2258 3933 2543 4009 significat
2583 3935 2613 3991 i]

450 4045 458 4053 ·
543 4046 763 4106 genere
793 4030 1071 4107 Coelum,
1109 4033 1170 4089 in
1206 4035 1410 4108 specie
1448 4031 1695 4092 Goelum
1723 4032 2065 4108 spirituale,
2107 4040 2169 4093 et
2204 4034 2496 4094 abstracte
2529 4034 2612 4092 Di¹

543 4130 746 4187 vinum
780 4129 1007 4188 Verum
1040 4130 1400 4208 procedens,
1458 4148 1533 4189 ex
1570 4147 1684 4206 quo
1723 4129 1971 4190 Coelum
2008 4139 2068 4191 et
2120 4151 2226 4210 per
2276 4133 2432 4209 quod
2464 4133 2602 4193 Judi

544 4229 726 4304 cium,
764 4229 1041 4289 videatur
1075 4246 1257 4307 supra
1290 4248 1357 4289 n:
1395 4231 1557 4289 253.
1610 4228 1787 4306 Quod
1813 4230 2106 4292 Dominus
2142 4234 2499 4311 intelligatur
2529 4249 2613 4310 pe2
