2791 4778
413 308 655 377 CAPUT
696 321 863 388 QUIN
869 321 1036 377 TUM.
1468 348 1472 352 >
1817 326 1996 383 VERS
2014 351 2027 383 ε
2072 340 2124 389 3.
2308 342 2377 394 15

254 485 319 541 in
357 482 654 540 communi
688 486 749 540 et
785 481 1154 558 singulorum
1190 484 1250 541 in
1284 482 1638 559 particulari
1675 501 1750 543 ex
1786 500 1855 544 se
1892 488 2047 545 sciat
2083 493 2144 547 et
2177 492 2380 565 perci-

259 583 414 658 piat,
474 588 711 641 constat
748 599 823 639 ex
860 581 1293 659 significatione
1349 590 1409 643 et
1454 600 1628 643 nemo
1664 587 1860 661 potuit
1895 588 2129 662 aperire
2163 588 2382 649 librum

257 697 373 741 nec
410 682 706 756 inspicere
745 699 910 755 eum,
969 682 1127 757 quod
1162 684 1240 741 sit
1291 683 1450 758 quod
1484 701 1603 742 non
1640 683 1854 760 aliquis
1890 688 2043 745 sciat
2079 693 2140 746 et
2177 692 2379 764 perci-

255 782 386 858 piat
421 798 495 839 ex
531 797 598 839 se
634 787 827 840 status
863 783 1022 841 vitae
1059 784 1317 840 omnium
1360 785 1423 841 in
1458 785 1756 842 communi
1806 792 1867 844 et
1916 787 2285 863 singulorum
2321 791 2382 848 in

253 880 633 958 particulari,
690 881 766 940 de
803 899 920 956 qua
969 899 1109 941 mox
1142 897 1326 957 supra
1375 900 1444 942 n:
1485 885 1664 958 3033
1720 890 1781 943 et
1842 902 1917 944 ex
1952 887 2382 962 significatione

256 984 320 1040 in
359 980 561 1054 coele,
608 998 721 1040 nec
757 997 941 1057 super
974 989 1165 1053 terra,
1215 999 1412 1058 neque
1450 983 1561 1042 sub
1599 990 1788 1054 terra,
1837 985 2000 1061 quod
2048 1004 2169 1046 non
2205 988 2379 1048 modo
2422 975 2584 1037 [352]

255 1084 336 1141 sit
372 1080 532 1157 quod
566 1098 742 1145 nemo
779 1081 1119 1156 ubicunque
1158 1088 1278 1153 est,
1318 1081 1432 1141 sed
1468 1085 1645 1142 etiam
1682 1083 1841 1160 quod
1890 1103 1964 1145 ne
1996 1086 2182 1146 hilum
2201 1108 2217 1164 3
2270 1106 2382 1165 per

257 1181 505 1242 Coelum
546 1183 736 1254 enim,
794 1199 904 1257 per
939 1188 1322 1257 superterra
1358 1188 1418 1240 et
1451 1200 1562 1259 per
1597 1184 1709 1241 sub
1738 1190 1929 1260 terra,
1967 1186 2379 1264 intelliguntur

253 1289 380 1340 tres
418 1281 597 1356 coeli,
656 1289 716 1341 et
765 1299 874 1357 per
910 1298 1114 1340 omnes
1164 1280 1247 1340 ibi
1281 1281 1633 1358 intelligitur
1671 1282 1919 1343 Coelum
1954 1286 2015 1345 in
2048 1292 2173 1345 toto
2212 1304 2379 1347 com-

255 1381 479 1460 plexu3
537 1387 597 1439 et
633 1383 774 1457 quia
810 1378 1057 1440 Coelum
1095 1386 1189 1439 est
1226 1379 1474 1440 Coelum
1513 1399 1587 1442 ex
1619 1382 1839 1442 Divino
1869 1384 2050 1461 Vere,
2080 1386 2250 1463 *quod
2283 1390 2378 1447 in-

253 1482 386 1541 fluit
431 1497 468 1537 a
501 1481 794 1556 Domine,
849 1486 910 1540 et
957 1482 1246 1557 recipitur
1297 1480 1372 1539 ab
1410 1482 1691 1559 AngeliS,
1748 1490 1806 1543 et
1850 1501 2101 1561 prorsus
2150 1504 2268 1547 non
2305 1504 2378 1548 ex

256 1580 462 1656 aliqua
498 1580 890 1656 intelligentia
924 1581 1269 1658 angelorum
1306 1585 1578 1657 propria,
1616 1580 1765 1642 h‘aec
1804 1587 1958 1643 enim
1993 1584 2161 1644 nulla
2194 1587 2376 1647 intel-

250 1681 503 1759 ligentia
540 1686 664 1751 est,
701 1680 837 1739 inde
874 1697 985 1757 per
1022 1680 1231 1740 eadem
1258 1680 1445 1740 verba
1482 1683 1850 1757 significatur
1887 1685 2045 1762 quod
2079 1703 2154 1744 ne
2189 1686 2376 1746 hilum

250 1781 470 1857 aliquis
523 1797 600 1840 ex
636 1797 758 1843 ,set
815 1779 972 1857 quod
1022 1780 1240 1857 Angeli
1288 1782 1350 1838 in
1387 1779 1571 1843 Coelo
1621 1800 1813 1860 aeque
1877 1801 1949 1844 ac
1998 1785 2268 1846 homines
2314 1789 2377 1846 in

249 1881 468 1940 mundo
504 1880 767 1939 habeant
804 1882 1143 1958 proprium,
1202 1879 1362 1957 quod
1405 1882 1467 1938 in
1502 1897 1569 1940 se
1606 1889 1943 1958 spectatum
1980 1903 2096 1944 non
2134 1891 2226 1944 est
2260 1889 2375 1946 nisi

251 1998 428 2057 quam
458 1980 697 2055 malum,
737 1981 1014 2039 videatur
1040 1981 1097 2037 in
1127 1979 1328 2056 Opere
1359 1981 1433 2038 de
1465 1979 1672 2041 Gouno
1699 1999 1779 2042 ΕΤ
1805 1983 2084 2043 Inmane
2114 2004 2171 2044 n:
2211 1987 2370 2061 5923

254 2087 315 2139 et
350 2083 489 2156 quia
524 2081 745 2139 malum
782 2098 900 2139 non
935 2081 1150 2157 recipit
1200 2081 1424 2155 aliquid
1459 2082 1886 2159 intelligentiae
1924 2091 1985 2142 et
2017 2087 2372 2162 sapientiae,

248 2183 552 2257 sequitur,
607 2180 766 2256 quod
801 2180 1018 2256 Angeli
1052 2197 1246 2255 aeque
1285 2196 1355 2239 ac
1389 2181 1660 2240 homines
1708 2199 1785 2241 ex
1835 2199 1900 2242 se
1938 2200 2184 2260 prorsus
2221 2186 2367 2246 nihil

247 2283 377 2339 veri
436 2279 799 2356 intelligant,
869 2280 977 2338 sed
1039 2280 1198 2356 quod
1258 2280 1453 2339 solum
1512 2299 1585 2340 ex
1629 2282 1918 2342 Domino:
1973 2300 2159 2343 causa
2207 2285 2366 2361 quod

246 2372 463 2457 Angeli
524 2380 677 2439 tales
729 2382 886 2451 sint,
941 2387 1032 2440 est
1090 2380 1233 2457 quia
1279 2397 1488 2441 omnes
1526 2381 1744 2459 Angeli
1789 2388 1931 2441 sunt
1979 2400 2053 2443 ex
2089 2384 2366 2444 Humano

250 2479 521 2553 Genere,
579 2486 639 2538 et
686 2482 1098 2556 unusquisque
1145 2480 1323 2540 homo
1371 2483 1590 2540 retinet
1640 2497 1815 2541 suum
1874 2485 2182 2560 proprium
2228 2491 2368 2562 post

247 2586 518 2651 mortem,
560 2585 620 2637 et
645 2579 804 2654 quod
840 2597 876 2637 a
904 2579 1075 2638 malis
1113 2598 1267 2656 quae
1306 2587 1449 2639 sunt
1480 2583 1710 2658 proprii
1738 2599 1941 2641 eorum
1971 2582 2365 2657 detineantur,

247 2693 321 2736 ac
357 2680 419 2736 in
455 2676 625 2736 bonis
663 2685 982 2738 teneantur
1015 2696 1052 2736 a
1085 2679 1375 2740 Domino:
1431 2682 1590 2758 quod
1627 2698 1832 2741 omnes
1870 2682 2090 2759 Angeli
2135 2685 2254 2743 sint
2289 2702 2366 2745 ex

240 2778 524 2837 Humano
556 2776 810 2853 Genere,
852 2786 912 2838 et
946 2797 1062 2838 non
1098 2779 1312 2856 aliquis
1351 2799 1428 2841 ex
1460 2783 1755 2859 principio
1798 2789 2054 2851 creatuS,
2088 2784 2365 2845 videatur

239 2880 302 2936 in
331 2876 641 2954 Opusculo
679 2878 752 2938 de
783 2878 1027 2941 Utrum»
1054 2880 1312 2940 ‘Jumcro
1348 2898 1422 2938 n:
1467 2884 1553 2940 14
1586 2881 1663 2940 ad
1697 2884 1818 2943 22:
1875 2889 1935 2942 et
1970 2882 2130 2959 quod
2157 2901 2363 2944 omnes

241 2996 280 3036 a
312 2977 468 3036 malo
507 2976 916 3054 detineantur,
974 2987 1034 3039 et
1069 2981 1130 3037 in
1165 2979 1322 3039 bono
1358 2986 1674 3040 teneantur
1713 2999 1749 3039 a
1783 2981 2078 3054 DominO,
2132 2984 2192 3042 in
2225 2983 2359 3043 Do-

237 3094 466 3136 crmNA
505 3077 726 3137 Novm
762 3078 1259 3139 HmnosoLYMAE
1295 3098 1365 3138 n:
1414 3084 1441 3137 1
1464 3084 1572 3139 66.
1630 3079 1804 3157 Quod
1840 3084 1901 3139 in
1938 3080 2140 3157 Coe10‚
2179 3099 2363 3159 super

238 3183 399 3235 terra
437 3183 497 3235 et
532 3177 644 3235 sub
681 3185 871 3253 terra,
911 3178 1206 3255 significet
1239 3185 1361 3238 tres
1401 3179 1632 3255 coelos,
1674 3188 1767 3239 est
1801 3183 1943 3257 quia
1979 3181 2217 3259 Angeli,
2253 3184 2357 3259 qui

235 3278 299 3336 in
336 3275 540 3336 Tertio
579 3294 690 3336 seu
727 3276 1021 3354 Supremo
1060 3276 1242 3337 Coelo
1281 3285 1455 3349 sunt,
1505 3279 1778 3338 habitant
1823 3297 2009 3358 super
2041 3282 2361 3351 montibus,

235 3381 298 3434 et
333 3380 434 3452 qui
466 3379 528 3434 in
566 3375 843 3437 Secundo
879 3394 992 3435 seu
1026 3377 1245 3448 Medic,
1281 3395 1465 3454 super
1501 3379 1785 3453 collibuS,
1827 3385 1888 3439 et
1926 3382 2028 3456 qui
2061 3383 2122 3439 in
2156 3381 2356 3439 Primo

235 3491 347 3534 seu
382 3477 632 3551 Ultimo,
689 3477 802 3535 sub
836 3476 954 3536 illis
1001 3478 1063 3535 in
1095 3476 1462 3553 planitiebus
1514 3485 1576 3537 et
1610 3478 1903 3538 vallibus:
1976 3486 2070 3538 est
2105 3480 2259 3538 enim
2293 3480 2354 3537 in

231 3574 454 3635 Mundo
483 3576 784 3652 spirituali
810 3576 913 3635 ubi
942 3577 1190 3658 spiritus
1222 3584 1282 3635 et
1310 3577 1547 3653 Angeli,
1581 3594 1829 3655 prorsus
1858 3579 2015 3636 sicut
2047 3580 2108 3635 in
2134 3576 2355 3636 Mundo

234 3677 496 3734 naturali
553 3675 659 3735 ubi
703 3676 1006 3747 homineS,
1078 3694 1293 3753 nempe
1343 3683 1573 3751 terrae,
1632 3677 1817 3736 colles
1870 3682 1931 3736 et
1979 3685 2239 3752 montes»,
2296 3683 2359 3737 et

237 3773 439 3848 quoad
463 3778 873 3850 apparentiam
912 3783 1005 3835 est
1031 3776 1167 3835 talis
1195 3776 1519 3835 similitudo
1547 3784 1613 3835 ut
1638 3792 1886 3853 prorsus
1911 3776 2060 3836 nihil
2089 3776 2322 3838 differat
2337 3798 2355 3855 3

235 3889 423 3947 quare
462 3875 640 3932 etiam
670 3874 941 3935 homines
976 3880 1117 3952 post
1143 3882 1393 3936 mortem
1420 3878 1522 3935 vix
1549 3879 1744 3936 sciunt
1777 3875 1952 3935 aliter
1988 3895 2168 3954 quam
2197 3876 2359 3954 quod

220 3971 432 4046 adhuc
480 3988 663 4049 super
709 3977 872 4033 terra
902 3977 1140 4047 vivant,
1194 3983 1253 4035 et
1289 3993 1425 4040 cum
1462 3969 1636 4035 datur
1670 3976 1789 4036 illis
1842 3979 2017 4053 copia
2051 3977 2350 4054 inspicere

225 4074 292 4129 in
329 4077 596 4131 nostram
630 4072 944 4149 tellurem,
986 4092 1117 4134 ¹non
1151 4076 1356 4136 vident
1400 4075 1624 4152 aliquid
1659 4075 1978 4136 dissimile:
2031 4082 2353 4153 praeterea

224 4171 448 4248 Angeli
498 4174 600 4248 qui
648 4172 711 4231 in
745 4171 966 4234 Ultimo
1003 4173 1186 4235 Coelo
1239 4181 1407 4251 sunt,
1462 4180 1681 4235 vocant
1717 4176 1953 4235 coelum
1990 4175 2096 4235 ubi
2133 4172 2350 4251 Angeli
2413 4197 2418 4202 ·
