2791 4778
511 381 617 433 432
941 367 1439 423 APOCALYPSIS
1480 366 1907 422 EXPLICATA.
1978 365 2021 433 §.
2058 374 2177 427 405.

507 527 828 590 benedicta
861 546 903 586 a
946 526 1228 588 Jehovah
1268 533 1441 588 terra
1482 525 1747 606 Josephz·
1761 571 1778 596 ,
1825 525 1907 586 de
1933 523 2232 604 pretiosis
2266 518 2446 597 Coeli,
2491 521 2550 582 de
2650 504 2654 528 ’

507 648 647 691 rore
659 675 674 704 ,
714 627 792 688 de
827 627 1056 709 abysso
1076 627 1327 708 jacente
1363 628 1576 709 infra,
1630 626 1708 687 de
1734 624 2056 704 primitiis
2081 624 2366 685 montium
2389 621 2552 683 om‘en-

510 730 626 804 tis,
682 734 742 788 et
796 726 875 787 de
902 729 1212 807 pretiosis
1253 726 1511 790 collium
1552 723 1841 787 saeculi“
1897 729 2087 787 Deut:
2134 724 2419 784 XXXIII:
2466 724 2548 781 13.

520 835 628 889 14.
677 833 799 905 153
851 829 1001 888 haec
1053 836 1145 887 est
1188 830 1524 888 benedictio
1559 828 1816 903 Josephi
1864 846 1977 888 seu
2018 826 2228 885 Tribus
2262 843 2296 884 a
2334 824 2550 899 Josepho

512 934 852 990 nominatae
901 948 937 988 a
996 931 1197 1006 Mose;
1267 939 1327 990 et
1371 931 1525 990 haec
1567 928 1904 988 benedictio
1958 929 2116 987 dicta
2159 934 2247 985 est
2292 925 2394 1000 illi,
2446 925 2552 999 quia

509 1051 619 1109 per
656 1030 991 1106 Josephum
1028 1031 1394 1106 significatur
1429 1031 1700 1107 Regnum
1755 1030 2068 1106 spirituale
2105 1028 2353 1098 Domini,
2404 1032 2451 1084 et
2487 1022 2550 1080 ibi

509 1133 571 1191 id
623 1130 869 1190 Ocu-lum
929 1131 1086 1206 quod
1133 1136 1404 1208 proxime
1456 1132 1852 1191 communicat
1916 1148 2051 1190 cum
2113 1129 2308 1204 Regno
2356 1122 2546 1184 coelesti

511 1233 780 1304 Domini3
837 1249 945 1306 per
981 1239 1196 1290 terram
1245 1232 1502 1310 Josepbi
1550 1231 1903 1308 intelligitur
1931 1231 1999 1289 'id
2037 1230 2304 1297 Coelum,
2354 1232 2401 1285 et
2430 1238 2546 1300 quo-

521 1350 638 1409 que
677 1332 949 1391 Ecclesia
986 1350 1139 1409 quae
1176 1334 1250 1391 ab
1298 1333 1416 1392 illis
1459 1334 1559 1409 qui
1602 1338 1775 1391 erunt
1813 1334 1873 1389 in
1918 1333 2025 1390 illo
2075 1330 2280 1404 Coelo3
2325 1345 2417 1406 per
2442 1339 2551 1402 pre·

517 1436 671 1491 tiosa
710 1433 894 1503 coeli,
948 1450 1059 1508 pcr
1105 1451 1329 1509 rorem,
1387 1441 1449 1493 et
1487 1433 1770 1509 abyssum
1809 1433 2115 1510 jacentem
2163 1431 2330 1503 infra,
2377 1421 2552 1502 signifi·

512 1541 721 1592 cantur
772 1532 995 1590 Divina
1043 1535 1380 1609 spiritualia
1431 1541 1493 1592 et
1544 1533 1877 1615 spiritualia
1932 1531 2227 1591 naturalia
2268 1547 2334 1588 ex
2380 1526 2552 1601 origine

514 1635 788 1704 coelesti3
846 1650 956 1709 per
1008 1637 1275 1708 pretiosa
1327 1634 1494 1694 Coeli
1546 1634 1770 1691 Divina
1825 1633 2192 1710 spiritualia,
2261 1648 2358 1706 per
2405 1640 2554 1684 rorem

510 1734 846 1811 spiritualia
896 1736 1422 1806 communicantia,
1511 1743 1571 1793 et
1636 1751 1745 1809 per
1795 1735 2084 1811 abyssum
2128 1734 2401 1810 jacentem
2439 1724 2554 1783 infra

510 1833 846 1911 spiritualia
895 1834 1188 1891 naturalia
1204 1855 1219 1909 3
1286 1853 1399 1911 per
1447 1836 1740 1916 primitias
1791 1837 2082 1894 montium
2128 1834 2355 1891 orientis
2396 1835 2447 1885 et
2472 1838 2555 1899 per

512 1937 780 2010 pretiosa
818 1932 1056 1992 collium
1095 1936 1339 2009 saeculi,
1382 1936 1789 2011 significantur
1824 1938 2087 2012 genuina
2121 1934 2272 1993 bona
2301 1938 2408 1989 tam
2430 1940 2553 1985 amo-

507 2038 590 2094 ris
619 2037 677 2092 in
707 2034 1025 2092 Dominum
1059 2052 1236 2110 quam
1265 2036 1573 2095 charitatis
1606 2054 1749 2112 erga
1778 2039 2133 2112 proximum,
2157 2038 2368 2092 montes
2400 2028 2552 2088 orien-

511 2139 588 2194 tis
626 2143 763 2193 sunt
798 2135 955 2193 bona
991 2138 1207 2193 amoris
1244 2138 1302 2194 in
1340 2137 1688 2207 Dominum,
1729 2139 2034 2213 primitiae
2079 2142 2213 2195 sunt
2243 2133 2479 2209 genuina,
2512 2127 2556 2180 et

511 2236 696 2296 colles
738 2236 961 2293 saeculi
1015 2227 1166 2293 sunt
1203 2236 1359 2296 bona
1399 2236 1706 2295 charitatis
1749 2255 1893 2312 erga
1939 2239 2300 2314 proximum:
2350 2231 2435 2306 qui
2469 2238 2556 2282 non
2652 2277 2655 2298 ε

509 2340 649 2411 scit,
710 2336 850 2412 quid
886 2354 995 2413 per
1030 2337 1363 2414 Josephum
1419 2345 1476 2396 et
1531 2338 1660 2414 ejus
1702 2338 1948 2397 Tribum
1993 2338 2464 2417 repraesentatur,
2509 2325 2555 2380 et

501 2446 819 2514 praeterea
856 2438 995 2513 quid
1033 2456 1141 2514 per
1179 2456 1403 2509 rorem,
1473 2439 1760 2515 abyssum
1798 2441 2107 2515 jacentem
2150 2438 2317 2508 infra,
2373 2432 2553 2489 montes

501 2541 772 2611 orientia,
832 2546 890 2597 et
932 2538 1115 2597 colles
1163 2540 1429 2606 saeculi,
1485 2541 1583 2596 vix
1623 2540 1847 2615 aliquid
1883 2543 2043 2601 sciet
2078 2538 2214 2617 quid
2254 2537 2382 2595 talia
2412 2525 2555 2587 verba

502 2640 837 2711 involvunt,
896 2646 956 2698 et
1005 2641 1063 2696 in
1099 2658 1317 2716 genere
1356 2641 1459 2697 vix
1497 2640 1722 2716 aliquid
1758 2643 1908 2700 sciet
1946 2642 2094 2717 quid
2124 2636 2426 2716 significant
2456 2642 2553 2686 οω-

501 2742 599 2796 nia
647 2740 777 2809 illa,
835 2758 989 2819 quae
1041 2739 1114 2798 de
1155 2741 1457 2799 Tribubus
1497 2740 1740 2799 Israelis
1790 2759 1827 2799 a
1868 2741 2042 2801 Mose
2085 2744 2144 2799 in
2189 2745 2302 2797 toto
2334 2733 2421 2792 illo
2460 2726 2549 2786 Ca·

501 2842 625 2914 pite
668 2839 824 2898 dicta
859 2848 1026 2913 sunt,
1084 2849 1144 2899 et
1181 2842 1318 2915 quid
1354 2859 1391 2898 a
1425 2849 1597 2918 patre
1639 2841 1895 2914 Israele,
1944 2840 2112 2921 Cap:
2152 2837 2344 2900 XLIX
2378 2832 2547 2891 Genes.

501 2937 680 3013 Apud
715 2938 1083 2998 Matthaenm
1124 2983 1161 3014 „
1187 2939 1312 3002 Vos
1348 2943 1508 3003 estis
1561 2940 1678 3002 lux
1728 2940 1995 3016 Mundi,
2065 2961 2184 3003 non
2218 2936 2408 3018 potest
2437 2922 2548 2988 urbs
2656 2976 2657 2983 ,

499 3054 658 3116 quae
703 3036 773 3095 in
819 3045 1026 3097 monte
1077 3041 1374 3116 emposita
1414 3050 1536 3112 est,
1615 3040 1859 3103 occulta
1899 3061 2037 3103 esse
2056 3048 2094 3078 “
2153 3042 2234 3099 V.
2292 3040 2398 3109 143
2441 3030 2549 3086 hm

501 3137 578 3195 ad
620 3136 980 3213 discipulos,
1030 3157 1141 3214 per
1180 3156 1329 3216 quos
1367 3143 1717 3219 intelligitur
1753 3143 2030 3203 Ecclesia
2070 3158 2218 3220 quae
2253 3142 2307 3197 in
2339 3132 2471 3192 veris
2497 3137 2549 3180 ex

498 3239 688 3312 bono3
752 3255 936 3312 quare
979 3239 1192 3298 dicitur
1229 3259 1336 3300 vos
1378 3246 1524 3302 estis
1563 3244 1666 3301 lux
1703 3245 1936 3320 mundi3
2006 3245 2108 3302 lux
2147 3240 2334 3302 mundi
2367 3238 2443 3292 est
2469 3239 2548 3281 π’

502 3357 632 3397 rum
675 3338 1018 3417 Ecclesiae3
1075 3341 1233 3418 quod
1268 3343 1328 3401 id
1365 3361 1483 3402 non
1518 3346 1596 3402 sit
1640 3347 1752 3404 nisi
1800 3346 1878 3404 sit
1908 3363 1978 3404 ex
2016 3346 2199 3417 bono,
2249 3331 2548 3416 significatur

499 3458 609 3517 per
649 3459 763 3500 non
803 3446 1002 3516 potest
1041 3442 1181 3500 urbs
1215 3461 1367 3520 quae
1409 3447 1468 3502 in
1509 3451 1706 3503 monte
1751 3448 2024 3521 exposita
2062 3452 2154 3505 est
2194 3438 2411 3502 occulta
2432 3436 2546 3488 esse,

499 3543 642 3600 urbs
670 3545 730 3601 in
765 3550 963 3602 monte
1003 3550 1095 3603 est
1126 3562 1333 3603 verum
1374 3563 1450 3604 ex
1484 3545 1659 3603 bono.
1742 3545 1925 3622 Apud
1971 3546 2235 3604 Eundem
2287 3526 2398 3615 „Si
2428 3528 2541 3610 sae-

495 3642 631 3704 rint
663 3640 866 3703 alicui
909 3652 1153 3705 centum
1198 3663 1372 3721 oves,
1429 3652 1489 3706 et
1537 3645 1844 3705 erraverit
1885 3664 2018 3706 una
2067 3662 2147 3706 eoe
2199 3640 2355 3707 illis,
2398 3635 2545 3692 ”W

495 3741 801 3822 relinquet
838 3745 1194 3824 nonayinta
1236 3765 1453 3807 novem
1490 3745 1561 3806 in
1599 3744 1937 3821 montibus,
1979 3747 2191 3807 abiens
2224 3732 2443 3822 quaerit
2473 3738 2545 3782 θ’·

495 3847 789 3905 rantem“
830 3844 1071 3904 XVIII:
1124 3849 1243 3903 12:
1312 3847 1527 3905 dicitur
1574 3864 1768 3905 nonne
1806 3846 2103 3923 relinquet
2139 3841 2426 3915 nonaginta
2461 3837 2542 3882 1¹⁰⁶

495 3961 630 4001 vem
692 3948 751 4002 in
803 3945 1127 4017 montibuS,
1182 3947 1320 4019 qnia
1372 3964 1484 4021 per
1538 3963 1682 4006 oves
1733 3949 1793 4005 in
1867 3948 2160 4007 montibus
2206 3930 2544 4018 significantur

494 4046 595 4124 qui
637 4047 697 4102 in
745 4043 902 4103 bono
960 4047 1177 4102 amoris
1236 4051 1296 4103 et
1341 4046 1647 4105 charitatis
1693 4055 1861 4123 sunt3
1918 4066 2028 4126 per
2066 4051 2339 4108 errantem
2384 4032 2542 4089 autem

496 4143 863 4214 significatur
907 4147 1007 4219 qui
1058 4161 1169 4202 non
1213 4147 1272 4203 in
1319 4145 1422 4203 illo
1471 4155 1597 4217 est,
1658 4150 1799 4224 quia
1837 4165 1908 4206 ex
1948 4146 2271 4225 ignorantia
2300 4142 2353 4197 in
2395 4123 2541 4190 salsis,

495 4254 630 4295 nam
668 4239 769 4296 ubi
810 4241 1023 4298 falsum
1064 4251 1155 4300 est
1181 4244 1261 4302 ibi
1307 4263 1420 4303 non
1460 4246 1710 4321 bonum,
1767 4252 2044 4324 quoniam
2084 4250 2286 4309 bonum
2317 4239 2394 4296 est
2424 4218 2536 4283 teri
