2791 4778
440 348 549 400 108
884 334 1375 389 APOCALYPSIS
1420 332 1857 390 EXPLICATA.
1912 333 1960 400 §.
2003 340 2131 392 328.

438 495 790 555 liberatione
828 512 865 553 a
899 496 1297 555 damnatione.
1348 495 1442 553 Ex
1475 494 1568 553 his
1605 499 1881 553 constare
1916 498 2149 570 potest,
2197 491 2341 568 quid
2375 495 2562 570 signi-

441 595 581 654 ficat
618 593 774 668 quod
810 595 1103 654 Dominus
1149 595 1471 657 redemerit
1503 594 1826 653 humanum
1865 609 2056 669 genus
2073 635 2090 667 ,
2146 610 2367 669 nempe
2404 594 2568 670 quod

442 692 835 752 vindicaverit
872 701 932 753 et
965 695 1312 754 liberaverit
1361 694 1499 754 illos
1546 694 1621 753 ab
1665 694 1934 762 Inferno,
1990 699 2050 751 et
2085 691 2257 751 malis
2296 699 2362 751 et
2394 694 2566 753 salsis

446 810 601 870 quae
638 796 914 854 continue
963 796 1101 855 inde
1158 801 1515 871 exsurgunt,
1568 811 1640 853 ac
1677 794 1976 852 hominem
2025 794 2088 850 in
2123 792 2571 852 damnationem

444 894 673 964 serunt,
730 900 792 953 et
841 895 1002 971 quod
1051 895 1329 955 continue
1365 894 1628 953 vindicet
1662 894 1799 954 illos
1838 900 1898 952 et
1930 893 2146 952 liberet
2179 893 2317 951 illos
2331 914 2349 968 3
2407 894 2573 970 quod

443 994 837 1053 vindicaverit
873 1001 934 1055 et
969 995 1353 1069 liberaverit,
1413 996 1639 1054 factum
1682 1001 1774 1053 est
1809 1012 1920 1070 per
1956 991 2112 1069 quod
2149 992 2576 1069 subjugaverit

443 1095 711 1162 Inferna;
769 1103 831 1153 et
867 1096 1024 1170 quod
1064 1097 1338 1154 continue
1375 1088 1636 1153 vindicet
1686 1101 1746 1152 et
1780 1093 2025 1167 liberet,
2076 1111 2186 1169 per
2230 1093 2395 1168 quod
2433 1094 2571 1154 Hu-

441 1213 681 1255 manum
719 1211 892 1254 suum
930 1194 1386 1271 glorificaverit,
1441 1191 1554 1253 hoc
1593 1201 1715 1268 est,
1760 1194 2039 1252 Divinum
2076 1193 2281 1251 fecerit
2303 1237 2321 1267 ,
2372 1194 2578 1269 perid

444 1298 598 1353 enim
635 1294 877 1354 Inferna
914 1297 1192 1355 continuo
1236 1295 1564 1371 subjugata
1610 1301 1809 1353 tenet:
1863 1294 1975 1352 hoc
2028 1296 2232 1369 itaque
2271 1300 2370 1351 est
2409 1293 2576 1371 quod

443 1395 810 1472 significatur
840 1412 949 1471 per
975 1395 1131 1471 quod
1160 1395 1482 1454 redemerit
1507 1394 1826 1467 hominem,
1865 1402 1926 1453 et
1951 1411 2061 1469 per
2089 1393 2245 1469 quod
2267 1396 2332 1451 in
2362 1394 2576 1453 Verbo

444 1496 784 1572 appelletur
811 1495 1195 1571 Redemptor,
1235 1503 1301 1554 ut
1336 1498 1394 1554 in
1431 1494 1820 1576 sequentibus
1858 1493 1950 1552 his
1978 1494 2157 1567 locis3
2212 1493 2381 1569 apud
2407 1495 2573 1553 Esa-

435 1597 561 1673 jam
617 1638 654 1668 „
676 1592 777 1652 Ne
816 1593 1029 1654 timeto
1069 1594 1301 1655 vermis
1345 1593 1604 1663 Jacobi‚
1654 1592 2020 1653 moribundi
2056 1590 2372 1664 lemelia,
2411 1592 2576 1674 Eyo

444 1693 678 1774 adjuvo
721 1698 781 1752 te
814 1698 873 1752 et
908 1693 1296 1773 Redemptor
1332 1700 1484 1756 tuus
1524 1692 1802 1754 Sanctus
1840 1690 2166 1754 Israelis“
2216 1693 2403 1754 XLI:
2458 1699 2489 1752 1
2511 1699 2573 1753 4:

445 1792 606 1869 apud
667 1792 933 1851 Eundem
1016 1836 1052 1866 „
1074 1792 1186 1855 Sic
1250 1794 1430 1854 dixit
1490 1792 1775 1855 Jelzovah
1838 1792 2228 1871 Redemptor
2284 1792 2577 1854 Israelis

445 1892 719 1953 Sarwtus
772 1892 1026 1971 Ipsius,
1085 1901 1350 1975 propter
1401 1893 1708 1954 Jehovam
1768 1892 1881 1973 qui
1926 1890 2151 1973 fidelis
2174 1938 2189 1966 ,
2257 1891 2578 1954 Sanctum

443 1988 719 2054 Israelis
756 1992 866 2070 qui
890 1990 1079 2071 eleyit
1109 1997 1211 2054 te“
1252 1994 1478 2054 XLIX:
1518 2002 1576 2053 7:
1633 1996 1794 2070 apud
1823 1992 2095 2052 Eundem
2131 1992 2581 2073 „Redemptor

441 2098 654 2153 noster
682 2091 963 2152 Jehovah
1002 2091 1312 2163 Zebaoth,
1364 2094 1611 2153 Nomen
1660 2091 1884 2172 Ipsius
1924 2089 2200 2152 Sanetus
2237 2091 2575 2153 Israelis“

444 2192 705 2252 XLVII:
751 2197 821 2252 4:
894 2195 1052 2270 apud
1102 2194 1374 2253 Eundem
1425 2239 1460 2267 „
1482 2192 1593 2254 Sic
1636 2191 1814 2255 dimit
1854 2192 2138 2253 Jehovah
2176 2192 2578 2273 Redemptor

446 2298 646 2355 vester
690 2293 964 2355 Sanctus
1000 2292 1276 2354 Israelis
1304 2296 1339 2325 “
1408 2295 1643 2353 XLIII:
1702 2298 1825 2353 14:
1879 2293 2039 2370 apud
2092 2295 2364 2353 Eundem
2418 2338 2455 2368 „
2488 2292 2575 2353 Ut

445 2395 654 2457 sciant
711 2394 917 2455 omnis
963 2412 1108 2464 earo
1156 2394 1324 2474 quod
1361 2394 1511 2474 Eyo
1565 2394 1871 2468 Jehovah,
1931 2391 2235 2455 Salvator
2274 2399 2446 2467 tuuc,
2505 2401 2573 2453 et

443 2496 835 2575 Redemptor
891 2501 1042 2556 tau-s·
1067 2495 1275 2574 fortis
1311 2495 1583 2556 Jacobi“
1642 2496 1869 2555 XLIX:
1914 2497 2041 2554 26:
2093 2496 2257 2573 apud
2293 2494 2575 2553 Eundem

451 2641 488 2670 „
519 2595 601 2655 Ut
668 2595 839 2655 scias
903 2595 1070 2674 quod
1124 2595 1274 2676 Eyo
1326 2595 1639 2670 Jehovah,
1710 2593 2014 2656 Salvator
2060 2600 2246 2670 tuuc,
2316 2600 2377 2654 et
2433 2594 2576 2655 Re-

450 2694 735 2772 demptor
768 2701 918 2756 tuus
943 2703 1170 2775 potens
1213 2697 1497 2756 Jacobi“
1565 2697 1711 2755 LX:
1773 2699 1890 2770 163
1955 2713 2066 2772 per
2118 2695 2405 2756 Sanctum
2467 2694 2575 2754 Is-

449 2795 628 2853 raelis
696 2802 755 2852 et
812 2814 922 2872 per
966 2797 1178 2854 sortem
1213 2797 1463 2870 Jacobi,
1521 2799 1622 2872 qui
1673 2799 1731 2853 in
1775 2796 1892 2855 illis
1940 2797 2088 2855 locis
2138 2802 2390 2856 vocatur
2438 2794 2574 2855 Re-

451 2895 740 2971 demptor,
794 2896 1146 2972 intelligitur
1181 2896 1473 2953 Dominus
1524 2897 1719 2970 quoad
1755 2897 2039 2959 Divinum
2077 2896 2450 2968 Humanum,
2515 2903 2581 2955 et

251 3004 410 3063 [415]
450 3014 561 3073 per
595 2995 896 3054 Jehovam
940 2999 1137 3071 ipsum
1174 2995 1458 3052 Divinum
1494 2994 1715 3070 Ipsius,
1799 2996 1977 3071 Quod
2025 2996 2317 3055 Dominus
2368 2995 2580 3071 quoad

449 3097 733 3155 Divinum
781 3097 1119 3154 Humanum
1172 3096 1509 3151 nominetur
1558 3095 1815 3155 Sanctus
1851 3095 2127 3171 Israe'lis,
2183 3113 2253 3154 ac
2302 3095 2475 3154 fortis
2517 3102 2583 3155 et

451 3203 666 3272 potens
703 3196 955 3265 Jacobi,
993 3201 1087 3252 est
1122 3196 1262 3268 quia
1296 3211 1406 3268 per
1439 3192 1730 3254 Israelem
1768 3202 1827 3253 et
1863 3195 2163 3255 Jacobum
2204 3195 2587 3271 significatur

450 3296 741 3369 Ecclesia,
779 3297 865 3355 ita
897 3293 985 3351 illi
1021 3295 1124 3368 qui
1149 3295 1488 3369 regenerati
1525 3300 1585 3353 et
1616 3296 1938 3370 reformati,
1976 3295 2090 3355 hoc
2123 3302 2235 3370 est,
2275 3295 2583 3372 redempti

452 3403 590 3454 sunt
626 3415 662 3454 a
696 3396 986 3464 Domino,
1037 3410 1172 3451 nam
1211 3393 1273 3450 hi
1306 3394 1499 3453 solum
1538 3394 1612 3452 ab
1648 3395 1924 3454 Ecclesia
1957 3404 2131 3470 sunt,
2187 3412 2296 3455 seu
2343 3395 2584 3454 faciunt

453 3497 786 3556 Ecclesiam
823 3494 1099 3553 Domini:
1141 3493 1300 3569 quod
1325 3494 1611 3554 Divinum
1636 3494 1979 3554 Humanum
2017 3496 2257 3556 Domini
2285 3497 2371 3553 -sit
2410 3496 2583 3571 quod

452 3603 702 3656 vocatur
730 3593 1036 3668 Sanctum,
1074 3598 1242 3669 patet
1269 3594 1431 3670 apud
1458 3594 1681 3653 Lucam
1721 3593 2059 3674 „Anyelus
2087 3595 2266 3656 dixit
2291 3592 2604 3669 Mariae„

452 3693 742 3773 Spiritus
785 3690 1061 3753 Sanetus
1102 3695 1491 3771 superveniet
1531 3693 1601 3754 in
1636 3700 1726 3768 te,
1764 3702 1823 3754 et
1862 3694 2071 3756 virtus
2098 3693 2441 3756 Altissimi
2464 3695 2579 3754 ob-

453 3791 767 3854 umbrabit
803 3798 885 3867 te,
936 3800 1269 3873 propterea
1309 3793 1480 3874 quod
1512 3800 1805 3855 nascetur
1845 3815 1887 3854 a
1927 3803 1985 3856 te
2025 3795 2341 3870 Simorum,
2384 3813 2580 3854 voca-

452 3891 627 3953 bitur
657 3888 852 3973 fllius·
888 3891 1071 3954 Dei“
1130 3894 1192 3953 I:
1234 3896 1362 3955 35:
1421 3902 1482 3955 et
1516 3895 1677 3971 quod
1710 3896 2004 3955 Dominus
2054 3896 2253 3973 quoad
2284 3895 2580 3954 Divinum

452 3994 794 4053 Humanum
831 3996 908 4053 sit
934 3995 1103 4055 fortis
1135 4001 1195 4054 et
1218 4002 1433 4073 potens
1465 3995 1698 4068 Jacobi,
1737 3998 1896 4075 apud
1922 3997 2194 4056 Eundem
2232 3991 2580 4074 „Angelus

453 4092 633 4155 diccit
671 4093 761 4154 ad
796 4092 1103 4172 Mariam,
1143 4114 1273 4156 eece
1311 4093 1620 4174 concipies
1654 4094 1725 4154 in
1758 4104 1934 4159 utero
1970 4101 2028 4158 et
2045 4095 2273 4176 paries
2300 4091 2576 4168 Filium,

452 4190 590 4259 Hic
627 4196 748 4258 erit
774 4193 1080 4278 Maynus,
1127 4204 1187 4257 et
1230 4194 1521 4274 reynabit
1559 4193 1629 4254 iu
1669 4194 1850 4256 domo
1877 4198 2103 4257 ‚heom
2136 4196 2207 4257 in
2231 4203 2576 4270 aeternum,
