2791 4778
457 372 564 425 342
907 357 1394 419 APOCALYPSIS
1438 359 1871 417 EXPLICATA.
1928 357 1972 429 §.
2013 370 2132 422 391·

453 519 847 593 destruenda,
907 519 1237 577 destructio
1277 518 1408 594 ejus
1437 518 1635 593 quoad
1672 497 1821 578 vera
1847 519 2038 578 cultus
2074 519 2392 578 describitur
2415 537 2501 597 per

450 638 676 700 ponere
710 620 945 696 lapides
991 619 1194 677 altaris
1239 621 1395 677 sicut
1433 619 1669 695 lapides
1721 620 1905 679 calcis
1944 621 2264 697 dispersoS,
2312 620 2502 696 lapides

452 723 678 782 Altaris
727 728 867 779 sunt
914 736 1060 779 vera
1107 718 1331 794 cultus,
1398 722 1555 778 sicut
1601 719 1837 796 lapides
1888 721 2066 779 calcis
2118 721 2356 796 dispersi
2397 727 2503 778 sunt

453 824 615 882 sicut
656 822 811 880 falsa
845 838 961 879 non
998 820 1408 897 cohaerentia;
1445 837 1563 878 non
1600 825 2039 880 resurrexerint
2079 822 2195 881 luci
2234 828 2288 880 et
2318 828 2519 880 statuae-

457 923 717 996 solares,
765 921 1059 998 significat
1093 928 1159 979 ut
1194 937 1310 979 non
1341 920 1596 998 amplius
1635 920 1853 997 aliquis
1891 922 2086 980 cultus
2126 941 2197 979 ex
2234 924 2377 980 veris
2406 922 2502 997 spi-

456 1021 771 1082 ritualibus
810 1029 871 1080 et
918 1016 1317 1096 naturalibus,
1356 1021 1477 1081 luci
1513 1020 1846 1097 significant
1882 1023 2103 1081 cultum
2143 1040 2214 1081 ex
2246 1024 2385 1080 veris
2407 1023 2504 1097 spi·

455 1121 801 1195 ritualibu5‚
857 1128 919 1180 et
967 1127 1206 1180 statuae
1272 1123 1503 1182 solares
1566 1121 1787 1181 cultum
1845 1141 1916 1181 ex
1968 1125 2126 1181 veris
2172 1122 2502 1181 naturalibus

454 1223 525 1282 In
567 1221 821 1280 Thr-onis
860 1219 1220 1296 „Deseruit
1254 1222 1589 1283 Dominus
1633 1220 1863 1283 Altare
1897 1242 2121 1298 suum,
2177 1222 2509 1283 abominatus

456 1328 552 1383 est
589 1319 1048 1383 Sanctum-ium
1086 1340 1307 1397 suum,
1360 1319 1670 1383 conclusit
1712 1322 1780 1382 in
1832 1342 2065 1384 manus
2104 1323 2301 1384 hostis
2344 1338 2513 1382 muros

445 1419 850 1504 palatiorum
888 1421 1072 1503 <just
1112 1420 1201 1480 H:
1264 1429 1330 1501 73
1388 1424 1736 1482 lamentatio
1783 1442 1970 1501 super
2019 1427 2264 1483 vastatis
2298 1423 2514 1482 omnibus

457 1523 799 1597 Ecclesiae3
878 1523 1035 1598 quod
1105 1531 1345 1582 vastata
1408 1527 1487 1583 sit
1537 1525 1813 1583 Ecclesia
1875 1526 2075 1601 quoad
2137 1527 2325 1584 onmia
2379 1524 2513 1593 bona,

458 1623 825 1701 significatur
858 1640 970 1698 per
1007 1622 1271 1682 deseruit
1295 1624 1588 1684 Dominus
1625 1625 1835 1684 Altare
1874 1643 2086 1702 suum3
2145 1626 2298 1703 quod
2331 1630 2518 1683 vastata

459 1728 537 1784 sit
574 1723 770 1802 quoad
805 1726 1001 1781 omnia
1027 1740 1190 1792 vera,
1218 1726 1586 1801 significatur
1615 1744 1724 1801 per
1755 1726 2137 1786 abominatus
2167 1734 2257 1786 est
2283 1733 2514 1785 sanctua-

461 1827 611 1883 rium
647 1840 841 1898 suum,
882 1823 1041 1899 quod
1076 1828 1484 1883 sanctuarium
1524 1826 1754 1885 dicatur
1780 1826 1853 1885 de
1881 1827 2162 1887 Ecclesia
2191 1828 2373 1904 quoad
2397 1841 2518 1894 vera,

459 1923 737 1983 videatur
767 1940 952 2000 supra
981 1943 1037 1981 n:
1076 1928 1236 2002 2043
1276 1926 1435 2002 quod
1465 1926 1621 1985 falsa
1649 1934 1709 1984 ct
1738 1927 1894 1985 mala
1914 1929 2265 1987 intraverint
2289 1930 2342 1986 in
2369 1926 2524 1987 omnia

459 2024 791 2098 Ecclesiae,
833 2025 1201 2102 significatur
1231 2043 1343 2102 per
1371 2027 1663 2086 conclusit
1684 2029 1743 2085 in
1769 2045 1978 2086 manus
2008 2029 2202 2088 hostis
2234 2045 2414 2087 muros
2436 2041 2522 2100 pa-

458 2126 737 2185 latiorum
764 2126 918 2203 ejus,
946 2125 1136 2184 hostis
1165 2127 1460 2203 significat
1495 2126 1718 2185 malum
1756 2134 1816 2186 et
1850 2129 2091 2204 falsum,
2133 2129 2458 2190 concludere
2479 2128 2525 2183 in

458 2243 669 2286 manus
708 2227 840 2304 ejus
879 2226 1173 2302 significat
1211 2227 1370 2306 quod
1420 2229 1849 2303 occupaverint
1886 2238 1947 2289 et
1984 2233 2363 2304 intraverint,
2407 2226 2527 2286 muri

458 2328 819 2407 palatiorum
835 2322 1168 2403 significant
1188 2330 1384 2386 omnia
1405 2346 1552 2387 vera
1578 2331 1852 2404 tutantia,
1881 2326 2115 2408 palatia
2143 2340 2278 2391 sunt
2296 2331 2391 2392 illa
2407 2343 2526 2405 quae

459 2429 783 2487 doctrinae.
815 2427 997 2504 Apud
1014 2428 1255 2504 Esajam
1275 2473 1311 2503 „
1328 2427 1642 2508 Quisquis
1665 2429 1946 2492 custodit
1971 2433 2338 2493 sabbathum
2355 2438 2407 2491 et
2422 2448 2527 2489 ser·

459 2533 569 2588 vat
577 2527 818 2608 foedus
856 2545 1090 2603 meum,
1129 2527 1533 2589 introducam
1558 2547 1661 2589 eos
1687 2548 1879 2609 super
1901 2539 2177 2593 montem
2211 2529 2531 2593 sanctitatis

458 2646 647 2703 meae,
677 2634 737 2688 et
771 2626 1140 2691 exhilarabo
1168 2647 1271 2688 eos
1298 2628 1369 2688 in
1405 2629 1589 2690 domo
1603 2631 2000 2707 precationis
2027 2653 2240 2705 meae,·
2282 2630 2530 2693 holocau-

460 2733 566 2787 sta
594 2747 809 2789 eorum
844 2735 904 2788 et
930 2728 1257 2808 sacrificia
1291 2748 1508 2790 eorum
1537 2731 1607 2790 in
1632 2729 2090 2811 beneplacitum
2127 2753 2313 2813 super
2349 2727 2534 2793 Altari

457 2829 639 2900 meo“
696 2827 869 2886 LVI:
937 2832 995 2887 6.
1061 2835 1089 2886 7
1116 2849 1132 2904 ,·
1224 2849 1334 2906 per
1395 2831 1751 2890 sabbathum
1814 2835 2190 2911 significatur
2243 2831 2530 2911 conjunctio

456 2926 699 2986 Domini
743 2943 876 2986 cum
924 2927 1109 2987 Coelo
1155 2936 1215 2987 et
1262 2931 1565 3006 Ecclesia,
1615 2935 1698 2990 ita
1745 2934 2032 2993 cumillis
2083 2938 2186 3010 qui
2229 2934 2336 3006 ibi,
2384 2944 2531 3008 quare

401 3099 410 3101 μ
455 3043 569 3103 per
597 3025 893 3085 custodire
924 3026 1280 3086 sabbathum
1318 3032 1686 3108 significatur
1721 3034 1781 3090 in
1818 3036 2237 3111 conjunctione
2274 3053 2397 3093 cum
2429 3031 2532 3090 Do-

457 3128 615 3185 mino
654 3141 817 3201 esse3
875 3133 934 3186 et
966 3144 1079 3203 per
1127 3144 1373 3189 servare
1413 3133 1626 3191 foedus
1674 3133 1876 3209 Ipsius
1913 3136 2284 3210 significatur
2318 3134 2531 3209 conjun-

459 3228 575 3286 ctio
622 3243 733 3302 per
783 3228 966 3286 vitam
1023 3229 1351 3288 secundum
1388 3241 1720 3309 praecepta
1753 3233 2009 3309 Domini,
2048 3237 2263 3296 foedus
2303 3241 2389 3294 est
2421 3247 2533 3290 con-

446 3327 707 3404 junctio,
779 3334 837 3386 et
895 3331 1018 3386 vita
1066 3330 1394 3389 secundum
1456 3339 1786 3408 praecepta
1847 3337 2179 3412 conjungit,
2246 3338 2533 3412 praecepta

458 3427 728 3506 decalogi
789 3430 924 3489 inde
985 3429 1141 3488 dicta
1200 3431 1441 3490 fuerunt
1485 3433 1728 3509 foedus3
1800 3436 2174 3495 introducam
2224 3453 2328 3496 eos
2384 3445 2531 3508 super

455 3537 715 3589 montem
752 3532 1121 3603 sanctitatis»,
1184 3531 1480 3606 significat
1517 3534 1674 3608 quod
1727 3534 2052 3595 donaturus
2116 3536 2274 3596 bono
2338 3532 2533 3597 amoris,

454 3646 624 3689 mons
678 3633 1015 3690 sanctitatis
1056 3637 1147 3689 est
1185 3630 1435 3690 Coelum
1483 3633 1586 3692 ubi
1621 3633 1843 3693 bonum
1879 3640 2097 3697 amoris
2134 3639 2195 3695 in
2230 3637 2531 3700 Dominum,

453 3731 538 3786 ita
575 3747 811 3807 quoquc
847 3731 1065 3790 bonum
1104 3733 1323 3790 amoris
1371 3734 1549 3808 quale
1594 3733 1677 3792 ibi
1698 3757 1716 3810 3
1774 3735 2116 3795 exhilarabo
2157 3754 2262 3795 eos
2298 3739 2357 3794 in
2392 3734 2533 3791 domo

452 3831 813 3903 precationis
846 3848 1049 3904 meae,
1099 3831 1395 3907 significat
1433 3833 1591 3908 quod
1629 3834 1956 3893 donaturus
2004 3836 2139 3895 illos
2177 3838 2336 3894 veris
2388 3828 2535 3908 spiri·-

452 3927 733 4002 tualibuS,
774 3929 983 3989 domus
1018 3933 1379 4007 precationis
1411 3950 1520 3991 seu
1556 3935 1844 4010 templum
1885 3943 1977 3995 est
2013 3936 2258 3996 Coelum
2287 3934 2385 3993 ubi
2418 3943 2536 3991 vera

252 4033 415 4096 [571]
455 4027 789 4097 spiritualia
824 4034 986 4094 sunt,
1033 4031 1116 4085 ita
1153 4045 1388 4102 quoque
1428 4050 1573 4090 vera
1607 4035 1945 4110 spiritualia
1985 4037 2184 4113 qualia
2220 4036 2332 4110 ib13
2384 4028 2532 4090 holo·

455 4128 664 4175 causta
709 4130 767 4178 et
804 4124 1096 4181 sacrificia
1134 4141 1337 4183 eorum
1376 4130 1436 4186 in
1479 4129 1922 4209 beneplacitum
1958 4153 2144 4213 super
2176 4136 2369 4194 Altari
2404 4143 2535 4193 meo,

453 4214 745 4288 significat
780 4218 1003 4275 cultum
1040 4237 1114 4277 ex
1149 4220 1305 4280 bono
1343 4230 1561 4286 amoris
1597 4248 1710 4306 per
1753 4252 1900 4293 vera
1934 4235 2266 4313 spiritualia
2308 4237 2534 4310 gratum,
