2791 4778
384 341 601 399 CAPUT
643 340 954 417 SEx'rUM,
1708 342 1919 399 VEB&
1966 350 2056 406 10.
2212 353 2321 409 363

249 503 372 576 iuis,
422 520 488 561 ac
535 502 674 561 ideo
714 520 751 561 a
795 500 1054 562 Domino
1105 501 1618 562 recondebantur:
1672 502 1786 561 hoc
1828 505 2007 563 etiam
2055 501 2121 560 fit
2161 503 2323 580 apud

248 601 391 672 illos,
442 605 540 679 qui
593 603 905 662 elevantur
953 619 989 660 a
1032 602 1289 661 Domino
1335 605 1399 661 in
1446 602 1726 677 Coelum,
1793 603 2116 663 induuntur
2176 609 2321 663 tunc

243 702 476 762 vestibus
510 703 700 778 albis,
739 702 899 779 quod
931 703 1214 762 indicium
1252 710 1377 779 est,
1436 703 1597 779 quod
1631 706 1750 763 sint
1784 706 1842 763 in
1880 705 2099 763 Divino
2136 703 2321 779 Vero,

244 805 393 863 etsie
423 806 481 861 in
516 810 676 863 tuto:
730 804 839 863 sed
874 803 948 863 dc
983 803 1108 879 his,
1148 806 1250 880 qui
1286 804 1476 863 induti
1511 804 1679 863 stolis
1716 805 1898 877 albis,
1935 803 2111 881 plura
2143 804 2316 864 vide-

241 901 425 961 buntur
469 907 530 962 in
577 905 992 982 Explicatione
1034 903 1265 980 Capitis
1319 907 1629 981 sequentis
1681 906 1758 963 ad
1802 906 2033 964 Versus
2096 908 2154 964 9.
2208 906 2318 964 13.

250 1005 338 1062 14.
381 1005 483 1063 15.
531 1007 643 1063 16.
690 1008 798 1078 17,
848 1005 942 1063 ibi.
1000 1003 1178 1080 'Quod
1220 1004 1417 1078 Stola,
1477 1005 1675 1082 Toga,
1734 1013 1794 1065 et
1817 1005 2094 1076 Pallium,
2131 1005 2322 1081 signi-

239 1102 386 1161 ficent
415 1104 700 1164 Divinum
744 1106 969 1164 Verum
1014 1106 1075 1163 in
1119 1108 1445 1181 communi,
1513 1116 1787 1165 constare
1826 1109 2004 1165 etiam
2049 1112 2252 1183 potest
2284 1125 2322 1166 a

242 1205 592 1279 sequentibus
633 1189 729 1264 his
764 1205 943 1281 locis;
1014 1205 1177 1282 apud
1227 1204 1581 1265 Sachariam
1630 1204 2014 1287 „Padefient
2041 1204 2315 1285 prophe-

239 1307 342 1378 tae,
409 1304 671 1383 quisque
718 1310 985 1386 propter
1033 1305 1346 1367 visionem
1409 1324 1596 1366 suam
1659 1326 1853 1385 quam
1895 1305 2319 1385 prophetavit,

239 1420 397 1480 neque
446 1404 712 1467 induent
767 1411 985 1486 toyam
1025 1403 1158 1484 pili
1205 1413 1280 1467 ut
1317 1406 1753 1468 mentiantur“
1824 1407 2010 1466 XIII:
2074 1410 2149 1481 43
2210 1425 2322 1484 per

237 1500 535 1579 Prophetas
580 1507 994 1582 significantur
1021 1509 1121 1583 qui
1149 1507 1364 1566 docent
1398 1524 1544 1565 vera
1571 1525 1643 1566 ex
1673 1507 1876 1567 Verbo
1895 1552 1912 1583 ,
1953 1514 2013 1566 et
2045 1509 2105 1566 in
2133 1524 2318 1568 sensu

237 1600 496 1665 abstracto
533 1626 682 1667 vera
720 1607 1026 1668 doctrinae
1064 1626 1139 1666 ex
1175 1608 1411 1676 Verb0,
1467 1616 1526 1666 et
1561 1610 1703 1683 quia
1734 1609 1885 1668 haec
1913 1625 2022 1685 per
2047 1608 2313 1684 prophe-

121 1721 122 1728 ¹
236 1708 310 1761 tas
340 1706 844 1781 significabantur,
877 1708 1015 1766 ideo
1041 1709 1130 1767 illi
1167 1708 1566 1767 induebantur
1601 1714 1742 1786 toga
1775 1709 1881 1785 pili
1894 1729 1911 1786 3
1965 1727 2076 1785 per
2112 1717 2311 1784 togam

121 1853 124 1860 ,
237 1806 364 1861 enim
400 1808 503 1882 pili
537 1808 987 1885 significabatur
1020 1809 1306 1867 Divinum
1356 1808 1583 1868 Verum
1618 1812 1679 1868 in
1717 1810 1970 1880 ultimiS,
2024 1810 2183 1886 quod
2221 1816 2314 1868 est

123 1927 130 1956 1,
236 1900 479 1967 Divinum
528 1909 758 1968 Verum
805 1912 862 1966 in
911 1911 1239 1979 communi,
1300 1927 1436 1967 nam
1488 1911 1755 1969 ultimum
1811 1912 2070 1969 continet
2117 1912 2317 1970 omnia

121 2026 132 2060 r.
236 2004 509 2081 interiora,
561 2010 728 2086 pilus
780 2011 955 2068 etiam
1008 2010 1301 2086 significat
1364 2009 1669 2068 ultimum:
1736 2010 1873 2068 inde
1924 2017 2082 2083 erat,
2153 2011 2313 2086 quod

124 2125 132 2162 ι
237 2105 386 2163 etiam
421 2109 580 2178 Elias
624 2128 695 2168 ex
734 2116 874 2185 toga
909 2127 1021 2168 sua
1060 2110 1255 2169 dictus
1290 2110 1472 2168 suerit
1508 2112 1599 2167 vir
1642 2110 1874 2185 pilosus
1887 2153 1904 2182 ,
1965 2109 2029 2173 II
2062 2110 2228 2186 Rege
2267 2110 2316 2169 Ι.

121 2225 131 2262 ;
241 2205 291 2261 7.
328 2206 390 2264 8:
438 2217 493 2268 et
528 2211 692 2287 quod
732 2210 1041 2269 Johannes
1085 2210 1391 2287 Baptista,
1450 2211 1551 2291 qui
1587 2212 1743 2267 sicut
1776 2210 1940 2267 Elias
1976 2209 2119 2283 fuit,
2170 2213 2313 2286 quia

240 2304 400 2366 simile
432 2311 951 2388 repraesentabat,
1006 2310 1283 2369 habuerit
1317 2313 1742 2369 vestimentum
1779 2325 1852 2368 ex
1889 2308 2026 2385 pilis
2064 2309 2311 2371 cameli-

240 2406 338 2478 niS,
374 2407 569 2472 Matth:
625 2412 747 2471 III:
798 2415 871 2470 42
928 2430 1001 2471 ex
1036 2412 1128 2470 his
1165 2418 1363 2488 patet,
1420 2411 1561 2487 quid
1596 2411 1965 2487 significatur·
1997 2427 2108 2486 per
2136 2411 2316 2487 ,quod

121 2528 137 2567 γ’.
240 2505 523 2581 prophetae
558 2532 681 2572 non
714 2513 959 2572 induent
995 2519 1194 2589 togam
1236 2513 1344 2588 pili
1379 2518 1446 2570 ut
1482 2514 1870 2583 mentiantur,
1907 2528 2121 2586 nempe
2155 2511 2314 2587 quod

121 2632 132 2669 f:
237 2618 337 2662 non
380 2608 558 2672 dicent
611 2631 757 2672 vera
812 2630 946 2671 esse
984 2613 1139 2671 falsa
1188 2619 1249 2671 et
1295 2612 1452 2670 falsa
1497 2630 1632 2672 esse
1678 2629 1852 2695 vera,
1909 2613 2143 2670 mentiri
2196 2610 2313 2670 hoc

124 2730 140 2770 :2
237 2704 506 2779 signifieat.
599 2713 893 2790 Quoniam
954 2714 1119 2772 Elias
1183 2715 1663 2788 repraesentavit
1732 2712 2055 2771 Dominum
2117 2712 2314 2788 quoad

125 2834 134 2870 q
240 2801 495 2886 Verbum,
560 2815 722 2890 quod
758 2821 850 2873 est
886 2814 1329 2890 ipsadoctrina
1376 2816 1532 2888 veri,
1591 2821 1650 2873 et
1683 2813 1960 2871 Elisaeus
1997 2815 2312 2873 continua-

236 2899 320 2962 bat
348 2916 976 2989 repraesentationem,
1018 2921 1076 2974 et
1112 2916 1255 2991 quia
1289 2921 1430 2990 toga
1463 2913 1836 2991 significabat
1873 2912 2157 2975 Divinum
2184 2913 2315 2975 Ve-

121 3036 136 3075 22
238 3019 344 3064 rum
382 3013 438 3069 in
481 3018 811 3089 communi,
880 3015 1041 3091 quod
1086 3021 1178 3073 est
1226 3014 1494 3073 Verbum
1542 3017 1603 3073 in
1648 3013 1904 3083 ultimis,
1979 3015 2115 3074 ideo
2174 3020 2316 3092 toga

131 3114 135 3119 ’
239 3099 376 3168 Eliae
408 3117 681 3188 pervenit
711 3115 788 3174 ad
827 3116 1155 3190 Elisaeum,
1196 3121 1255 3174 et
1292 3132 1530 3191 quoque
1566 3134 1677 3192 per
1712 3122 1912 3192 togam
1947 3115 2118 3175 Eliae
2157 3115 2313 3173 divi-

123 3236 136 3275 ;
235 3216 317 3262 sae
346 3222 474 3272 sunt
509 3234 707 3292 aquae
743 3216 1059 3291 Jordanis,
1140 3215 1478 3274 secundum
1522 3216 1675 3275 haec
1710 3219 1781 3274 ,in
1829 3215 2026 3275 Libris
2075 3216 2312 3291 Regum

120 3344 130 3379 τ.
236 3302 407 3373 »Qum
437 3312 636 3377 Elias·
661 3315 908 3377 *invenit
933 3313 1309 3389 Elisaeum,
1347 3312 1619 3396 projecit
1659 3323 1875 3394 toyam
1909 3334 2097 3375 suam
2125 3334 2318 3394 super

233 3397 428 3470 illum
480 3416 510 3474 I
545 3416 709 3493 Reg:
746 3417 931 3477 XIX:
978 3419 1088 3476 19.
1154 3412 1404 3490 „Elias
1444 3417 1678 3476 sumsit
1724 3421 1941 3492 toyam
1976 3433 2197 3488 suam,
2252 3420 2313 3474 et

122 3570 130 3577 ,
234 3508 499 3576 convolvit
533 3514 743 3592 illam,
792 3523 853 3576 et
882 3517 1210 3597 percussit
1242 3534 1449 3595 aqua-s
1487 3513 1833 3585 Jordanis,
1872 3528 2030 3590 quae
2063 3512 2316 3572 divisae

121 3672 126 3678 ,
231 3615 355 3668 eunt
398 3611 511 3676 hue
552 3624 611 3676 et
650 3614 841 3690 illuc,
898 3623 958 3676 et
985 3616 1417 3677 transiverunt
1452 3616 1629 3675 ambo
1677 3614 1747 3674 in
1787 3610 1995 3671 eicco“
2050 3611 2114 3671 II
2145 3612 2310 3688 Reg:

120 3742 126 3778 1
233 3696 308 3761 11²
347 3713 399 3768 8·
463 3715 821 3791 „Elisaeus
862 3716 1083 3778 videns
1125 3736 1267 3778 cum
1307 3712 1564 3776 ablatus
1599 3709 1927 3775 estElias
1965 3710 2209 3774 turbine
2240 3711 2313 3772 ira

121 3818 129 3863 ῑ
232 3802 458 3889 coelum,
496 3816 766 3879 sustulit
801 3826 1017 3898 toycam
1051 3815 1266 3887 Eliae,
1319 3834 1479 3895 quae
1520 3814 1839 3876 deciderat
1880 3812 2147 3894 desuper
2172 3810 2307 3888 illo,

120 3939 130 3977 :f
233 3903 277 3956 ⁶³²
307 3925 459 3973 rever
460 3935 572 3978 sus·
601 3924 698 3978 est
735 3924 796 3979 et
850 3919 1028 3979 stetit
1055 3917 1157 3978 ad
1195 3915 1356 3979 litus
1393 3914 1752 3988 Jordams;
1817 3921 1879 3974 et
1923 3913 2157 3976 sumsit
2210 3921 2308 3974 to-

121 4024 132 4077 3,
230 4015 352 4073 vam
387 4010 594 4095 illam,
649 4024 709 4079 et
753 4019 1073 4099 percussit
1122 4036 1352 4098 aquas,
1407 4035 1567 4095 quae
1606 4015 1856 4077 divisae
1893 4020 2043 4077 sunt
2084 4013 2205 4075 huo
2251 4020 2312 4075 et

121 4144 122 4175 ς
234 4094 380 4183 ²Htw,
440 4122 494 4177 et
542 4120 896 4182 transivit“
948 4119 1010 4179 II
1048 4117 1523 4197 Reg211212
1576 4119 1863 4192 13.14;
1935 4117 2095 4194 quod
2144 4115 2310 4176 Elias

120 4226 134 4275 t‘
233 4202 398 4278 t⁰8³³¹¹11
452 4221 771 4298 projecerit
819 4238 1003 4298 super
1066 4221 1400 4293 Elisaeum,
1467 4217 1840 4295 significabat
1903 4219 2062 4294 quod
2108 4225 2307 4276 trans-
