2791 4778
508 295 582 346 35
944 277 1445 334 APOCAm'Pffls
1488 275 1923 334 EXPLICATA.
1989 276 2038 347 §.
2082 286 2211 340 325.

508 441 727 519 quibus
775 437 973 499 cultus
993 484 1009 514 ,
1081 444 1315 498 constat
1365 454 1440 496 ex
1487 435 1920 513 significatione
1971 452 2221 513 precum
2268 443 2644 508 sanctorum,

509 540 672 619 quod
707 541 827 598 sint
861 537 1060 598 cultus
1110 556 1185 597 ex
1243 537 1401 596 bono
1437 535 1733 612 spirituali
1745 558 1762 612 3
1817 554 1930 613 per
1961 554 2179 613 preces
2221 538 2283 596 in
2318 555 2520 598 sensu
2554 541 2642 597 in·

509 647 682 700 terno
718 636 1132 715 intelliguntur
1182 639 1379 697 omnia
1415 636 1645 709 cultus,
1701 644 1762 696 et
1811 654 1922 715 per
1968 645 2210 698 sanctos
2264 639 2646 715 spiritualia3

509 741 704 801 sancti
742 740 895 799 enim
934 742 993 797 in
1031 738 1234 797 Verbo
1272 736 1550 797 dicuntur
1587 739 1689 813 qui
1723 738 1784 796 in
1817 736 2028 814 Regno
2064 737 2365 814 spirituali
2396 738 2646 797 Domini
2745 767 2746 824 ¹

513 846 684 911 sunt,
706 840 858 918 justi
892 846 1095 899 autem
1130 840 1232 916 qui
1265 839 1324 896 in
1351 835 1562 914 Regno
1601 837 1852 897 coelesti
1875 835 2109 914 Ipsius,
2151 838 2431 898 videatur
2459 855 2648 917 supra
2746 838 2749 916 ¹

509 959 583 1001 n:
627 943 801 1016 2045
857 941 966 999 sed
1002 941 1061 998 in
1097 955 1281 1014 sensu
1316 941 1550 997 interno
1585 937 1774 997 Verbi
1820 955 1930 1015 per
1964 944 2205 997 sanctos
2253 957 2372 998 non
2411 939 2644 999 intelli-

511 1048 730 1119 guntur
764 1042 958 1099 sancti
992 1039 1101 1099 sed
1137 1045 1376 1113 sancta,
1434 1054 1568 1096 nam
1607 1041 1798 1097 sancti
1844 1037 2159 1097 involvunt
2191 1055 2533 1115 personas,
2592 1046 2647 1098 et

509 1145 570 1201 in
605 1157 787 1202 sensu
822 1142 1053 1200 interno
1082 1140 1318 1198 exuitur
1345 1156 1517 1198 omne
1553 1154 1868 1215 personae,
1907 1137 2073 1198 solae
2104 1142 2258 1197 enim
2286 1156 2383 1198 res
2417 1141 2645 1199 faciunt

508 1241 713 1316 illum,
770 1240 845 1300 de
891 1259 1012 1318 qua
1054 1258 1120 1300 re
1175 1239 1450 1300 videatur
1496 1255 1682 1315 supra
1745 1257 1812 1297 n:
1856 1241 2030 1315 2703
2100 1247 2160 1298 et
2198 1239 2359 1316 quod
2393 1239 2642 1317 Augen,

515 1345 656 1418 quia
703 1341 1077 1419 spirituales,
1134 1342 1395 1415 cogitent
1448 1339 1750 1398 abstracte
1800 1357 1837 1398 a
1872 1342 2181 1415 personis,
2230 1342 2413 1398 etiam
2457 1356 2642 1417 supra

508 1459 579 1500 n:
625 1443 736 1500 99.
773 1443 941 1517 1003
977 1443 1039 1499 in
1073 1441 1186 1499 hoc
1225 1439 1606 1516 distinguitur
1631 1455 1848 1499 sensus
1877 1442 2141 1498 internus
2173 1440 2357 1500 Verbi
2383 1458 2428 1500 a
2458 1457 2641 1499 sensu

513 1547 759 1601 externo
798 1540 950 1616 ejus,
990 1541 1091 1615 qui
1128 1547 1220 1598 est
1254 1557 1469 1600 sensus
1505 1539 1753 1615 literae;
1806 1547 1866 1599 et
1902 1542 2043 1617 quia
2086 1542 2174 1599 sic
2228 1558 2337 1617 per
2387 1547 2638 1600 sanctos

510 1640 926 1716 intelliguntur
960 1647 1195 1713 sancta,
1252 1648 1312 1699 et
1347 1658 1460 1716 per
1494 1650 1766 1699 sanctum
1802 1642 1865 1699 in
1892 1639 2096 1699 Verbo
2132 1640 2498 1718 intelligitur
2532 1641 2640 1700 Di-

510 1742 715 1799 vinum
753 1738 977 1799 Verum
1016 1740 1173 1816 quod
1207 1740 1479 1818 procedit
1513 1758 1550 1799 a
1583 1739 1841 1799 Domino
1854 1782 1870 1815 ,
1922 1750 1982 1799 et
2015 1741 2159 1799 facit
2191 1740 2475 1817 Regnum
2515 1742 2635 1817 spi·

511 1838 732 1899 rituale
769 1839 1005 1916 IpsiuS,
1040 1840 1316 1902 videatur
1350 1858 1537 1917 supra
1572 1859 1641 1899 n:
1687 1843 1851 1912 204,
1888 1841 2023 1900 ideo
2059 1858 2171 1918 per
2206 1850 2418 1901 saneta
2457 1840 2632 1901 intel·

513 1940 779 2017 liguntur
816 1941 1187 2018 spiritualia,
1246 1949 1305 2001 et
1341 1959 1451 2018 per
1487 1958 1702 2019 preces
1739 1949 2079 2001 sanctorum
2130 1941 2327 2000 cultus
2365 1959 2444 2002 ex
2482 1942 2631 2001 bono

513 2041 842 2118 spirituali:
882 2042 1041 2117 quod
1078 2042 1274 2101 cultus
1312 2059 1386 2102 ex
1422 2042 1534 2101 hoc
1571 2041 1726 2100 bono
1762 2059 1874 2120 per
1910 2058 2124 2119 preces
2160 2050 2504 2103 sanctorum
2542 2044 2629 2100 in-

514 2140 852 2220 telligatur,
893 2151 1130 2203 constat
1157 2161 1230 2203 ex
1259 2160 1348 2217 e0,
1390 2142 1548 2220 quod
1585 2142 1819 2202 dicatur
1855 2143 2012 2220 quod
2045 2142 2365 2202 habuerint
2395 2142 2625 2218 phialas
2746 2159 2748 2196 ¹

309 2256 471 2319 [400]
510 2259 728 2303 aureas
763 2242 974 2320 plenas
1011 2244 1338 2315 suffitibuS,
1375 2261 1530 2320 quae
1568 2249 1707 2301 sunt
1740 2259 1956 2320 preces
1992 2252 2370 2311 sanctorum,
2423 2251 2482 2301 et
2518 2258 2624 2318 per

505 2343 741 2407 suffitus
773 2344 1184 2424 significantur
1219 2347 1418 2405 omnia
1452 2343 1649 2404 cultus
1687 2360 1840 2421 quae
1879 2361 1952 2403 ex
1986 2341 2146 2422 bono
2180 2342 2501 2422 spirituali,
2557 2347 2614 2398 ut

505 2446 567 2504 in
593 2446 865 2507 Articulo
900 2466 1036 2507 mox
1073 2445 1479 2525 praecedente
1508 2451 1812 2504 ostensum
1850 2451 1961 2519 est,
2000 2443 2141 2503 inde
2170 2447 2437 2520 sequitur
2468 2439 2619 2519 quod

507 2562 618 2621 per
651 2564 866 2622 preces
902 2555 1243 2609 sanctorum
1280 2544 1476 2604 simile
1507 2542 1871 2622 significetur
1883 2564 1900 2619 3
1938 2555 2004 2602 ut
2040 2561 2280 2621 quoque
2312 2545 2474 2622 apud
2499 2542 2619 2601 Da-
2749 2576 2751 2663 ¹

506 2644 708 2703 videm
755 2689 795 2720 „
817 2645 1093 2708 Attende
1137 2664 1356 2707 aurem
1400 2644 1490 2706 ad
1531 2664 1736 2706 vocem
1775 2663 1982 2705 meam
2017 2642 2272 2724 quando
2311 2642 2517 2708 clamo
2543 2641 2626 2704 ad

514 2740 624 2818 Te,
660 2751 943 2823 receptae
968 2745 1100 2807 sint
1131 2763 1350 2823 preces
1376 2764 1567 2821 meae,
1614 2745 2047 2825 suffimentum
2086 2762 2298 2806 eoram
2329 2742 2435 2819 Te,
2482 2744 2622 2807 sub·
2748 2760 2751 2853 ¹

503 2839 670 2905 latio
696 2861 1006 2905 manuum
1028 2842 1326 2906 minehah,
1351 2865 1642 2925 vesperae
1660 2868 1681 2907 .·
1721 2843 1977 2909 custodi
1998 2845 2280 2929 januam
2316 2843 2621 2908 labiorum

505 2960 790 3004 meorum
800 2987 820 3019 ,
873 2962 949 3005 ne
984 2942 1232 3006 declina
1283 2961 1388 3007 eor
1422 2964 1629 3007 meum
1679 2944 1769 3007 ad
1802 2942 2080 3022 malum,
2135 2945 2225 3006 ad
2252 2946 2625 3027 faciendum

2748 4110 2751 4169 1

2746 2293 2748 2330 ἱ

493 3042 806 3124 facinora
850 3045 935 3106 in
966 3046 1320 3125 impietate,
1376 3065 1521 3108 eum
1562 3046 1691 3107 viri
1693 3066 1727 3106 s
1766 3045 2168 3125 operantibus
2206 3047 2623 3126 iniquitatem,

509 3143 666 3223 quia
708 3143 916 3206 adhuc
943 3165 1164 3226 preces
1202 3166 1373 3208 meae
1412 3147 1482 3207 in
1516 3144 1717 3207 malis
1752 3142 2014 3208 illorum
2035 3150 2074 3180 “
2130 3147 2365 3207 Psalm:
2407 3144 2621 3207 CXLI:

516 3247 577 3304 1.
623 3248 684 3303 2.
729 3248 789 3306 3.
835 3250 893 3307 4.
942 3251 1010 3324 ὃς
1065 3247 1161 3308 hic
1216 3265 1456 3324 quoque
1507 3264 1723 3323 preces
1758 3255 2049 3307 vocantur
2083 3247 2519 3333 suffimentum,
2573 3251 2624 3303 et

505 3343 769 3407 sublatio
829 3367 1112 3408 manuum
1149 3356 1402 3407 vocatur
1436 3347 1745 3417 minchah,
1799 3355 1859 3406 et
1909 3348 2024 3407 hoe
2073 3350 2214 3425 quia
2261 3366 2374 3426 per
2415 3361 2624 3425 preces

503 3447 695 3508 simile
731 3450 1097 3525 significatur
1136 3448 1295 3525 quod
1329 3466 1441 3526 per
1475 3447 1904 3521 suffimentum,
1962 3456 2024 3508 et
2066 3465 2179 3526 per
2231 3448 2622 3509 sublationem

503 3563 785 3607 manuum
833 3550 1027 3609 simile
1082 3549 1242 3626 quod
1285 3566 1395 3625 per
1439 3547 1764 3622 mincham,
1834 3567 1946 3625 per
1991 3548 2393 3608 suffimentum
2439 3549 2621 3626 signi-

503 3645 718 3704 ficatur
742 3647 959 3708 bonum
989 3649 1325 3727 spirituale,
1353 3649 1511 3724 quod
1543 3655 1634 3708 est
1660 3648 1879 3708 bonum
1909 3648 2215 3708 charitatis
2246 3667 2391 3726 erga
2420 3649 2619 3727 proxi-

501 3761 663 3803 mum
687 3788 704 3817 ,
758 3755 820 3806 et
853 3767 964 3826 per
997 3750 1294 3809 mincham
1332 3748 1703 3826 significatur
1739 3749 1960 3807 bonum
1999 3748 2308 3820 coeleste,
2342 3750 2504 3826 quod
2539 3752 2622 3808 est

501 3843 721 3904 bonum
757 3852 975 3909 amoris
1013 3852 1075 3909 in
1107 3850 1458 3924 Dominum,
1500 3851 1584 3908 ita
1616 3867 1727 3927 per
1763 3856 2080 3926 utrumque
2123 3849 2353 3926 cultu83
2394 3857 2454 3910 et
2490 3850 2620 3926 quia

500 3961 715 4021 preces
751 3968 869 4009 non
903 3957 1046 4008 sunt
1081 3967 1156 4009 ex
1193 3966 1296 4009 ore
1332 3950 1442 4009 sed
1479 3944 1553 4009 ex
1592 3949 1769 4010 corde
1805 3967 1917 4027 per
1952 3966 2020 4008 os
2032 3994 2051 4025 ,
2108 3957 2169 4010 et
2204 3953 2392 4010 omnis
2433 3949 2617 4009 cultus

503 4048 604 4120 qui
643 4056 736 4107 est
773 4068 846 4109 ex
884 4048 1064 4109 corde
1102 4057 1194 4108 est
1231 4067 1302 4110 ex
1336 4048 1493 4110 bono
1532 4052 1750 4110 amoris
1788 4059 1850 4110 et
1885 4049 2229 4125 charitatis,
2269 4068 2407 4109 nam
2444 4067 2543 4111 cor
2565 4045 2617 4106 id

499 4145 828 4224 significat,
888 4146 1022 4208 ideo
1061 4150 1238 4210 etiam
1276 4150 1509 4218 dicitur,
1548 4149 1781 4210 custodi
1824 4151 2073 4227 januam
2115 4149 2423 4211 ¹labiorum
2458 4164 2614 4209 meo·
