2791 4778
482 343 552 394 38
824 325 1318 383 APOCALYPSIS
1360 325 1792 382 EXPLICATA.
1847 326 1895 394 §.
1940 335 2069 401 309·
2112 335 2243 388 310.

476 494 641 550 ciunt
691 504 878 547 unum
921 488 1217 546 hominem
1232 530 1251 562 ,
1304 488 1390 545 ita
1442 486 1722 545 Divinum
1786 492 1848 544 et
1904 483 2247 544 Humanum
2299 491 2393 545 est
2453 502 2622 545 unus

476 591 790 663 Christus3
842 587 982 647 inde
1027 589 1170 647 sciri
1216 592 1450 664 potest,
1508 586 1686 646 etiam
1742 585 1818 643 ab
1853 583 1976 644 illis
2024 586 2127 661 qui
2159 586 2340 646 fidem
2380 584 2621 644 habent

479 690 834 763 Athanasio,
888 687 1052 766 quod
1088 688 1382 747 Dominus
1433 705 1507 747 ex
1553 687 1801 763 propria
1846 687 2145 762 potentia,
2201 687 2346 764 quia
2381 703 2457 743 ex
2494 702 2619 745 suo

470 791 730 859 Divino,
781 788 886 848 illa
919 788 1163 848 fecerit:
1219 806 1295 847 ex
1344 788 1439 847 his
1474 787 1790 846 manifeste
1848 792 2127 846 constare
2164 792 2393 864 potest,
2450 803 2613 862 quo-

478 890 656 951 modo
705 889 1094 966 intelligenda
1145 896 1287 948 sunt
1334 906 1490 964 quae
1524 888 1820 947 Dominus
1873 887 2019 946 dicit
2069 886 2230 964 apud
2266 886 2613 947 Johannem

482 989 751 1067 „Paten
809 988 947 1066 Qui
978 989 1049 1049 in
1075 986 1185 1049 Me
1224 992 1464 1063 manet,
1503 987 1654 1069 Ipse
1681 987 1857 1068 fam't
1900 1005 2129 1067 opera;
2170 986 2406 1050 credite
2432 984 2616 1047 Mihi

475 1090 646 1171 quod
687 1089 839 1171 Eyo
898 1089 971 1151 in
1010 1088 1240 1160 Patre,
1291 1094 1352 1149 et
1389 1086 1593 1149 Pater
1642 1087 1714 1149 in
1764 1086 1931 1148 Me“
1984 1088 2158 1149 XIV:
2208 1091 2313 1148 10.
2367 1091 2488 1147 11:
2549 1095 2612 1147 et

476 1192 629 1251 alibi
675 1191 838 1269 apud
870 1191 1141 1250 Eundem
1194 1188 1465 1265 „Amen
1511 1188 1652 1249 dieo
1711 1188 1914 1261 vobi-9,
1966 1207 2092 1249 non
2128 1192 2345 1268 potest
2377 1184 2614 1249 Filius

468 1292 689 1373 faeere
737 1290 1071 1370 quiequam
1125 1310 1168 1351 a
1204 1288 1468 1370 διείρεο,
1519 1288 1656 1349 nisi
1709 1288 1868 1368 quid
1902 1288 2137 1349 viderit
2173 1287 2443 1350 Patrem
2480 1287 2606 1368 fa-

475 1391 784 1464 oimtem;
827 1410 985 1470 quae
1016 1410 1284 1470 namque
1309 1390 1462 1470 Ipse
1488 1388 1694 1469 facit,
1738 1388 1893 1449 haee
1926 1389 2122 1450 etiam
2155 1387 2376 1450 Pilius
2414 1387 2608 1447 simi-

479 1490 631 1554 liter
655 1492 862 1573 facit.-
912 1489 1442 1572 quemadmodum
1465 1488 1669 1550 Pater
1707 1489 1982 1550 suscitat
2022 1494 2308 1550 mortuos
2342 1494 2402 1549 et
2436 1488 2607 1549 vivi-

468 1593 663 1674 ficat,
718 1592 817 1653 ita
847 1593 1042 1653 etiam
1076 1588 1298 1653 Filius
1335 1609 1491 1668 quos
1529 1587 1667 1651 vult
1703 1590 2030 1670 vivificat,·
2073 1588 2606 1669 quemadmodum

478 1691 685 1753 Pater
723 1691 905 1753 habet
942 1692 1145 1752 vitam
1182 1691 1252 1751 in
1286 1689 1540 1771 Seipso,
1593 1690 1694 1751 ita
1729 1690 1926 1750 etiam
1959 1690 2140 1751 dedit
2184 1687 2363 1750 Filio
2401 1690 2607 1750 vitam

479 1790 703 1852 habere
740 1790 812 1851 in
849 1790 1119 1871 &dp-§M
1157 1791 1235 1851 V:
1279 1794 1387 1851 19.
1433 1794 1542 1851 21.
1587 1780 1709 1868 263
1747 1793 1888 1867 quia
1921 1790 2236 1861 Divinum,
2274 1791 2434 1868 quod
2469 1791 2604 1848 Do-

479 1894 678 1951 minus
707 1898 884 1950 voeat
907 1892 1166 1966 Patrem,
1198 1892 1309 1950 suit
1336 1890 1522 1951 Suum
1537 1891 1838 1964 Divinum,
1872 1899 1932 1950 et
1956 1908 2073 1950 non
2102 1891 2268 1949 aliud
2293 1891 2604 1965 Divinum,

481 1991 622 2052 inde
660 1997 934 2051 constare
961 1998 1193 2069 potest,
1249 1992 1412 2067 quod
1448 1992 1728 2070 quicquid
1765 2009 1842 2052 ex
1890 1993 2073 2052 Patre
2124 1994 2354 2051 fecerat
2404 2008 2476 2050 ex
2521 1990 2605 2050 Se

483 2092 723 2167 fecerit,
780 2097 841 2149 et
877 2110 1115 2168 quoque
1153 2092 1437 2169 quicquid
1474 2111 1544 2152 ex
1582 2092 1881 2169 Humano,
1937 2093 2096 2170 quod
2137 2098 2315 2151 vocat
2347 2091 2600 2166 Filium3

482 2198 547 2252 et
579 2193 667 2253 sic
703 2192 860 2268 quod
890 2194 1105 2263 omnia,
1141 2194 1281 2270 quia
1316 2210 1393 2253 ex
1425 2192 1566 2267 Suo,
1607 2209 1680 2252 ex
1715 2196 1960 2271 propria
1994 2196 2264 2275 potentia
2295 2193 2519 2253 fecerit.

639 2295 799 2354 310.
872 2294 963 2353 Ex
998 2293 1155 2354 tribu
1195 2295 1508 2369 Jehudae,
1565 2293 1736 2352 radix
1770 2294 2053 2364 Davidis,
2106 2293 2266 2370 quod
2309 2293 2601 2370 significet

479 2413 592 2474 per
610 2395 891 2456 Divinum
925 2396 1158 2456 Bonum
1185 2399 1415 2456 unitum
1441 2396 1662 2455 Divino
1690 2395 1855 2455 Vero
1889 2398 1949 2454 in
1984 2410 2094 2454 suo
2120 2396 2415 2465 Humano,
2452 2410 2596 2452 con-

481 2503 603 2556 stat
637 2515 713 2557 ex
747 2496 1176 2574 significatione
1216 2498 1436 2557 Tribus
1474 2483 1790 2570 Jehudae,‘
1844 2495 2003 2573 quod
2050 2498 2170 2555 sint
2205 2498 2400 2555 omnia
2439 2494 2599 2551 bona

478 2598 542 2656 in
576 2597 912 2673 complexu,
951 2615 1158 2657 omnes
1207 2600 1361 2656 enim
1403 2597 1621 2657 Tribus
1656 2597 1903 2656 Israelis
1952 2596 2367 2673 significabant
2402 2596 2601 2654 omnia

476 2713 628 2755 vera
662 2701 723 2754 et
752 2696 912 2755 bona
948 2696 1115 2756 Coeli
1151 2704 1210 2757 et
1247 2698 1587 2771 Ecclesiae,
1639 2698 1712 2756 de
1751 2715 1867 2773 quo
1904 2713 2091 2774 supra
2125 2715 2192 2756 n:
2238 2700 2345 2770 39,
2388 2703 2449 2754 ot
2481 2696 2596 2755 Je-

479 2794 684 2854 hudah
715 2810 821 2854 seu
853 2795 1069 2854 Tribus
1100 2797 1231 2873 ejus
1261 2796 1636 2872 significabat
1669 2797 1888 2856 bonum
1926 2800 2145 2857 amoris
2183 2797 2483 2870 eoelestis,
2522 2796 2596 2855 de

481 2911 599 2972 quo
627 2895 804 2953 etiam
833 2911 1018 2971 supra
1053 2914 1123 2954 n:
1162 2900 1190 2955 1
1216 2899 1243 2954 l
1263 2898 1321 2970 9,
1363 2898 1509 2955 etin
1536 2896 1815 2957 Ancms
1845 2897 2262 2958 Connus-rmus
2288 2916 2347 2956 n:
2383 2897 2591 2956 3654.

464 2997 701 3079 3881.
750 2995 959 3056 5583.
1006 2997 1217 3056 5603.
1266 2997 1476 3056 5782.
1524 2998 1742 3073 63635
1793 2999 1931 3057 inde
1979 3000 2040 3056 in
2076 3015 2356 3074 supremo
2393 3013 2596 3066 sensu,

479 3097 541 3154 in
579 3112 695 3171 quo
732 3094 805 3156 de
840 3095 1131 3166 Domino,
1166 3114 1276 3172 per
1314 3096 1563 3156 Tribum
1590 3097 1869 3158 Jehudae
1906 3098 2275 3175 significatur
2310 3098 2594 3158 Divinum

442 3185 445 3188 ’
480 3194 711 3254 Bonum
723 3216 741 3272 3
782 3201 843 3255 et
879 3214 948 3256 ex
985 3196 1414 3272 significatione
1452 3197 1670 3257 radicis
1696 3198 1981 3272 DavidiS,
2023 3200 2183 3275 quod
2209 3201 2287 3257 sit
2312 3198 2594 3257 Divinum

481 3294 729 3368 Verum,
756 3313 868 3373 per
893 3296 1191 3355 Davidem
1219 3299 1373 3357 enim
1400 3297 1679 3357 inVerbo
1709 3299 2062 3376 intelligitur
2078 3299 2371 3358 Dominus
2400 3297 2596 3372 quoad

478 3392 759 3455 Divinum
790 3397 1034 3470 Verum,
1076 3397 1348 3457 videatur
1374 3415 1562 3474 supra
1589 3416 1645 3458 n:
1673 3401 1770 3464 20
1785 3400 1842 3474 53
1879 3400 2021 3458 inde
2048 3406 2159 3474 est,
2201 3399 2358 3476 quod
2385 3416 2496 3474 per
2523 3416 2597 3456 ex

476 3496 634 3555 tribu
661 3497 702 3556 J
707 3497 940 3557 ehudae
977 3496 1146 3555 radix
1168 3497 1439 3572 DavidiS,
1478 3499 1844 3575 intelligatur
1871 3501 2165 3560 Dominus
2196 3499 2394 3576 quoad
2421 3499 2594 3558 Divi-

481 3614 622 3656 num
649 3597 881 3656 Bonum
910 3600 1138 3656 unitum
1165 3599 1381 3659 Divino
1415 3599 1576 3659 Vero
1612 3601 1671 3658 in
1706 3600 1989 3659 Humano
2023 3601 2259 3677 Ipsius3
2297 3602 2356 3657 in
2395 3597 2595 3658 Verbo

480 3698 541 3754 in
584 3712 768 3758 sensu
811 3697 944 3775 ejus
978 3696 1189 3757 literae
1225 3700 1609 3776 utplurimum
1648 3700 1924 3759 dicuntur
1951 3701 2099 3775 duo,
2140 3718 2389 3778 quorum
2418 3714 2597 3757 unum

475 3796 730 3866 involvit
765 3797 1013 3873 bonum,
1069 3799 1321 3859 alterum
1362 3807 1563 3860 autem
1599 3818 1840 3870 verum,
1891 3801 1998 3859 sed
2037 3801 2155 3860 duo
2205 3801 2310 3859 illa
2347 3800 2595 3877 conjun-

475 3904 696 3973 guntur
730 3901 791 3956 in
825 3917 1006 3957 unum
1043 3902 1102 3958 in
1130 3916 1311 3960 sensu
1349 3902 1581 3959 interno
1619 3916 1729 3958 seu
1755 3901 2053 3975 spirituali
2090 3902 2243 3978 ejus,
2283 3908 2345 3959 et
2377 3900 2493 3959 hoe
2520 3898 2593 3957 ob

274 4004 436 4067 [368]
476 3997 814 4075 eonjugium
842 3999 981 4059 boni
1009 4007 1071 4059 et
1096 4003 1226 4061 veri
1253 4002 1310 4058 in
1339 4001 1592 4079 singulis
1620 3999 1825 4074 Verbi,
1864 4001 1939 4061 de
1968 4019 2086 4077 quo
2111 4002 2385 4061 videatur
2413 4015 2596 4076 supra

474 4115 548 4155 n:
594 4101 730 4159 238
772 4101 821 4160 f:
866 4103 1038 4179 2883
1090 4094 1283 4161 eausa
1327 4106 1450 4171 est,
1507 4101 1649 4175 quia
1694 4099 1914 4159 bonum
1962 4108 2023 4161 et
2057 4119 2265 4163 verum
2314 4103 2375 4160 in
2413 4098 2594 4162 Coelo

478 4214 593 4258 non
656 4208 794 4261 sunt
843 4201 961 4261 duo
1007 4200 1115 4261 sed
1169 4217 1389 4276 unum,
1461 4217 1631 4259 omne
1685 4202 1837 4260 enim
1876 4219 2085 4262 verum
2156 4202 2237 4262 ibi
2290 4209 2384 4263 est
2432 4201 2591 4260 boni.
