<?xml version="1.0" encoding="UTF-8"?>
<!DOCTYPE html PUBLIC "-//W3C//DTD XHTML 1.0 Transitional//EN"
    "http://www.w3.org/TR/xhtml1/DTD/xhtml1-transitional.dtd">
<html xmlns="http://www.w3.org/1999/xhtml" xml:lang="en" lang="en">
 <head>
  <title>
</title>
<meta http-equiv="Content-Type" content="text/html;charset=utf-8" />
  <meta name='ocr-system' content='tesseract 3.04.00' />
  <meta name='ocr-capabilities' content='ocr_page ocr_carea ocr_par ocr_line ocrx_word'/>
</head>
<body>
  <div class='ocr_page' id='page_1' title='image "apocalypsisexpl03swedgoog_0376.png"; bbox 0 0 2791 4778; ppageno 0'>
   <div class='ocr_carea' id='block_1_1' title="bbox 515 352 2191 422">
    <p class='ocr_par' dir='ltr' id='par_1_1' title="bbox 515 352 2191 422">
     <span class='ocr_line' id='line_1_1' title="bbox 515 352 2191 422; baseline 0.006 -23"><span class='ocrx_word' id='word_1_1' title='bbox 515 365 623 417; x_wconf 71' lang='lat'>354</span> <span class='ocrx_word' id='word_1_2' title='bbox 952 352 1439 409; x_wconf 67' lang='lat' dir='ltr'>APOCALYPSIS</span> <span class='ocrx_word' id='word_1_3' title='bbox 1484 352 1917 409; x_wconf 69' lang='lat' dir='ltr'>Expch‘rA.</span> <span class='ocrx_word' id='word_1_4' title='bbox 1981 354 2026 422; x_wconf 62' lang='grc' dir='ltr'>ς.</span> <span class='ocrx_word' id='word_1_5' title='bbox 2069 363 2191 415; x_wconf 77' lang='lat'>392.</span> 
     </span>
    </p>
   </div>
   <div class='ocr_carea' id='block_1_2' title="bbox 425 494 2564 2105">
    <p class='ocr_par' dir='ltr' id='par_1_2' title="bbox 425 494 2564 2105">
     <span class='ocr_line' id='line_1_2' title="bbox 510 494 2562 590; baseline -0.002 -15"><span class='ocrx_word' id='word_1_6' title='bbox 510 515 615 576; x_wconf 85' lang='lat' dir='ltr'>illa</span> <span class='ocrx_word' id='word_1_7' title='bbox 650 514 829 572; x_wconf 87' lang='lat' dir='ltr'>trahit</span> <span class='ocrx_word' id='word_1_8' title='bbox 863 513 1001 573; x_wconf 89' lang='lat' dir='ltr'>inde</span> <span class='ocrx_word' id='word_1_9' title='bbox 1037 514 1342 590; x_wconf 82' lang='lat' dir='ltr'>originem,</span> <span class='ocrx_word' id='word_1_10' title='bbox 1387 515 1531 588; x_wconf 82' lang='lat' dir='ltr'>quia</span> <span class='ocrx_word' id='word_1_11' title='bbox 1568 494 1837 572; x_wconf 80' lang='lat' dir='ltr'>Verbum</span> <span class='ocrx_word' id='word_1_12' title='bbox 1872 515 1931 573; x_wconf 90' lang='lat' dir='ltr'>in</span> <span class='ocrx_word' id='word_1_13' title='bbox 1966 512 2231 574; x_wconf 87' lang='lat' dir='ltr'>omnibus</span> <span class='ocrx_word' id='word_1_14' title='bbox 2266 520 2324 571; x_wconf 91' lang='lat' dir='ltr'>et</span> <span class='ocrx_word' id='word_1_15' title='bbox 2353 511 2562 589; x_wconf 81' lang='lat' dir='ltr'>singulis</span> 
     </span>
     <span class='ocr_line' id='line_1_3' title="bbox 510 612 2562 691; baseline -0.001 -17"><span class='ocrx_word' id='word_1_16' title='bbox 510 620 765 675; x_wconf 81' lang='lat' dir='ltr'>testatur</span> <span class='ocrx_word' id='word_1_17' title='bbox 812 613 886 672; x_wconf 88' lang='lat' dir='ltr'>de</span> <span class='ocrx_word' id='word_1_18' title='bbox 935 613 1222 687; x_wconf 90' lang='lat' dir='ltr'>Domino,</span> <span class='ocrx_word' id='word_1_19' title='bbox 1289 616 1350 672; x_wconf 91' lang='lat' dir='ltr'>in</span> <span class='ocrx_word' id='word_1_20' title='bbox 1404 630 1588 672; x_wconf 86' lang='lat' dir='ltr'>sensu</span> <span class='ocrx_word' id='word_1_21' title='bbox 1645 615 1799 673; x_wconf 86' lang='lat' dir='ltr'>enim</span> <span class='ocrx_word' id='word_1_22' title='bbox 1854 615 1985 691; x_wconf 88' lang='lat' dir='ltr'>ejus</span> <span class='ocrx_word' id='word_1_23' title='bbox 2047 615 2245 672; x_wconf 88' lang='lat' dir='ltr'>intimo</span> <span class='ocrx_word' id='word_1_24' title='bbox 2291 614 2466 689; x_wconf 80' lang='lat' dir='ltr'>agitur</span> <span class='ocrx_word' id='word_1_25' title='bbox 2505 612 2562 672; x_wconf 86' lang='lat' dir='ltr'>de</span> 
     </span>
     <span class='ocr_line' id='line_1_4' title="bbox 510 713 2563 789; baseline -0.003 -12"><span class='ocrx_word' id='word_1_26' title='bbox 510 716 654 777; x_wconf 86' lang='lat' dir='ltr'>Solo</span> <span class='ocrx_word' id='word_1_27' title='bbox 690 714 978 786; x_wconf 83' lang='lat' dir='ltr'>Domine,</span> <span class='ocrx_word' id='word_1_28' title='bbox 1029 731 1099 773; x_wconf 87' lang='lat' dir='ltr'>ac</span> <span class='ocrx_word' id='word_1_29' title='bbox 1137 716 1199 773; x_wconf 90' lang='lat' dir='ltr'>in</span> <span class='ocrx_word' id='word_1_30' title='bbox 1232 730 1415 773; x_wconf 89' lang='lat' dir='ltr'>sensu</span> <span class='ocrx_word' id='word_1_31' title='bbox 1453 716 1683 773; x_wconf 88' lang='lat' dir='ltr'>interno</span> <span class='ocrx_word' id='word_1_32' title='bbox 1721 713 1796 774; x_wconf 92' lang='lat' dir='ltr'>de</span> <span class='ocrx_word' id='word_1_33' title='bbox 1832 714 2195 774; x_wconf 85' lang='lat' dir='ltr'>coelestibus</span> <span class='ocrx_word' id='word_1_34' title='bbox 2232 720 2288 772; x_wconf 89' lang='lat' dir='ltr'>et</span> <span class='ocrx_word' id='word_1_35' title='bbox 2321 715 2563 789; x_wconf 83' lang='lat' dir='ltr'>spiritua-</span> 
     </span>
     <span class='ocr_line' id='line_1_5' title="bbox 505 814 2564 892; baseline -0.002 -17"><span class='ocrx_word' id='word_1_36' title='bbox 505 816 664 876; x_wconf 81' lang='lat' dir='ltr'>libus</span> <span class='ocrx_word' id='word_1_37' title='bbox 724 834 879 892; x_wconf 87' lang='lat' dir='ltr'>quae</span> <span class='ocrx_word' id='word_1_38' title='bbox 940 814 1271 892; x_wconf 88' lang='lat' dir='ltr'>procedunt</span> <span class='ocrx_word' id='word_1_39' title='bbox 1324 831 1361 873; x_wconf 85' lang='lat' dir='ltr'><strong>a</strong></span> <span class='ocrx_word' id='word_1_40' title='bbox 1409 814 1695 890; x_wconf 88' lang='lat' dir='ltr'>Domino,</span> <span class='ocrx_word' id='word_1_41' title='bbox 1754 822 1814 874; x_wconf 94' lang='lat' dir='ltr'>et</span> <span class='ocrx_word' id='word_1_42' title='bbox 1857 818 1915 874; x_wconf 91' lang='lat' dir='ltr'>in</span> <span class='ocrx_word' id='word_1_43' title='bbox 1967 814 2312 892; x_wconf 82' lang='lat' dir='ltr'><strong>particulari</strong></span> <span class='ocrx_word' id='word_1_44' title='bbox 2357 819 2564 871; x_wconf 79' lang='lat' dir='ltr'>testatur</span> 
     </span>
     <span class='ocr_line' id='line_1_6' title="bbox 507 913 2561 992; baseline -0.003 -15"><span class='ocrx_word' id='word_1_45' title='bbox 507 918 797 978; x_wconf 84' lang='lat' dir='ltr'>Dominus</span> <span class='ocrx_word' id='word_1_46' title='bbox 835 916 907 975; x_wconf 89' lang='lat' dir='ltr'>de</span> <span class='ocrx_word' id='word_1_47' title='bbox 946 914 1026 974; x_wconf 81' lang='lat' dir='ltr'>Se</span> <span class='ocrx_word' id='word_1_48' title='bbox 1062 915 1223 992; x_wconf 82' lang='lat' dir='ltr'>apud</span> <span class='ocrx_word' id='word_1_49' title='bbox 1265 915 1533 991; x_wconf 86' lang='lat' dir='ltr'>singulos</span> <span class='ocrx_word' id='word_1_50' title='bbox 1570 917 1671 991; x_wconf 91' lang='lat' dir='ltr'>qui</span> <span class='ocrx_word' id='word_1_51' title='bbox 1705 917 1766 974; x_wconf 92' lang='lat' dir='ltr'>in</span> <span class='ocrx_word' id='word_1_52' title='bbox 1800 917 1925 975; x_wconf 83' lang='lat' dir='ltr'>vita</span> <span class='ocrx_word' id='word_1_53' title='bbox 1957 917 2178 975; x_wconf 80' lang='lat' dir='ltr'>amoris</span> <span class='ocrx_word' id='word_1_54' title='bbox 2216 923 2274 974; x_wconf 88' lang='lat' dir='ltr'>et</span> <span class='ocrx_word' id='word_1_55' title='bbox 2308 913 2561 971; x_wconf 80' lang='lat' dir='ltr'>charitatis</span> 
     </span>
     <span class='ocr_line' id='line_1_7' title="bbox 505 1013 2561 1090; baseline -0.003 -13"><span class='ocrx_word' id='word_1_56' title='bbox 505 1025 676 1090; x_wconf 89' lang='lat' dir='ltr'>sunt,</span> <span class='ocrx_word' id='word_1_57' title='bbox 732 1018 921 1075; x_wconf 88' lang='lat' dir='ltr'>influit</span> <span class='ocrx_word' id='word_1_58' title='bbox 951 1017 1105 1074; x_wconf 87' lang='lat' dir='ltr'>enim</span> <span class='ocrx_word' id='word_1_59' title='bbox 1145 1016 1439 1074; x_wconf 82' lang='lat' dir='ltr'>Dominus</span> <span class='ocrx_word' id='word_1_60' title='bbox 1475 1018 1533 1073; x_wconf 91' lang='lat' dir='ltr'>in</span> <span class='ocrx_word' id='word_1_61' title='bbox 1578 1014 1814 1075; x_wconf 90' lang='lat' dir='ltr'>illorum</span> <span class='ocrx_word' id='word_1_62' title='bbox 1861 1035 1964 1076; x_wconf 91' lang='lat' dir='ltr'>cor</span> <span class='ocrx_word' id='word_1_63' title='bbox 2000 1024 2062 1075; x_wconf 91' lang='lat' dir='ltr'>et</span> <span class='ocrx_word' id='word_1_64' title='bbox 2099 1018 2281 1074; x_wconf 79' lang='lat' dir='ltr'>vitam</span> <span class='ocrx_word' id='word_1_65' title='bbox 2317 1031 2380 1073; x_wconf 86' lang='lat' dir='ltr'>ac</span> <span class='ocrx_word' id='word_1_66' title='bbox 2410 1013 2561 1081; x_wconf 83' lang='lat' dir='ltr'>docet,</span> 
     </span>
     <span class='ocr_line' id='line_1_8' title="bbox 502 1114 2556 1194; baseline -0.004 -17"><span class='ocrx_word' id='word_1_67' title='bbox 502 1118 789 1194; x_wconf 75' lang='lat' dir='ltr'>imprimis</span> <span class='ocrx_word' id='word_1_68' title='bbox 839 1116 914 1175; x_wconf 89' lang='lat' dir='ltr'>de</span> <span class='ocrx_word' id='word_1_69' title='bbox 962 1116 1181 1175; x_wconf 88' lang='lat' dir='ltr'>Divino</span> <span class='ocrx_word' id='word_1_70' title='bbox 1231 1115 1508 1174; x_wconf 84' lang='lat' dir='ltr'>Humano</span> <span class='ocrx_word' id='word_1_71' title='bbox 1558 1133 1669 1176; x_wconf 87' lang='lat' dir='ltr'>suo</span> <span class='ocrx_word' id='word_1_72' title='bbox 1684 1136 1699 1191; x_wconf 86' lang='lat'>3</span> <span class='ocrx_word' id='word_1_73' title='bbox 1754 1136 1887 1175; x_wconf 87' lang='lat' dir='ltr'>nam</span> <span class='ocrx_word' id='word_1_74' title='bbox 1940 1117 2044 1175; x_wconf 83' lang='lat' dir='ltr'>dat</span> <span class='ocrx_word' id='word_1_75' title='bbox 2094 1117 2213 1175; x_wconf 89' lang='lat' dir='ltr'>illis</span> <span class='ocrx_word' id='word_1_76' title='bbox 2265 1118 2358 1191; x_wconf 87' lang='lat' dir='ltr'>qui</span> <span class='ocrx_word' id='word_1_77' title='bbox 2389 1114 2556 1172; x_wconf 81' lang='lat' dir='ltr'>invita</span> 
     </span>
     <span class='ocr_line' id='line_1_9' title="bbox 505 1214 2558 1292; baseline -0.004 -16"><span class='ocrx_word' id='word_1_78' title='bbox 505 1220 723 1276; x_wconf 82' lang='lat' dir='ltr'>amoris</span> <span class='ocrx_word' id='word_1_79' title='bbox 772 1222 942 1286; x_wconf 86' lang='lat' dir='ltr'>sunt,</span> <span class='ocrx_word' id='word_1_80' title='bbox 1010 1218 1271 1292; x_wconf 84' lang='lat' dir='ltr'>cogitare</span> <span class='ocrx_word' id='word_1_81' title='bbox 1325 1217 1526 1275; x_wconf 83' lang='lat' dir='ltr'>Deum</span> <span class='ocrx_word' id='word_1_82' title='bbox 1577 1217 1691 1275; x_wconf 91' lang='lat' dir='ltr'>sub</span> <span class='ocrx_word' id='word_1_83' title='bbox 1741 1218 2020 1276; x_wconf 87' lang='lat' dir='ltr'>Humana</span> <span class='ocrx_word' id='word_1_84' title='bbox 2065 1219 2287 1290; x_wconf 85' lang='lat' dir='ltr'>forma,</span> <span class='ocrx_word' id='word_1_85' title='bbox 2340 1222 2392 1275; x_wconf 89' lang='lat' dir='ltr'>et</span> <span class='ocrx_word' id='word_1_86' title='bbox 2427 1214 2558 1271; x_wconf 80' lang='lat' dir='ltr'>Deus</span> 
     </span>
     <span class='ocr_line' id='line_1_10' title="bbox 503 1313 2560 1394; baseline -0.002 -19"><span class='ocrx_word' id='word_1_87' title='bbox 503 1316 616 1376; x_wconf 87' lang='lat' dir='ltr'>sub</span> <span class='ocrx_word' id='word_1_88' title='bbox 668 1317 952 1375; x_wconf 83' lang='lat' dir='ltr'>Humana</span> <span class='ocrx_word' id='word_1_89' title='bbox 993 1316 1183 1375; x_wconf 84' lang='lat' dir='ltr'>forma</span> <span class='ocrx_word' id='word_1_90' title='bbox 1234 1323 1327 1376; x_wconf 87' lang='lat' dir='ltr'>est</span> <span class='ocrx_word' id='word_1_91' title='bbox 1380 1316 1703 1393; x_wconf 82' lang='lat' dir='ltr'>Dominus3</span> <span class='ocrx_word' id='word_1_92' title='bbox 1758 1319 1841 1377; x_wconf 86' lang='lat' dir='ltr'>ita</span> <span class='ocrx_word' id='word_1_93' title='bbox 1899 1321 2165 1394; x_wconf 83' lang='lat' dir='ltr'>cogitant</span> <span class='ocrx_word' id='word_1_94' title='bbox 2210 1316 2480 1393; x_wconf 83' lang='lat' dir='ltr'>simplices</span> <span class='ocrx_word' id='word_1_95' title='bbox 2515 1313 2560 1370; x_wconf 87' lang='lat' dir='ltr'>in</span> 
     </span>
     <span class='ocr_line' id='line_1_11' title="bbox 503 1416 2559 1495; baseline -0.004 -17"><span class='ocrx_word' id='word_1_96' title='bbox 503 1418 838 1478; x_wconf 86' lang='lat' dir='ltr'>Christiano</span> <span class='ocrx_word' id='word_1_97' title='bbox 877 1416 1050 1486; x_wconf 92' lang='lat' dir='ltr'>orbe,</span> <span class='ocrx_word' id='word_1_98' title='bbox 1102 1419 1186 1474; x_wconf 89' lang='lat' dir='ltr'>ita</span> <span class='ocrx_word' id='word_1_99' title='bbox 1222 1434 1463 1493; x_wconf 89' lang='lat' dir='ltr'>quoque</span> <span class='ocrx_word' id='word_1_100' title='bbox 1514 1418 1768 1493; x_wconf 79' lang='lat' dir='ltr'>gentiles</span> <span class='ocrx_word' id='word_1_101' title='bbox 1820 1421 1922 1495; x_wconf 73' lang='lat' dir='ltr'>qui</span> <span class='ocrx_word' id='word_1_102' title='bbox 1970 1421 2029 1476; x_wconf 93' lang='lat' dir='ltr'>in</span> <span class='ocrx_word' id='word_1_103' title='bbox 2068 1419 2352 1477; x_wconf 79' lang='lat' dir='ltr'>charitate</span> <span class='ocrx_word' id='word_1_104' title='bbox 2384 1429 2559 1473; x_wconf 87' lang='lat' dir='ltr'>secun·</span> 
     </span>
     <span class='ocr_line' id='line_1_12' title="bbox 499 1512 2557 1595; baseline -0.004 -18"><span class='ocrx_word' id='word_1_105' title='bbox 499 1518 639 1578; x_wconf 89' lang='lat' dir='ltr'>dum</span> <span class='ocrx_word' id='word_1_106' title='bbox 673 1518 1017 1594; x_wconf 84' lang='lat' dir='ltr'>religiosum</span> <span class='ocrx_word' id='word_1_107' title='bbox 1054 1533 1228 1575; x_wconf 87' lang='lat' dir='ltr'>suum</span> <span class='ocrx_word' id='word_1_108' title='bbox 1264 1519 1501 1591; x_wconf 86' lang='lat' dir='ltr'>vivunt3</span> <span class='ocrx_word' id='word_1_109' title='bbox 1557 1518 1619 1577; x_wconf 91' lang='lat' dir='ltr'>hi</span> <span class='ocrx_word' id='word_1_110' title='bbox 1654 1526 1715 1579; x_wconf 88' lang='lat' dir='ltr'>et</span> <span class='ocrx_word' id='word_1_111' title='bbox 1754 1520 1840 1578; x_wconf 93' lang='lat' dir='ltr'>illi</span> <span class='ocrx_word' id='word_1_112' title='bbox 1881 1518 2335 1595; x_wconf 86' lang='lat' dir='ltr'>obstupescunt,</span> <span class='ocrx_word' id='word_1_113' title='bbox 2368 1512 2557 1592; x_wconf 81' lang='lat' dir='ltr'>quando</span> 
     </span>
     <span class='ocr_line' id='line_1_13' title="bbox 499 1613 2562 1697; baseline -0.005 -19"><span class='ocrx_word' id='word_1_114' title='bbox 499 1619 749 1678; x_wconf 81' lang='lat' dir='ltr'>audiunt</span> <span class='ocrx_word' id='word_1_115' title='bbox 791 1617 1070 1676; x_wconf 87' lang='lat' dir='ltr'>Eruditos</span> <span class='ocrx_word' id='word_1_116' title='bbox 1121 1617 1438 1693; x_wconf 85' lang='lat' dir='ltr'>loquentes</span> <span class='ocrx_word' id='word_1_117' title='bbox 1487 1617 1561 1677; x_wconf 86' lang='lat' dir='ltr'>de</span> <span class='ocrx_word' id='word_1_118' title='bbox 1619 1619 1782 1694; x_wconf 89' lang='lat' dir='ltr'>De0,</span> <span class='ocrx_word' id='word_1_119' title='bbox 1854 1620 2011 1697; x_wconf 88' lang='lat' dir='ltr'>quod</span> <span class='ocrx_word' id='word_1_120' title='bbox 2060 1616 2467 1696; x_wconf 88' lang='lat' dir='ltr'>percipiendus</span> <span class='ocrx_word' id='word_1_121' title='bbox 2504 1613 2562 1670; x_wconf 85' lang='lat' dir='ltr'>sit</span> 
     </span>
     <span class='ocr_line' id='line_1_14' title="bbox 425 1714 2560 1796; baseline -0.004 -18"><span class='ocrx_word' id='word_1_122' title='bbox 425 1785 430 1789; x_wconf 56' lang='grc'><em>,</em></span> <span class='ocrx_word' id='word_1_123' title='bbox 497 1737 614 1778; x_wconf 89' lang='lat' dir='ltr'>non</span> <span class='ocrx_word' id='word_1_124' title='bbox 669 1722 730 1777; x_wconf 92' lang='lat' dir='ltr'>in</span> <span class='ocrx_word' id='word_1_125' title='bbox 781 1718 980 1793; x_wconf 84' lang='lat' dir='ltr'>aliqua</span> <span class='ocrx_word' id='word_1_126' title='bbox 1027 1719 1216 1776; x_wconf 82' lang='lat' dir='ltr'>forma</span> <span class='ocrx_word' id='word_1_127' title='bbox 1260 1718 1570 1793; x_wconf 84' lang='lat' dir='ltr'>Humana,</span> <span class='ocrx_word' id='word_1_128' title='bbox 1636 1723 1899 1780; x_wconf 88' lang='lat' dir='ltr'>scientes</span> <span class='ocrx_word' id='word_1_129' title='bbox 1963 1727 2109 1780; x_wconf 87' lang='lat' dir='ltr'>tunc</span> <span class='ocrx_word' id='word_1_130' title='bbox 2175 1717 2330 1796; x_wconf 87' lang='lat' dir='ltr'>quod</span> <span class='ocrx_word' id='word_1_131' title='bbox 2377 1714 2560 1774; x_wconf 88' lang='lat' dir='ltr'>nullum</span> 
     </span>
     <span class='ocr_line' id='line_1_15' title="bbox 495 1815 2558 1898; baseline -0.003 -21"><span class='ocrx_word' id='word_1_132' title='bbox 495 1819 693 1878; x_wconf 89' lang='lat' dir='ltr'>Deum</span> <span class='ocrx_word' id='word_1_133' title='bbox 731 1819 1089 1895; x_wconf 83' lang='lat' dir='ltr'>cogitatione</span> <span class='ocrx_word' id='word_1_134' title='bbox 1127 1818 1400 1893; x_wconf 85' lang='lat' dir='ltr'>videant,</span> <span class='ocrx_word' id='word_1_135' title='bbox 1460 1827 1519 1878; x_wconf 93' lang='lat' dir='ltr'>et</span> <span class='ocrx_word' id='word_1_136' title='bbox 1552 1820 1690 1880; x_wconf 90' lang='lat' dir='ltr'>inde</span> <span class='ocrx_word' id='word_1_137' title='bbox 1729 1821 1890 1896; x_wconf 89' lang='lat' dir='ltr'>quod</span> <span class='ocrx_word' id='word_1_138' title='bbox 1933 1839 2152 1898; x_wconf 84' lang='lat' dir='ltr'>parum</span> <span class='ocrx_word' id='word_1_139' title='bbox 2187 1820 2323 1878; x_wconf 90' lang='lat' dir='ltr'>fidei</span> <span class='ocrx_word' id='word_1_140' title='bbox 2356 1817 2421 1875; x_wconf 89' lang='lat' dir='ltr'>de</span> <span class='ocrx_word' id='word_1_141' title='bbox 2459 1815 2558 1872; x_wconf 80' lang='lat' dir='ltr'>exi-</span> 
     </span>
     <span class='ocr_line' id='line_1_16' title="bbox 495 1905 2560 1998; baseline -0.003 -21"><span class='ocrx_word' id='word_1_142' title='bbox 495 1921 715 1978; x_wconf 86' lang='lat' dir='ltr'>stentia</span> <span class='ocrx_word' id='word_1_143' title='bbox 747 1918 865 1977; x_wconf 93' lang='lat' dir='ltr'>Dei</span> <span class='ocrx_word' id='word_1_144' title='bbox 899 1918 1190 1994; x_wconf 81' lang='lat' dir='ltr'>habeant,</span> <span class='ocrx_word' id='word_1_145' title='bbox 1247 1922 1527 1995; x_wconf 73' lang='lat' dir='ltr'>quoniam</span> <span class='ocrx_word' id='word_1_146' title='bbox 1574 1919 1760 1992; x_wconf 90' lang='lat' dir='ltr'>fides,</span> <span class='ocrx_word' id='word_1_147' title='bbox 1814 1905 1970 1998; x_wconf 85' lang='lat' dir='ltr'>quae</span> <span class='ocrx_word' id='word_1_148' title='bbox 2012 1929 2107 1980; x_wconf 89' lang='lat' dir='ltr'>est</span> <span class='ocrx_word' id='word_1_149' title='bbox 2157 1920 2304 1978; x_wconf 84' lang='lat' dir='ltr'>fides</span> <span class='ocrx_word' id='word_1_150' title='bbox 2349 1917 2560 1975; x_wconf 83' lang='lat' dir='ltr'>charita-</span> 
     </span>
     <span class='ocr_line' id='line_1_17' title="bbox 493 2020 2559 2105; baseline -0.003 -27"><span class='ocrx_word' id='word_1_151' title='bbox 493 2022 603 2091; x_wconf 76' lang='lat' dir='ltr'>tie,</span> <span class='ocrx_word' id='word_1_152' title='bbox 678 2020 1186 2097; x_wconf 87' lang='lat' dir='ltr'>comprehendere</span> <span class='ocrx_word' id='word_1_153' title='bbox 1235 2020 1435 2096; x_wconf 85' lang='lat' dir='ltr'>aliquo</span> <span class='ocrx_word' id='word_1_154' title='bbox 1501 2021 1671 2085; x_wconf 84' lang='lat' dir='ltr'>modo</span> <span class='ocrx_word' id='word_1_155' title='bbox 1727 2024 1856 2082; x_wconf 90' lang='lat' dir='ltr'>vult</span> <span class='ocrx_word' id='word_1_156' title='bbox 1908 2022 2070 2105; x_wconf 89' lang='lat' dir='ltr'>quod</span> <span class='ocrx_word' id='word_1_157' title='bbox 2133 2020 2407 2091; x_wconf 86' lang='lat' dir='ltr'>creditur,</span> <span class='ocrx_word' id='word_1_158' title='bbox 2455 2028 2559 2072; x_wconf 85' lang='lat' dir='ltr'>nam</span> 
     </span>
    </p>
   </div>
   <div class='ocr_carea' id='block_1_3' title="bbox 492 2117 2651 2199">
    <p class='ocr_par' dir='ltr' id='par_1_3' title="bbox 492 2117 2651 2199">
     <span class='ocr_line' id='line_1_18' title="bbox 492 2117 2651 2199; baseline -0.005 -20"><span class='ocrx_word' id='word_1_159' title='bbox 492 2119 641 2179; x_wconf 86' lang='lat' dir='ltr'>fides</span> <span class='ocrx_word' id='word_1_160' title='bbox 681 2128 773 2181; x_wconf 89' lang='lat' dir='ltr'>est</span> <span class='ocrx_word' id='word_1_161' title='bbox 808 2122 1211 2196; x_wconf 81' lang='lat' dir='ltr'>cogitationiS,</span> <span class='ocrx_word' id='word_1_162' title='bbox 1271 2128 1331 2178; x_wconf 84' lang='lat' dir='ltr'>et</span> <span class='ocrx_word' id='word_1_163' title='bbox 1384 2123 1649 2197; x_wconf 85' lang='lat' dir='ltr'>cogitare</span> <span class='ocrx_word' id='word_1_164' title='bbox 1697 2121 2298 2199; x_wconf 84' lang='lat' dir='ltr'>incomprehensibile</span> <span class='ocrx_word' id='word_1_165' title='bbox 2343 2134 2447 2177; x_wconf 87' lang='lat' dir='ltr'>non</span> <span class='ocrx_word' id='word_1_166' title='bbox 2490 2117 2557 2170; x_wconf 81' lang='lat' dir='ltr'>est</span> <span class='ocrx_word' id='word_1_167' title='bbox 2650 2183 2651 2194; x_wconf 10' lang='grc' dir='ltr'>ἵ</span> 
     </span>
    </p>
   </div>
   <div class='ocr_carea' id='block_1_4' title="bbox 281 2215 2644 4296">
    <p class='ocr_par' dir='ltr' id='par_1_4' title="bbox 281 2215 2644 4296">
     <span class='ocr_line' id='line_1_19' title="bbox 495 2215 2556 2299; baseline -0.002 -20"><span class='ocrx_word' id='word_1_168' title='bbox 495 2223 789 2298; x_wconf 85' lang='lat' dir='ltr'>cogitare,</span> <span class='ocrx_word' id='word_1_169' title='bbox 841 2221 946 2279; x_wconf 78' lang='lat' dir='ltr'>sed</span> <span class='ocrx_word' id='word_1_170' title='bbox 992 2221 1165 2279; x_wconf 89' lang='lat' dir='ltr'>modo</span> <span class='ocrx_word' id='word_1_171' title='bbox 1205 2227 1299 2279; x_wconf 89' lang='lat' dir='ltr'>est</span> <span class='ocrx_word' id='word_1_172' title='bbox 1336 2224 1491 2280; x_wconf 86' lang='lat' dir='ltr'>scire</span> <span class='ocrx_word' id='word_1_173' title='bbox 1530 2228 1589 2279; x_wconf 86' lang='lat' dir='ltr'>et</span> <span class='ocrx_word' id='word_1_174' title='bbox 1623 2221 1760 2281; x_wconf 91' lang='lat' dir='ltr'>inde</span> <span class='ocrx_word' id='word_1_175' title='bbox 1790 2224 1955 2299; x_wconf 92' lang='lat' dir='ltr'>loqui</span> <span class='ocrx_word' id='word_1_176' title='bbox 1991 2224 2225 2299; x_wconf 84' lang='lat' dir='ltr'>absque</span> <span class='ocrx_word' id='word_1_177' title='bbox 2260 2219 2410 2292; x_wconf 86' lang='lat' dir='ltr'>idea;</span> <span class='ocrx_word' id='word_1_178' title='bbox 2459 2215 2556 2274; x_wconf 83' lang='lat' dir='ltr'>An-</span> 
     </span>
     <span class='ocr_line' id='line_1_20' title="bbox 491 2314 2555 2401; baseline -0.005 -20"><span class='ocrx_word' id='word_1_179' title='bbox 491 2323 611 2399; x_wconf 87' lang='lat' dir='ltr'>geli</span> <span class='ocrx_word' id='word_1_180' title='bbox 650 2324 826 2380; x_wconf 84' lang='lat' dir='ltr'>etiam</span> <span class='ocrx_word' id='word_1_181' title='bbox 863 2322 1289 2398; x_wconf 81' lang='lat' dir='ltr'>sapientissimi</span> <span class='ocrx_word' id='word_1_182' title='bbox 1334 2338 1451 2379; x_wconf 90' lang='lat' dir='ltr'>non</span> <span class='ocrx_word' id='word_1_183' title='bbox 1503 2323 1677 2381; x_wconf 81' lang='lat' dir='ltr'>aliter</span> <span class='ocrx_word' id='word_1_184' title='bbox 1721 2323 1795 2383; x_wconf 88' lang='lat' dir='ltr'>de</span> <span class='ocrx_word' id='word_1_185' title='bbox 1841 2324 1975 2383; x_wconf 92' lang='lat' dir='ltr'>Deo</span> <span class='ocrx_word' id='word_1_186' title='bbox 2025 2326 2289 2401; x_wconf 83' lang='lat' dir='ltr'>cogitant</span> <span class='ocrx_word' id='word_1_187' title='bbox 2334 2334 2484 2396; x_wconf 84' lang='lat' dir='ltr'>quam</span> <span class='ocrx_word' id='word_1_188' title='bbox 2510 2314 2555 2370; x_wconf 86' lang='lat' dir='ltr'>in</span> 
     </span>
     <span class='ocr_line' id='line_1_21' title="bbox 492 2423 2555 2500; baseline -0.001 -19"><span class='ocrx_word' id='word_1_189' title='bbox 492 2423 772 2482; x_wconf 84' lang='lat' dir='ltr'>Humana</span> <span class='ocrx_word' id='word_1_190' title='bbox 807 2423 1018 2495; x_wconf 80' lang='lat' dir='ltr'>forma,</span> <span class='ocrx_word' id='word_1_191' title='bbox 1060 2423 1235 2480; x_wconf 82' lang='lat' dir='ltr'>aliter</span> <span class='ocrx_word' id='word_1_192' title='bbox 1271 2424 1535 2498; x_wconf 85' lang='lat' dir='ltr'>cogitare</span> <span class='ocrx_word' id='word_1_193' title='bbox 1574 2424 1692 2482; x_wconf 91' lang='lat' dir='ltr'>illis</span> <span class='ocrx_word' id='word_1_194' title='bbox 1729 2425 2103 2500; x_wconf 89' lang='lat' dir='ltr'>impossibile</span> <span class='ocrx_word' id='word_1_195' title='bbox 2143 2430 2264 2498; x_wconf 83' lang='lat' dir='ltr'>est,</span> <span class='ocrx_word' id='word_1_196' title='bbox 2308 2436 2373 2479; x_wconf 80' lang='lat' dir='ltr'>ex</span> <span class='ocrx_word' id='word_1_197' title='bbox 2409 2429 2555 2478; x_wconf 71' lang='lat' dir='ltr'>causa</span> 
     </span>
     <span class='ocr_line' id='line_1_22' title="bbox 492 2514 2552 2600; baseline -0.005 -18"><span class='ocrx_word' id='word_1_198' title='bbox 492 2526 633 2600; x_wconf 85' lang='lat' dir='ltr'>quia</span> <span class='ocrx_word' id='word_1_199' title='bbox 695 2526 1115 2600; x_wconf 85' lang='lat' dir='ltr'>perceptiones</span> <span class='ocrx_word' id='word_1_200' title='bbox 1164 2540 1367 2582; x_wconf 86' lang='lat' dir='ltr'>eorum</span> <span class='ocrx_word' id='word_1_201' title='bbox 1432 2524 1656 2582; x_wconf 82' lang='lat' dir='ltr'>vadunt</span> <span class='ocrx_word' id='word_1_202' title='bbox 1719 2525 2044 2583; x_wconf 88' lang='lat' dir='ltr'>secundum</span> <span class='ocrx_word' id='word_1_203' title='bbox 2108 2525 2352 2582; x_wconf 84' lang='lat' dir='ltr'>formam</span> <span class='ocrx_word' id='word_1_204' title='bbox 2408 2514 2552 2586; x_wconf 86' lang='lat' dir='ltr'>Coeli,</span> 
     </span>
     <span class='ocr_line' id='line_1_23' title="bbox 492 2619 2554 2700; baseline -0.003 -18"><span class='ocrx_word' id='word_1_205' title='bbox 492 2642 646 2700; x_wconf 86' lang='lat' dir='ltr'>quae</span> <span class='ocrx_word' id='word_1_206' title='bbox 685 2630 777 2683; x_wconf 90' lang='lat' dir='ltr'>est</span> <span class='ocrx_word' id='word_1_207' title='bbox 812 2624 1001 2683; x_wconf 80' lang='lat' dir='ltr'>forma</span> <span class='ocrx_word' id='word_1_208' title='bbox 1036 2624 1315 2683; x_wconf 85' lang='lat' dir='ltr'>Humana</span> <span class='ocrx_word' id='word_1_209' title='bbox 1352 2640 1421 2682; x_wconf 86' lang='lat' dir='ltr'>ex</span> <span class='ocrx_word' id='word_1_210' title='bbox 1462 2624 1680 2682; x_wconf 89' lang='lat' dir='ltr'>Divino</span> <span class='ocrx_word' id='word_1_211' title='bbox 1730 2625 2007 2684; x_wconf 84' lang='lat' dir='ltr'>Humano</span> <span class='ocrx_word' id='word_1_212' title='bbox 2046 2625 2310 2696; x_wconf 89' lang='lat' dir='ltr'>Domini,</span> <span class='ocrx_word' id='word_1_213' title='bbox 2371 2619 2437 2677; x_wconf 84' lang='lat' dir='ltr'>de</span> <span class='ocrx_word' id='word_1_214' title='bbox 2466 2629 2554 2692; x_wconf 81' lang='lat' dir='ltr'>qua</span> 
     </span>
     <span class='ocr_line' id='line_1_24' title="bbox 490 2716 2644 2801; baseline 0.001 -21"><span class='ocrx_word' id='word_1_215' title='bbox 490 2740 555 2781; x_wconf 88' lang='lat' dir='ltr'>re</span> <span class='ocrx_word' id='word_1_216' title='bbox 593 2724 870 2782; x_wconf 84' lang='lat' dir='ltr'>videatur</span> <span class='ocrx_word' id='word_1_217' title='bbox 915 2727 975 2782; x_wconf 89' lang='lat' dir='ltr'>in</span> <span class='ocrx_word' id='word_1_218' title='bbox 1012 2724 1212 2801; x_wconf 89' lang='lat' dir='ltr'>Opere</span> <span class='ocrx_word' id='word_1_219' title='bbox 1262 2725 1335 2783; x_wconf 88' lang='lat' dir='ltr'>de</span> <span class='ocrx_word' id='word_1_220' title='bbox 1394 2723 1595 2783; x_wconf 64' lang='lat' dir='ltr'>Coeno</span> <span class='ocrx_word' id='word_1_221' title='bbox 1642 2744 1720 2783; x_wconf 70' lang='lat' dir='ltr'>m*</span> <span class='ocrx_word' id='word_1_222' title='bbox 1772 2726 2049 2785; x_wconf 66' lang='lat' dir='ltr'>Inrnmvo</span> <span class='ocrx_word' id='word_1_223' title='bbox 2110 2743 2182 2782; x_wconf 71' lang='lat' dir='ltr'>nt</span> <span class='ocrx_word' id='word_1_224' title='bbox 2242 2726 2323 2784; x_wconf 82' lang='lat'>59</span> <span class='ocrx_word' id='word_1_225' title='bbox 2364 2719 2432 2778; x_wconf 83' lang='lat' dir='ltr'>ad</span> <span class='ocrx_word' id='word_1_226' title='bbox 2467 2716 2549 2786; x_wconf 82' lang='lat'>86,</span> <span class='ocrx_word' id='word_1_227' title='bbox 2638 2768 2644 2783; x_wconf 71' lang='grc'>,</span> 
     </span>
     <span class='ocr_line' id='line_1_25' title="bbox 489 2824 2550 2902; baseline -0.004 -23"><span class='ocrx_word' id='word_1_228' title='bbox 489 2829 616 2880; x_wconf 88' lang='lat' dir='ltr'>tum</span> <span class='ocrx_word' id='word_1_229' title='bbox 658 2824 798 2899; x_wconf 84' lang='lat' dir='ltr'>quia</span> <span class='ocrx_word' id='word_1_230' title='bbox 832 2824 1207 2897; x_wconf 75' lang='lat' dir='ltr'>affectioneS‚</span> <span class='ocrx_word' id='word_1_231' title='bbox 1267 2843 1340 2884; x_wconf 85' lang='lat' dir='ltr'>ex</span> <span class='ocrx_word' id='word_1_232' title='bbox 1379 2825 1595 2900; x_wconf 89' lang='lat' dir='ltr'>quibus</span> <span class='ocrx_word' id='word_1_233' title='bbox 1642 2829 2031 2902; x_wconf 85' lang='lat' dir='ltr'>cogitationes</span> <span class='ocrx_word' id='word_1_234' title='bbox 2071 2843 2304 2900; x_wconf 88' lang='lat' dir='ltr'>eorum,</span> <span class='ocrx_word' id='word_1_235' title='bbox 2350 2827 2471 2879; x_wconf 87' lang='lat' dir='ltr'>sunt</span> <span class='ocrx_word' id='word_1_236' title='bbox 2498 2831 2550 2873; x_wconf 80' lang='lat' dir='ltr'>ex</span> 
     </span>
     <span class='ocr_line' id='line_1_26' title="bbox 488 2919 2545 2996; baseline -0.003 -15"><span class='ocrx_word' id='word_1_237' title='bbox 488 2922 744 2996; x_wconf 80' lang='lat' dir='ltr'>influxu,</span> <span class='ocrx_word' id='word_1_238' title='bbox 796 2928 855 2981; x_wconf 90' lang='lat' dir='ltr'>et</span> <span class='ocrx_word' id='word_1_239' title='bbox 894 2925 1151 2982; x_wconf 81' lang='lat' dir='ltr'>influxus</span> <span class='ocrx_word' id='word_1_240' title='bbox 1189 2932 1281 2984; x_wconf 89' lang='lat' dir='ltr'>est</span> <span class='ocrx_word' id='word_1_241' title='bbox 1321 2943 1357 2984; x_wconf 87' lang='lat' dir='ltr'><strong>a</strong></span> <span class='ocrx_word' id='word_1_242' title='bbox 1397 2925 1681 2985; x_wconf 84' lang='lat' dir='ltr'>Domino:</span> <span class='ocrx_word' id='word_1_243' title='bbox 1728 2927 1879 2986; x_wconf 85' lang='lat' dir='ltr'>haec</span> <span class='ocrx_word' id='word_1_244' title='bbox 1920 2927 2077 2986; x_wconf 78' lang='lat' dir='ltr'>dicta</span> <span class='ocrx_word' id='word_1_245' title='bbox 2112 2933 2285 2996; x_wconf 87' lang='lat' dir='ltr'>sunt,</span> <span class='ocrx_word' id='word_1_246' title='bbox 2336 2928 2396 2981; x_wconf 89' lang='lat' dir='ltr'>ut</span> <span class='ocrx_word' id='word_1_247' title='bbox 2425 2919 2545 2977; x_wconf 81' lang='lat' dir='ltr'>scia-</span> 
     </span>
     <span class='ocr_line' id='line_1_27' title="bbox 488 3010 2548 3104; baseline 0.001 -23"><span class='ocrx_word' id='word_1_248' title='bbox 488 3030 611 3096; x_wconf 88' lang='lat' dir='ltr'>tur,</span> <span class='ocrx_word' id='word_1_249' title='bbox 657 3022 815 3081; x_wconf 86' lang='lat' dir='ltr'>undo</span> <span class='ocrx_word' id='word_1_250' title='bbox 864 3029 982 3096; x_wconf 81' lang='lat' dir='ltr'>est,</span> <span class='ocrx_word' id='word_1_251' title='bbox 1029 3025 1188 3099; x_wconf 90' lang='lat' dir='ltr'>quod</span> <span class='ocrx_word' id='word_1_252' title='bbox 1227 3025 1657 3085; x_wconf 85' lang='lat' dir='ltr'>Testimonium</span> <span class='ocrx_word' id='word_1_253' title='bbox 1696 3027 1987 3104; x_wconf 83' lang='lat' dir='ltr'>significet</span> <span class='ocrx_word' id='word_1_254' title='bbox 2026 3027 2376 3093; x_wconf 86' lang='lat' dir='ltr'>Dominum,</span> <span class='ocrx_word' id='word_1_255' title='bbox 2429 3010 2548 3095; x_wconf 85' lang='lat' dir='ltr'>quod</span> 
     </span>
     <span class='ocr_line' id='line_1_28' title="bbox 487 3114 2541 3205; baseline -0.005 -23"><span class='ocrx_word' id='word_1_256' title='bbox 487 3139 736 3200; x_wconf 84' lang='lat' dir='ltr'>nempe,</span> <span class='ocrx_word' id='word_1_257' title='bbox 791 3127 929 3200; x_wconf 84' lang='lat' dir='ltr'>quia</span> <span class='ocrx_word' id='word_1_258' title='bbox 970 3125 1263 3184; x_wconf 88' lang='lat' dir='ltr'>Dominus</span> <span class='ocrx_word' id='word_1_259' title='bbox 1302 3125 1375 3185; x_wconf 88' lang='lat' dir='ltr'>de</span> <span class='ocrx_word' id='word_1_260' title='bbox 1415 3125 1494 3186; x_wconf 87' lang='lat' dir='ltr'>Se</span> <span class='ocrx_word' id='word_1_261' title='bbox 1544 3133 1801 3186; x_wconf 88' lang='lat' dir='ltr'>testatur</span> <span class='ocrx_word' id='word_1_262' title='bbox 1851 3127 2013 3205; x_wconf 84' lang='lat' dir='ltr'>apud</span> <span class='ocrx_word' id='word_1_263' title='bbox 2061 3144 2269 3187; x_wconf 86' lang='lat' dir='ltr'>omnes</span> <span class='ocrx_word' id='word_1_264' title='bbox 2307 3123 2397 3200; x_wconf 89' lang='lat' dir='ltr'>qui</span> <span class='ocrx_word' id='word_1_265' title='bbox 2425 3114 2541 3177; x_wconf 88' lang='lat' dir='ltr'>reci-</span> 
     </span>
     <span class='ocr_line' id='line_1_29' title="bbox 486 3222 2542 3303; baseline -0.002 -20"><span class='ocrx_word' id='word_1_266' title='bbox 486 3225 662 3301; x_wconf 90' lang='lat' dir='ltr'>piunt</span> <span class='ocrx_word' id='word_1_267' title='bbox 697 3224 1199 3302; x_wconf 80' lang='lat' dir='ltr'>testificationem,</span> <span class='ocrx_word' id='word_1_268' title='bbox 1259 3229 1359 3303; x_wconf 91' lang='lat' dir='ltr'>qui</span> <span class='ocrx_word' id='word_1_269' title='bbox 1399 3234 1533 3285; x_wconf 82' lang='lat' dir='ltr'>sunt</span> <span class='ocrx_word' id='word_1_270' title='bbox 1572 3229 1673 3303; x_wconf 92' lang='lat' dir='ltr'>qui</span> <span class='ocrx_word' id='word_1_271' title='bbox 1710 3230 1891 3286; x_wconf 86' lang='lat' dir='ltr'>vitam</span> <span class='ocrx_word' id='word_1_272' title='bbox 1929 3231 2144 3286; x_wconf 84' lang='lat' dir='ltr'>amoris</span> <span class='ocrx_word' id='word_1_273' title='bbox 2182 3230 2246 3286; x_wconf 91' lang='lat' dir='ltr'>in</span> <span class='ocrx_word' id='word_1_274' title='bbox 2280 3222 2542 3284; x_wconf 77' lang='lat' dir='ltr'>Dominum</span> 
     </span>
     <span class='ocr_line' id='line_1_30' title="bbox 488 3318 2540 3405; baseline -0.003 -20"><span class='ocrx_word' id='word_1_275' title='bbox 488 3333 549 3385; x_wconf 91' lang='lat' dir='ltr'>et</span> <span class='ocrx_word' id='word_1_276' title='bbox 582 3328 766 3385; x_wconf 88' lang='lat' dir='ltr'>vitam</span> <span class='ocrx_word' id='word_1_277' title='bbox 804 3326 1112 3386; x_wconf 81' lang='lat' dir='ltr'>charitatis</span> <span class='ocrx_word' id='word_1_278' title='bbox 1151 3345 1293 3404; x_wconf 83' lang='lat' dir='ltr'>erga</span> <span class='ocrx_word' id='word_1_279' title='bbox 1339 3330 1674 3403; x_wconf 86' lang='lat' dir='ltr'>proximum</span> <span class='ocrx_word' id='word_1_280' title='bbox 1712 3330 1945 3405; x_wconf 71' lang='lat' dir='ltr'>&#39;vivunt3</span> <span class='ocrx_word' id='word_1_281' title='bbox 2003 3327 2162 3405; x_wconf 90' lang='lat' dir='ltr'>quod</span> <span class='ocrx_word' id='word_1_282' title='bbox 2212 3328 2274 3386; x_wconf 93' lang='lat' dir='ltr'>hi</span> <span class='ocrx_word' id='word_1_283' title='bbox 2307 3318 2540 3396; x_wconf 71' lang='lat' dir='ltr'>recipiant</span> 
     </span>
     <span class='ocr_line' id='line_1_31' title="bbox 486 3417 2539 3506; baseline -0.004 -19"><span class='ocrx_word' id='word_1_284' title='bbox 486 3427 993 3500; x_wconf 86' lang='lat' dir='ltr'>testificationem,</span> <span class='ocrx_word' id='word_1_285' title='bbox 1047 3435 1105 3485; x_wconf 85' lang='lat' dir='ltr'>et</span> <span class='ocrx_word' id='word_1_286' title='bbox 1148 3427 1541 3488; x_wconf 85' lang='lat' dir='ltr'>confiteantur</span> <span class='ocrx_word' id='word_1_287' title='bbox 1573 3428 1806 3506; x_wconf 88' lang='lat' dir='ltr'>Ipsum,</span> <span class='ocrx_word' id='word_1_288' title='bbox 1865 3436 1958 3488; x_wconf 87' lang='lat' dir='ltr'>est</span> <span class='ocrx_word' id='word_1_289' title='bbox 2012 3444 2226 3500; x_wconf 84' lang='lat' dir='ltr'>causa,</span> <span class='ocrx_word' id='word_1_290' title='bbox 2290 3425 2417 3502; x_wconf 83' lang='lat' dir='ltr'>quia</span> <span class='ocrx_word' id='word_1_291' title='bbox 2453 3417 2539 3475; x_wconf 76' lang='lat' dir='ltr'>vit8</span> 
     </span>
     <span class='ocr_line' id='line_1_32' title="bbox 485 3523 2534 3605; baseline -0.004 -16"><span class='ocrx_word' id='word_1_292' title='bbox 485 3531 704 3589; x_wconf 84' lang='lat' dir='ltr'>amoris</span> <span class='ocrx_word' id='word_1_293' title='bbox 755 3536 814 3588; x_wconf 90' lang='lat' dir='ltr'>et</span> <span class='ocrx_word' id='word_1_294' title='bbox 861 3528 1167 3589; x_wconf 87' lang='lat' dir='ltr'>charitatis</span> <span class='ocrx_word' id='word_1_295' title='bbox 1227 3530 1422 3605; x_wconf 84' lang='lat' dir='ltr'>aperit</span> <span class='ocrx_word' id='word_1_296' title='bbox 1466 3531 1808 3588; x_wconf 86' lang='lat' dir='ltr'>interiorem</span> <span class='ocrx_word' id='word_1_297' title='bbox 1847 3536 2101 3590; x_wconf 86' lang='lat' dir='ltr'>mentem</span> <span class='ocrx_word' id='word_1_298' title='bbox 2154 3546 2267 3605; x_wconf 91' lang='lat' dir='ltr'>per</span> <span class='ocrx_word' id='word_1_299' title='bbox 2309 3523 2534 3585; x_wconf 83' lang='lat' dir='ltr'>influxum</span> 
     </span>
     <span class='ocr_line' id='line_1_33' title="bbox 482 3618 2535 3704; baseline -0.003 -16"><span class='ocrx_word' id='word_1_300' title='bbox 482 3630 634 3690; x_wconf 91' lang='lat' dir='ltr'>lucis</span> <span class='ocrx_word' id='word_1_301' title='bbox 685 3648 717 3689; x_wconf 88' lang='lat' dir='ltr'>e</span> <span class='ocrx_word' id='word_1_302' title='bbox 758 3629 970 3704; x_wconf 85' lang='lat' dir='ltr'>Coelo,</span> <span class='ocrx_word' id='word_1_303' title='bbox 1026 3636 1119 3690; x_wconf 90' lang='lat' dir='ltr'>est</span> <span class='ocrx_word' id='word_1_304' title='bbox 1170 3632 1322 3689; x_wconf 87' lang='lat' dir='ltr'>enim</span> <span class='ocrx_word' id='word_1_305' title='bbox 1370 3631 1496 3687; x_wconf 84' lang='lat' dir='ltr'>vita</span> <span class='ocrx_word' id='word_1_306' title='bbox 1542 3632 1761 3689; x_wconf 87' lang='lat' dir='ltr'>amoris</span> <span class='ocrx_word' id='word_1_307' title='bbox 1815 3636 1876 3689; x_wconf 84' lang='lat' dir='ltr'>et</span> <span class='ocrx_word' id='word_1_308' title='bbox 1930 3631 2236 3689; x_wconf 87' lang='lat' dir='ltr'>charitatis</span> <span class='ocrx_word' id='word_1_309' title='bbox 2284 3629 2409 3704; x_wconf 82' lang='lat' dir='ltr'>ipsa</span> <span class='ocrx_word' id='word_1_310' title='bbox 2447 3618 2535 3674; x_wconf 73' lang='lat' dir='ltr'>vita</span> 
     </span>
     <span class='ocr_line' id='line_1_34' title="bbox 480 3716 2529 3807; baseline -0.008 -19"><span class='ocrx_word' id='word_1_311' title='bbox 480 3729 730 3805; x_wconf 79' lang='lat' dir='ltr'>Divina,</span> <span class='ocrx_word' id='word_1_312' title='bbox 786 3731 1076 3790; x_wconf 88' lang='lat' dir='ltr'>Dominus</span> <span class='ocrx_word' id='word_1_313' title='bbox 1116 3733 1268 3789; x_wconf 90' lang='lat' dir='ltr'>enim</span> <span class='ocrx_word' id='word_1_314' title='bbox 1307 3736 1467 3787; x_wconf 82' lang='lat' dir='ltr'>amat</span> <span class='ocrx_word' id='word_1_315' title='bbox 1503 3748 1987 3807; x_wconf 88' lang='lat' dir='ltr'>unumquemque</span> <span class='ocrx_word' id='word_1_316' title='bbox 2027 3738 2086 3790; x_wconf 89' lang='lat' dir='ltr'>et</span> <span class='ocrx_word' id='word_1_317' title='bbox 2120 3727 2406 3789; x_wconf 81' lang='lat' dir='ltr'>benefacit</span> <span class='ocrx_word' id='word_1_318' title='bbox 2433 3716 2529 3776; x_wconf 86' lang='lat' dir='ltr'>uni·</span> 
     </span>
     <span class='ocr_line' id='line_1_35' title="bbox 483 3815 2533 3909; baseline -0.002 -22"><span class='ocrx_word' id='word_1_319' title='bbox 483 3832 698 3907; x_wconf 86' lang='lat' dir='ltr'>cuique</span> <span class='ocrx_word' id='word_1_320' title='bbox 732 3850 804 3890; x_wconf 81' lang='lat' dir='ltr'>ex</span> <span class='ocrx_word' id='word_1_321' title='bbox 843 3849 1075 3908; x_wconf 86' lang='lat' dir='ltr'>amore,</span> <span class='ocrx_word' id='word_1_322' title='bbox 1117 3849 1303 3907; x_wconf 87' lang='lat' dir='ltr'>quare</span> <span class='ocrx_word' id='word_1_323' title='bbox 1342 3830 1447 3888; x_wconf 91' lang='lat' dir='ltr'>ubi</span> <span class='ocrx_word' id='word_1_324' title='bbox 1481 3831 1588 3889; x_wconf 81' lang='lat' dir='ltr'>illa</span> <span class='ocrx_word' id='word_1_325' title='bbox 1616 3833 1740 3890; x_wconf 86' lang='lat' dir='ltr'>vita</span> <span class='ocrx_word' id='word_1_326' title='bbox 1776 3834 2092 3909; x_wconf 81' lang='lat' dir='ltr'>recipitur,</span> <span class='ocrx_word' id='word_1_327' title='bbox 2142 3830 2228 3889; x_wconf 88' lang='lat' dir='ltr'>ibi</span> <span class='ocrx_word' id='word_1_328' title='bbox 2261 3833 2348 3886; x_wconf 86' lang='lat' dir='ltr'>est</span> <span class='ocrx_word' id='word_1_329' title='bbox 2373 3815 2533 3883; x_wconf 77' lang='lat' dir='ltr'>Domi·</span> 
     </span>
     <span class='ocr_line' id='line_1_36' title="bbox 466 3926 2530 4009; baseline -0.002 -20"><span class='ocrx_word' id='word_1_330' title='bbox 466 3940 594 3989; x_wconf 79' lang='lat' dir='ltr'>‘nus</span> <span class='ocrx_word' id='word_1_331' title='bbox 643 3948 961 4007; x_wconf 81' lang='lat' dir='ltr'>praesenS,</span> <span class='ocrx_word' id='word_1_332' title='bbox 1022 3937 1081 3990; x_wconf 83' lang='lat' dir='ltr'>et</span> <span class='ocrx_word' id='word_1_333' title='bbox 1130 3933 1184 3989; x_wconf 90' lang='lat' dir='ltr'>ei</span> <span class='ocrx_word' id='word_1_334' title='bbox 1233 3931 1638 4008; x_wconf 87' lang='lat' dir='ltr'>conjungitur,</span> <span class='ocrx_word' id='word_1_335' title='bbox 1693 3933 1943 4009; x_wconf 85' lang='lat' dir='ltr'>proinde</span> <span class='ocrx_word' id='word_1_336' title='bbox 1990 3932 2183 3991; x_wconf 85' lang='lat' dir='ltr'>influit</span> <span class='ocrx_word' id='word_1_337' title='bbox 2227 3932 2286 3989; x_wconf 87' lang='lat' dir='ltr'>in</span> <span class='ocrx_word' id='word_1_338' title='bbox 2330 3926 2530 3984; x_wconf 81' lang='lat' dir='ltr'>mentem</span> 
     </span>
     <span class='ocr_line' id='line_1_37' title="bbox 485 4017 2527 4107; baseline 0.002 -23"><span class='ocrx_word' id='word_1_339' title='bbox 485 4027 614 4100; x_wconf 69' lang='lat' dir='ltr'>ojus</span> <span class='ocrx_word' id='word_1_340' title='bbox 662 4031 1060 4102; x_wconf 87' lang='lat' dir='ltr'>superiorem,</span> <span class='ocrx_word' id='word_1_341' title='bbox 1119 4047 1272 4102; x_wconf 86' lang='lat' dir='ltr'>quae</span> <span class='ocrx_word' id='word_1_342' title='bbox 1322 4046 1489 4089; x_wconf 86' lang='lat' dir='ltr'>mens</span> <span class='ocrx_word' id='word_1_343' title='bbox 1540 4033 1870 4107; x_wconf 88' lang='lat' dir='ltr'>spiritualis</span> <span class='ocrx_word' id='word_1_344' title='bbox 1920 4040 2197 4101; x_wconf 86' lang='lat' dir='ltr'>vocatur,</span> <span class='ocrx_word' id='word_1_345' title='bbox 2251 4037 2306 4089; x_wconf 89' lang='lat' dir='ltr'>et</span> <span class='ocrx_word' id='word_1_346' title='bbox 2342 4039 2435 4102; x_wconf 82' lang='lat' dir='ltr'>per</span> <span class='ocrx_word' id='word_1_347' title='bbox 2460 4017 2527 4075; x_wconf 83' lang='lat'>1¹¹·</span> 
     </span>
     <span class='ocr_line' id='line_1_38' title="bbox 485 4116 2526 4209; baseline 0.004 -34"><span class='ocrx_word' id='word_1_348' title='bbox 485 4138 615 4178; x_wconf 86' lang='lat' dir='ltr'>cem</span> <span class='ocrx_word' id='word_1_349' title='bbox 658 4140 693 4178; x_wconf 83' lang='lat' dir='ltr'><strong>a</strong></span> <span class='ocrx_word' id='word_1_350' title='bbox 732 4124 812 4182; x_wconf 84' lang='lat' dir='ltr'>Se</span> <span class='ocrx_word' id='word_1_351' title='bbox 849 4129 1043 4197; x_wconf 86' lang='lat' dir='ltr'>aperit</span> <span class='ocrx_word' id='word_1_352' title='bbox 1086 4125 1268 4183; x_wconf 85' lang='lat' dir='ltr'>illam.</span> <span class='ocrx_word' id='word_1_353' title='bbox 1354 4127 1529 4201; x_wconf 86' lang='lat' dir='ltr'>Quod</span> <span class='ocrx_word' id='word_1_354' title='bbox 1569 4131 2002 4191; x_wconf 75' lang='lat' dir='ltr'>Testimonium</span> <span class='ocrx_word' id='word_1_355' title='bbox 2048 4131 2333 4209; x_wconf 84' lang='lat' dir='ltr'>significet</span> <span class='ocrx_word' id='word_1_356' title='bbox 2368 4116 2526 4184; x_wconf 77' lang='lat' dir='ltr'>Domi·</span> 
     </span>
     <span class='ocr_line' id='line_1_39' title="bbox 281 4216 2527 4296; baseline 0.003 -20"><span class='ocrx_word' id='word_1_357' title='bbox 281 4218 442 4282; x_wconf 78' lang='lat'><strong>[579]</strong></span> <span class='ocrx_word' id='word_1_358' title='bbox 482 4231 655 4288; x_wconf 87' lang='lat' dir='ltr'>num,</span> <span class='ocrx_word' id='word_1_359' title='bbox 713 4224 773 4276; x_wconf 86' lang='lat' dir='ltr'>et</span> <span class='ocrx_word' id='word_1_360' title='bbox 818 4221 977 4292; x_wconf 83' lang='lat' dir='ltr'>apud</span> <span class='ocrx_word' id='word_1_361' title='bbox 1026 4221 1320 4283; x_wconf 89' lang='lat' dir='ltr'>hominem</span> <span class='ocrx_word' id='word_1_362' title='bbox 1369 4228 1806 4290; x_wconf 83' lang='lat' dir='ltr'>confessionem</span> <span class='ocrx_word' id='word_1_363' title='bbox 1854 4234 2094 4293; x_wconf 90' lang='lat' dir='ltr'>Domini</span> <span class='ocrx_word' id='word_1_364' title='bbox 2144 4250 2216 4291; x_wconf 85' lang='lat' dir='ltr'>ex</span> <span class='ocrx_word' id='word_1_365' title='bbox 2268 4226 2444 4296; x_wconf 87' lang='lat' dir='ltr'>corde,</span> <span class='ocrx_word' id='word_1_366' title='bbox 2487 4216 2527 4272; x_wconf 65' lang='lat'>0²</span> 
     </span>
    </p>
   </div>
   <div class='ocr_carea' id='block_1_5' title="bbox 2630 2747 2643 3334">
    <p class='ocr_par' dir='ltr' id='par_1_5' title="bbox 2630 2747 2643 3334">
     <span class='ocr_line' id='line_1_40' title="bbox 2630 2747 2643 3334; baseline 0 0"><span class='ocrx_word' id='word_1_367' title='bbox 2630 2747 2643 3334; x_wconf 95' lang='lat' dir='ltr'> </span> 
     </span>
    </p>
   </div>
  </div>
 </body>
</html>
