2791 4778
427 321 656 377 CAPUT
696 322 1047 390 QUINTUMr
1807 346 2018 404 VERS=
2065 361 2116 410 9.
2277 364 2384 413 113

228 481 610 562 ficaverunt
664 484 990 566 sacvificia
1027 488 1308 569 pacifica
1351 490 1408 552 J
1401 495 1627 562 elwvae
1644 501 1952 584 juvem-os
1965 554 1983 584 ,
2038 516 2098 571 et
2150 512 2390 593 accepit

243 581 480 645 Alo-ses
523 583 875 646 dimidium
915 589 1260 670 sanyuinis
1305 597 1365 654 et
1398 602 1625 677 posuit
1660 603 1731 665 in
1767 609 2134 685 crateribus,
2184 619 2245 673 et
2279 611 2387 674 di-

241 684 540 746 midium
583 685 928 764 sanguinis
965 689 1211 769 sparsit
1249 712 1440 774 super
1476 698 1721 779 Almo-e,
1769 714 1829 768 et
1863 710 2104 790 accepit
2141 710 2387 777 Lunum

239 801 561 845 eunomus
579 831 598 862 ‚
647 792 708 848 et
743 782 902 868 leqit
939 789 1012 849 in
1055 790 1322 855 auribus
1359 798 1587 878 populi
1591 823 1620 875 ;
1678 812 1738 865 et
1776 806 2111 886 dixerunt,
2168 815 2386 876 omnia

233 905 414 965 quae
459 883 761 965 loquutus
801 886 1086 951 Jehovah
1128 892 1456 971 faciemus
1504 909 1565 962 et
1616 905 1956 971 audiemus
1966 931 1994 982 ,·
2048 919 2109 972 et
2144 916 2387 996 accepit

235 986 642 1066 sanquinem
684 992 743 1047 et
785 991 1032 1068 sparsit
1058 1011 1248 1071 super
1257 996 1593 1078 populum,
1631 1012 1692 1066 et
1725 1006 1920 1085 dimit,
1958 1030 2089 1072 ecce
2115 1011 2383 1078 SANGms
2421 1077 2430 1086 ,

234 1105 589 1162 rozuan-rs,
650 1086 819 1165 quod
851 1091 1108 1171 pepigit
1158 1092 1445 1159 Jehovah
1496 1122 1637 1165 oum
1701 1109 1875 1169 vobis
1921 1130 2111 1191 saper
2164 1119 2381 1181 omnia

234 1187 433 1248 verba
470 1186 640 1249 haec.
721 1186 817 1249 Et
867 1190 1162 1276 viderunt
1208 1193 1431 1258 Deum
1468 1201 1777 1288 Israelis,
1831 1218 1891 1272 et
1949 1214 2063 1273 sub
2101 1215 2378 1292 pedibus
2417 1229 2576 1292 [418]

228 1284 478 1366 Ipsius
507 1273 859 1367 sieut¹opus
888 1288 1134 1371 lapidis
1160 1296 1470 1376 sapphiri,
1512 1308 1572 1364 et
1609 1306 2166 1376 siout‘substantz‘a
2203 1316 2377 1382 Coeli

234 1388 479 1465 quoad
509 1389 943 1451 munditiem“
997 1393 1195 1453 Exod:
1244 1396 1481 1460 XXIV:
1539 1407 1575 1464 3
1616 1408 1693 1465 ad
1734 1413 1764 1468 1
1789 1414 1853 1487 13
1923 1416 2084 1491 quod
2126 1424 2371 1497 sanguis

231 1487 336 1547 hic
374 1490 679 1566 significet
715 1491 996 1554 Divinum
1031 1494 1260 1556 Verum
1293 1489 1630 1576 procedens
1682 1526 1718 1566 a
1751 1511 2036 1591 Domine,
2091 1535 2161 1578 ac
2198 1538 2373 1582 rece-

232 1595 410 1663 ptum
441 1590 525 1648 ab
551 1589 808 1669 homine,
849 1601 910 1653 et
944 1595 1080 1656 inde
1110 1599 1616 1681 conjunctionem,
1653 1618 1856 1686 patet,
1889 1632 2029 1675 nam
2062 1616 2369 1683 dimidium

235 1689 372 1766 ejus
399 1674 810 1769 spargebatur
827 1710 1012 1771 super
1024 1695 1252 1773 Altare,
1285 1707 1344 1759 et
1370 1702 1671 1768 dimidium
1699 1726 1887 1790 super
1910 1717 2228 1797 populum;
2255 1741 2370 1799 per

234 1789 452 1851 Alt'are
493 1793 649 1851 enim
674 1794 1119 1869 significabatur
1148 1804 1335 1860 omnis
1366 1804 1562 1865 cultus
1601 1813 1710 1886 qui.
1739 1830 1808 1871 ex
1838 1814 1993 1875 bono
2022 1824 2263 1897 amoriS,
2305 1831 2369 1884 et

232 1907 345 1967 per
373 1893 674 1971 populum
713 1894 800 1952 illi
828 1900 930 1970 qui
970 1898 1194 1958 faciunt
1235 1902 1481 1976 cultum,
1520 1925 1590 1968 ac
1619 1915 1914 1989 recipiunt
1939 1917 2160 1979 bonum
2189 1941 2359 1984 amo-

233 1994 314 2049 ris
366 2012 483 2069 per
533 2010 704 2068 vera,
773 1999 963 2055 omnis
1020 2001 1176 2059 enim
1228 2008 1497 2082 receptio
1533 2008 1733 2072 Divini
1772 2014 1910 2074 boni
1957 2018 2022 2078 fit
2056 2038 2168 2098 per
2216 2043 2364 2085 vera

233 2091 399 2151 saeta
442 2097 640 2170 vitae,
697 2102 759 2153 et
790 2098 1129 2174 conjunctio
1175 2103 1313 2162 iude
1364 2113 1457 2164 est
1502 2127 1614 2185 per
1648 2112 1869 2175 bonum
1905 2119 1966 2176 in
1999 2120 2119 2181 illis
2157 2129 2352 2203 veris3

237 2193 399 2267 quod
434 2212 549 2272 per
580 2194 802 2254 bonum
838 2199 899 2256 in
933 2199 1050 2259 illis
1081 2205 1238 2263 veris
1275 2221 1385 2270 seu
1420 2225 1532 2283 per
1557 2229 1703 2271 vera
1727 2215 1888 2276 facta
1915 2220 2073 2280 vitae
2101 2225 2179 2281 sit
2207 2242 2354 2284 con-

229 2291 497 2369 junctio,
555 2302 617 2356 et
665 2297 827 2372 quod
859 2304 1104 2376 sanguis
1156 2304 1336 2363 fuerit
1371 2318 1955 2384 repraesentativum
1992 2321 2150 2398 ejus,
2206 2339 2355 2383 con·

239 2398 361 2450 stat
397 2397 705 2456 evidenter
751 2415 825 2457 ex
879 2402 1078 2461 verbis
1125 2405 1242 2482 ibi;
1297 2408 1522 2471 factum
1574 2415 1731 2473 enim
1776 2414 1892 2477 hoc
1937 2426 2060 2496 est,
2118 2426 2356 2500 quando

241 2489 445 2552 Moses
481 2494 786 2557 deseendit
816 2518 852 2559 'e
887 2510 1087 2562 monte
1120 2502 1311 2582 Sinai,
1351 2509 1508 2570 unde
1543 2515 1924 2593 promulgata
1958 2520 2069 2580 suit
2104 2523 2251 2601 Lex,
2293 2536 2355 2588 et

244 2607 483 2667 quoque
517 2602 743 2656 statuta
789 2608 853 2660 et
883 2602 1113 2678 judicia
1165 2624 1320 2683 quae
1367 2610 1775 2690 observaturi,
1831 2635 1902 2678 ac
1938 2619 2153 2684 dieitur
2189 2628 2352 2703 quod

240 2689 445 2752 Moses
481 2699 786 2775 scripserit
816 2707 1013 2762 omnia
1050 2706 1234 2765 verba
1266 2709 1371 2768 illa
1399 2710 1703 2790 Jehovae,
1744 2725 1803 2775 et
1836 2719 2051 2797 legerit
2086 2725 2146 2783 in
2181 2731 2345 2788 auri-

237 2788 350 2851 bus
382 2797 616 2873 populi,
659 2803 760 2876 qui
795 2801 1102 2880 dixerunt,
1159 2809 1375 2871 omnia
1420 2831 1580 2890 quae
1614 2813 1792 2877 dimit
1832 2818 2342 2907 Jelzovaltfaoie-

226 2909 374 2952 mus
410 2903 471 2957 et
511 2897 881 2977 audiemus,
938 2922 1090 2981 quae
1138 2906 1231 2967 bis
1270 2909 1573 2990 dixerunt,
1629 2917 1903 2980 videatur
1936 2923 2023 2984 ibi
2058 2924 2259 2988 Versu
2300 2930 2337 2992 3

230 2999 289 3050 et
331 2999 388 3069 7,
445 2998 632 3058 verba
660 3010 778 3062 'seu
811 3020 957 3063 vera
989 3025 1102 3083 per
1138 3009 1338 3070 facere
1374 3012 1522 3073 fiunt
1557 3018 1717 3078 vitae
1731 3038 1748 3093 3
1805 3029 1864 3081 et
1919 3027 2058 3100 quia
2101 3032 2343 3107 scripsii:

228 3089 424 3155 Moses
460 3099 649 3160 verba
680 3101 806 3174 illa,
850 3110 1092 3171 vocavit
1127 3108 1233 3168 illa
1257 3109 1511 3175 Lunum
1546 3134 1873 3198 susumus,
1911 3143 2023 3202 per
2059 3130 2218 3203 quod
2253 3132 2341 3190 si-

226 3194 534 3266 gnificatur
566 3200 728 3278 quod
760 3219 872 3280 per
903 3206 1009 3265 illa
1044 3211 1123 3268 sit
1159 3212 1528 3288 conjunctio:
1581 3234 1693 3294 per
1727 3219 1953 3300 Legem
1987 3244 2024 3285 a
2057 3226 2339 3291 Jehovah

226 3297 658 3376 promulgatam
704 3319 738 3362 e
772 3312 971 3366 monte
1011 3306 1205 3380 Sinai,
1255 3319 1316 3371 et
1366 3331 1479 3391 per
1524 3324 1751 3379 statuta
1802 3330 1862 3382 et
1894 3325 2126 3402 judicia
2179 3348 2335 3405 quae

226 3393 395 3454 etiam
429 3404 573 3460 tuuc
606 3403 889 3464 mandata
926 3406 1194 3484 fuerunt,
1252 3414 1621 3490 significatur
1668 3437 1842 3482 omne
1876 3423 2164 3484 Divinum
2200 3428 2329 3488 Ve-

228 3505 352 3550 rum
364 3518 383 3568 ‚
432 3512 548 3559 seu
595 3501 882 3564 Divinum
915 3506 1146 3568 Verum
1194 3514 1255 3570 in
1290 3518 1416 3574 toto
1454 3518 1799 3596 complexu,
1853 3522 1991 3582 inde
2042 3531 2136 3584 est
2171 3528 2333 3605 quod

227 3583 371 3650 haee
393 3607 681 3660 vocentur
703 3604 900 3665 met
924 3626 1242 3687 posumus,
1283 3620 1343 3673 et
1376 3616 1540 3677 Arca
1573 3620 1634 3678 in
1672 3638 1791 3696 qua
1822 3622 1924 3682 ille
1953 3622 2139 3685 Liber
2175 3636 2322 3706 erat,

229 3686 397 3751 Aaou
416 3713 728 3778 roanssms,
760 3705 974 3767 foedus
1002 3711 1298 3787 significat
1321 3718 1820 3793 conjunctionem.
1863 3721 2020 3800 Quia
2043 3726 2330 3792 Divinum

226 3784 470 3870 Verum,
505 3816 620 3878 per
656 3805 816 3880 quod
854 3804 1241 3886 Conjunctio,
1279 3818 1555 3890 procedit
1581 3837 1619 3878 a
1642 3821 1933 3900 Domine,
1969 3826 2105 3889 ideo
2144 3833 2327 3893 etiam

226 3882 502 3957 Dominus
552 3901 671 3962 iuis
717 3907 886 3966 visus
935 3918 1030 3968 est
1070 3912 1183 3972 sub
1227 3903 1484 3992 pedibus
1529 3922 1701 3987 sicut„
1727 3939 1878 3999 opus
1914 3926 2132 4004 lapidis
2167 3947 2317 4010 sap-

227 3982 405 4064 phiri,
445 4000 598 4072 quod
645 4013 814 4066 visus
863 4010 950 4070 sic
1000 4011 1113 4071 sub
1159 4014 1449 4089 pedibus»,
1500 4021 1795 4097 siguificat
1843 4028 2002 4102 quod
2037 4029 2325 4093 Divinum

229 4079 443 4151 Verum
462 4099 594 4162 'tale
630 4106 709 4164 sit
743 4108 803 4166 in
839 4109 1064 4171 ultimis
1080 4133 1097 4186 ;
1133 4114 1420 4178 Divinum
1457 4118 1686 4181 Verum
1719 4125 1781 4182 in
1816 4125 2038 4189 ultimis
2077 4137 2170 4190 est
2202 4131 2320 4192 Di-

224 4184 412 4251 vinum
438 4193 668 4264 verum
706 4208 771 4265 in
821 4224 1006 4270 sensu
1054 4213 1265 4276 literae
1304 4216 1494 4279 Verbi
1504 4241 1520 4296 3
1577 4240 1730 4298 epus
1785 4224 2003 4301 lapidis
2049 4228 2317 4304 sapphiri

317 4304 729 4377 swod-nborg.
762 4324 953 4378 Apoeal.
985 4329 1098 4383 upl.
1132 4331 1189 4371 11.
1948 4331 1984 4384 8
