2791 4778
371 365 581 422 CAPUT
619 364 924 420 SEXTUM.
1720 358 1898 419 VERS
1919 387 1931 418 :
1977 375 2030 425 6.
2188 376 2300 427 269

242 525 555 602 significatur
580 527 969 601 appropriare
1005 541 1220 586 verum
1258 539 1329 584 ac
1362 523 1614 598 bonum,
1647 541 1758 600 per
1794 524 1953 599 quod
1986 523 2126 583 inde
2160 525 2305 601 pul-

236 626 356 685 chra
386 627 531 683 sacta
565 628 643 684 sit
678 624 1046 700 significatur
1082 623 1241 701 quod
1283 624 1624 701 intelligens
1636 668 1653 698 ,
1708 630 1766 682 et
1800 641 1909 699 per
1943 631 2306 701 prosperata

240 743 398 801 usque
454 726 527 783 ad
588 743 834 802 regnum
897 723 1264 800 significatur
1316 724 1476 800 quod
1523 726 1610 782 sic
1662 724 1823 789 [acta
1870 725 1948 783 sit
2007 724 2299 800 Ecclesia,

236 843 444 903 regnum
501 833 591 884 est
627 825 919 884 Ecclesia.
1016 824 1198 899 Apud
1250 824 1577 883 Jeremiam
1631 820 1978 898 „Redemit
2020 821 2305 886 Jehovah
2343 819 2502 881 [523]

235 924 512 998 Iacobum,
540 924 706 985 uncle
729 923 971 983 venient
996 930 1056 982 et
1083 930 1302 983 canent
1331 923 1400 983 in
1425 921 1773 984 altitudine
1785 922 2130 999 Zionis,›et
2157 943 2303 986 con-

229 1024 400 1103 fluent
433 1024 518 1084 ad
559 1026 781 1085 bonum
822 1022 1124 1095 Jekovae,
1179 1022 1269 1081 acl
1308 1023 1629 1098 triticum,
1679 1029 1739 1082 et
1789 1022 1879 1082 ad
1916 1032 2198 1086 mustum
2248 1031 2307 1086 et

233 1123 304 1183 ad
343 1121 562 1199 oleum,
616 1130 675 1185 et
723 1124 814 1185 ad
846 1120 1031 1203 filios
1080 1122 1303 1201 yreyis
1349 1129 1410 1182 et
1461 1123 1776 1193 ament&
1830 1130 1889 1183 et
1925 1125 2044 1204 fiet
2085 1125 2308 1185 anima

233 1243 410 1285 eorum
441 1224 603 1285 sicut
636 1223 858 1285 hortus
887 1222 1223 1302 irriyuue“
1261 1223 1511 1282 XXXI.
1561 1227 1667 1281 11.
1722 1227 1839 1299 123
1897 1242 2006 1301 per
2040 1232 2305 1284 mustum

227 1331 284 1384 et
328 1324 507 1383 oleum
569 1325 937 1401 significatur
987 1340 1194 1381 verum
1252 1329 1309 1381 et
1366 1322 1621 1398 bonum3
1692 1323 1833 1398 quid
1881 1341 1991 1400 per
2043 1330 2300 1401 caetera,

236 1425 470 1483 videatur
502 1442 637 1484 mox
691 1441 878 1500 supra
922 1441 996 1481 n:
1056 1424 1217 1481 374.
1300 1422 1481 1499 Apud
1517 1422 1751 1480 Joelem
1817 1421 2032 1498 „Filii
2065 1424 2323 1485 Zionic'

229 1523 487 1603 yaudete,
540 1531 601 1586 et
654 1521 988 1585 laetamini
1013 1520 1083 1581 in
1131 1519 1416 1582 Jehovah
1454 1521 1599 1581 Deo
1641 1527 1845 1583 vestro
1857 1568 1875 1598 ,
1936 1523 2089 1603 quia
2126 1522 2305 1587 dedit

229 1623 369 1684 vobis
400 1621 693 1703 pluviam
746 1620 1184 1703 tempestivam
1229 1621 1300 1681 in
1330 1621 1702 1703 justitiam,
1766 1629 1840 1683 ut
1875 1622 2104 1703 plenae
2174 1624 2308 1685 sint

230 1741 380 1783 areae
389 1724 710 1803 frumento
727 1741 914 1802 parc,
938 1721 1257 1781 emundent
1285 1719 1637 1783 torcularia
1654 1728 1938 1783 mustum
1962 1730 2023 1784 et
2050 1721 2302 1785 oleum“

227 1823 297 1881 11:
344 1827 444 1884 23.
489 1829 606 1901 243
668 1818 846 1883 etiam
881 1822 965 1880 ibi
1005 1840 1117 1897 per
1154 1829 1413 1881 mustum
1459 1828 1519 1880 et
1555 1823 1751 1881 oleum
1789 1824 2157 1900 significatur
2188 1842 2301 1883 ve-

229 1940 337 1981 rum
371 1931 423 1983 et
446 1925 666 1983 bonum
702 1923 1029 1994 Ecclesiae,
1068 1940 1204 1980 nam
1243 1940 1354 1997 per
1393 1922 1548 1981 filios
1585 1922 1947 1997 Zionis,·ad
1974 1942 2121 2000 quos
2151 1924 2304 1983 haec

228 2021 492 2098 dicuntur,
546 2024 958 2100 significantur
991 2017 1077 2079 illi
1114 2024 1215 2098 qui
1252 2021 1326 2079 ab
1362 2022 1669 2095 Ecclesia3
1708 2041 1819 2098 per
1853 2022 2116 2098 pluviam
2144 2030 2301 2082 tem-

226 2125 483 2197 pestivam
528 2128 587 2182 in
635 2124 955 2199 justitiam,
1020 2121 1387 2197 significatur
1436 2122 1717 2179 Divinum
1770 2122 1998 2180 Verum
2048 2125 2304 2182 influens

227 2223 277 2279 in
302 2222 531 2298 bonum,
586 2223 748 2282 unde
799 2240 1006 2280 eorum
1050 2223 1424 2299 conjunctio,
1488 2220 1860 2278 fructificatio
1917 2228 1977 2280 et
2010 2222 2301 2298 multipli-

226 2324 386 2399 catio,
437 2331 490 2383 et
526 2343 643 2401 per
678 2339 852 2381 areas
887 2322 1099 2399 plenas
1144 2322 1440 2381 frumento
1470 2336 1647 2396 puro,
1705 2319 2072 2396 significatur
2104 2320 2303 2398 pleni-

226 2422 349 2481 tudo
378 2425 516 2483 inde.
568 2423 756 2499 Apud
785 2422 1051 2481 Eundem
1082 2421 1539 2496 „Devastatue
1571 2426 1667 2481 est
1700 2439 1870 2499 ayer,
1903 2417 2078 2481 lua-ic
2113 2427 2302 2495 terra,

230 2520 362 2597 quia
393 2522 779 2585 devastatum
807 2527 901 2581 eet
916 2522 1333 2600 frumentum,
1374 2519 1638 2582 exaruit
1676 2526 1956 2581 mustum
1973 2565 1989 2594 ,
2045 2516 2308 2599 lanquet

227 2617 450 2681 oleum
482 2624 534 2684 I:
597 2628 720 2699 103
773 2641 886 2701 per
918 2623 1070 2681 haec
1106 2621 1491 2699 significatur,
1545 2621 1705 2697 quod
1741 2624 1938 2680 omnia
1974 2621 2302 2694 Ecclesiae,

223 2737 358 2796 quae
394 2726 447 2781 in
484 2741 707 2801 genere
757 2741 825 2782 se
860 2724 1125 2782 referunt
1176 2722 1256 2780 ad
1298 2722 1518 2781 bonum
1549 2724 1767 2779 amoris
1805 2727 1864 2780 et
1897 2739 2104 2781 verum
2144 2720 2303 2795 fidei,

224 2819 503 2883 devastata
536 2828 686 2897 sint,
734 2841 878 2900 ager
907 2828 999 2881 est
1024 2822 1298 2882 Ecclesia
1335 2829 1395 2881 et
1425 2838 1662 2897 quoque
1698 2827 1874 2893 terra,
1913 2839 2057 2898 ager
2089 2816 2303 2881 Eccle-

223 2920 299 2979 sia
330 2940 397 2981 ex
442 2925 789 3000 receptione
823 2924 979 2997 veri,
1030 2928 1089 2981 et
1126 2929 1284 2980 terra
1331 2922 1608 2981 Ecclesia
1656 2938 1729 2979 ex
1765 2923 2150 2998 perceptione
2190 2922 2302 2981 bo-

219 3022 294 3095 ni,
349 3003 701 3082 frumentum
754 3029 847 3083 est
884 3040 1056 3082 omne
1098 3023 1263 3098 eju8‚
1316 3029 1575 3080 mustum
1625 3028 1717 3079 est
1760 3039 1968 3080 verum
2010 3030 2069 3081 et
2109 3021 2307 3081 oleum

215 3117 426 3182 bonum.
481 3123 667 3200 Apud
707 3123 953 3199 Esajam
987 3120 1316 3195 „Cantaba
1344 3117 1572 3180 dilecto
1598 3138 1731 3180 meo
1768 3121 2085 3184 canticum
2110 3120 2308 3181 amici

215 3221 320 3281 mei
327 3242 354 3293 ;
403 3223 589 3283 vinea
613 3221 760 3301 suit
792 3219 1020 3281 dilecto
1048 3239 1181 3280 meo
1223 3221 1293 3280 in
1338 3239 1530 3280 cornu
1555 3216 1696 3299 filii
1733 3218 1884 3293 olei,
1939 3240 2133 3300 quam
2175 3220 2302 3281 cir-

214 3321 514 3383 cumdedit
563 3328 624 3383 et
663 3319 1046 3400 elapidavit,
1125 3327 1185 3381 et
1225 3317 1559 3400 plantavit
1610 3337 1750 3379 eam
1796 3320 1922 3380 vite
1958 3318 2158 3380 nobili
2166 3339 2195 3389 ‚·
2247 3325 2307 3379 et

211 3422 578 3498 eoespectavit
604 3426 676 3483 ut
688 3421 934 3500 faceret
964 3439 1144 3495 uvae,
1175 3418 1289 3480 sed
1308 3418 1475 3498 fecit
1501 3416 1878 3479 labruscae“
1934 3418 2009 3477 V.
2046 3421 2074 3475 1
2139 3408 2179 3504 [.
2215 3407 2304 3503 2],

213 3536 310 3593 per
341 3523 576 3582 vineam
613 3537 766 3598 quae
804 3520 1020 3579 dilecto
1056 3523 1116 3579 in
1159 3536 1343 3578 cornu
1377 3519 1484 3577 filii
1521 3518 1657 3586 olei,
1693 3517 2060 3592 significatur
2086 3514 2303 3574 Eccle-

214 3619 294 3677 sia
325 3622 678 3697 spiritualis,
720 3622 814 3679 oui
849 3638 995 3679 vera
1033 3637 1107 3679 ex
1141 3620 1297 3688 bono
1335 3621 1591 3689 amoris,
1646 3620 1732 3674 ita
1764 3603 2303 3693 praestantissima,

207 3719 367 3778 vinea
415 3724 572 3779 enim
629 3720 922 3796 significat
963 3720 1298 3779 Ecclesiam
1347 3716 1755 3795 spiritualem,
1810 3732 1921 3775 seu
1968 3714 2307 3773 Ecclesiam

211 3832 350 3891 quae
395 3822 457 3878 in
497 3823 660 3880 veris
706 3837 780 3878 ex
816 3820 971 3878 bono
1010 3825 1126 3895 est3
1180 3820 1562 3894 inauguratio
1616 3818 1746 3893 ejus
1800 3815 2149 3892 intelligitur
2197 3832 2309 3892 per

208 3931 376 3977 cornu
414 3920 561 3994 olei,
613 3938 748 3978 nam
798 3921 1285 3996 inaugurationes
1327 3916 1552 3977 fiebant
1601 3933 1711 3992 per
1751 3915 1948 3975 oleum
1992 3934 2069 3973 ex
2104 3933 2307 3991 cornu,

207 4031 270 4073 ac
310 4018 465 4078 filius
513 4019 630 4078 olei
678 4025 771 4078 est
814 4036 1020 4080 verum
1074 4035 1147 4077 ex
1200 4018 1384 4092 bon03
1452 4034 1564 4092 per
1600 4015 1905 4074 Dilectum
1957 4015 2310 4093 intelligitur

203 4113 517 4194 Dominus,
577 4120 718 4194 quia
751 4118 893 4194 Ipse
929 4118 1235 4177 Ecclesias
1273 4120 1602 4190 instaurat,
1660 4116 1732 4174 de
1772 4133 1888 4192 quo
1924 4116 2059 4176 ideo
2095 4116 2311 4175 dicitur

207 4229 370 4288 quam
407 4218 826 4294 circumdedit,
865 4224 928 4278 et
966 4218 1309 4294 elapidavit,
1346 4224 1408 4276 et
1441 4215 1738 4291 plantavit
1773 4217 1894 4275 vite
1929 4215 2131 4289 nobili,
2165 4216 2304 4274 vitis
