2791 4778
418 361 527 411 232
862 345 1354 401 APOCALYPSIS
1398 345 1832 405 EXPLICATA.
1903 347 1951 414 §.
1988 355 2116 428 365·

402 506 650 587 flumen
703 502 1031 566 inundans
1081 500 1365 584 ylorz'am
1410 504 1698 583 yentium
1753 511 1827 565 ut
1871 503 2170 583 amyoti&
2221 502 2314 563 ad
2366 500 2536 566 latua

413 605 855 686 suscipiemini
866 649 885 680 ,
941 609 1001 665 et
1043 623 1235 683 super
1267 604 1550 683 yenubue
1592 601 2062 665 delectabimini
2072 606 2110 637 ‘⁴‘
2147 603 2387 664 LXVI:
2433 608 2532 664 10.

422 712 533 768 11.
580 711 700 783 123
753 723 864 782 per
897 704 1379 781 Hierosolymam
1415 704 1498 762 ibi
1535 705 1889 781 intelligitur
1940 712 2008 765 ut
2040 721 2229 780 supra
2264 705 2534 765 Ecclesia

414 807 615 887 quoad
652 806 1008 878 doctrinam,
1059 822 1171 865 seu
1207 804 1369 880 quod
1402 805 1589 879 idem,
1631 805 1903 865 doctrina
1936 805 2284 878 Ecclesiae,
2325 806 2402 864 de
2429 805 2533 865 hac

414 908 662 982 dicitur,
710 907 1016 966 laetamini
1053 923 1189 964 cum
1224 904 1675 982 Hierosolyma,
1732 912 1792 965 et
1828 906 2092 965 exultate
2125 907 2188 963 in
2226 922 2308 963 ea
2335 922 2530 965 omnes

412 1014 683 1068 amantes
720 1024 883 1083 eam3
940 1010 1001 1065 et
1035 1005 1109 1065 de
1139 1006 1410 1065 doctrina
1447 1007 1627 1064 etiam
1664 1005 1908 1076 dicitur,
1956 1012 2022 1063 ut
2062 1005 2300 1081 sugatis
2339 1011 2402 1065 et
2433 1022 2529 1065 sa-

412 1110 689 1168 turemini
728 1124 800 1166 ex
839 1107 1024 1165 ubere
1061 1105 1532 1165 consolationum
1570 1106 1737 1182 ejus,
1799 1113 1862 1164 et
1903 1107 2252 1181 exprimatis
2286 1112 2348 1164 et
2384 1106 2528 1165 deli-

415 1211 650 1269 ciemini
692 1225 768 1267 ex
815 1206 1138 1283 splendore
1188 1205 1416 1282 gloriae
1471 1207 1601 1282 ejus
1614 1250 1631 1280 ,
1698 1222 1810 1282 per
1861 1206 2010 1264 uber
2058 1206 2528 1265 consolationum

410 1308 779 1388 significatur
847 1307 1132 1366 Divinum
1200 1306 1465 1375 Bonum,
1551 1313 1611 1364 et
1671 1324 1781 1381 per
1845 1305 2228 1382 splendorem
2304 1306 2526 1382 gloriae

408 1409 776 1487 significatur
834 1407 1116 1466 Divinum
1174 1406 1402 1466 Verum
1471 1424 1545 1464 ex
1610 1425 1728 1483 quo
1790 1406 2089 1466 doctrina:
2163 1407 2332 1482 quod
2404 1424 2528 1465 om-

402 1513 512 1569 ·nia
560 1509 667 1568 illa
719 1510 779 1567 in
831 1507 1198 1565 abundantia
1248 1513 1442 1576 erunt,
1469 1524 1544 1564 ex
1591 1508 2007 1584 conjunctione
2067 1523 2207 1564 cum
2253 1507 2532 1578 Domino,

410 1608 781 1688 significatur
813 1625 923 1685 per
960 1624 1102 1666 ecce
1137 1607 1265 1684 Ego
1302 1606 1651 1683 expandens
1689 1624 1877 1683 super
1914 1624 2045 1666 eam
2095 1608 2256 1667 sicut
2287 1607 2533 1665 fluvium

406 1728 651 1788 pacem,
709 1714 767 1766 et
801 1710 961 1766 sicut
996 1707 1216 1766 flumen
1250 1707 1547 1766 inundans
1574 1707 1825 1784 gloriam
1858 1709 2122 1783 gentium
2168 1716 2237 1767 ut
2279 1710 2530 1783 sugatis

405 1828 519 1889 per
553 1824 766 1885 pacem
799 1807 1167 1884 significatur
1212 1807 1550 1885 conjunctio
1601 1826 1736 1867 eum
1771 1808 2063 1881 Domino,
2129 1825 2243 1884 per
2280 1808 2531 1883 gloriam

407 1910 670 1987 gentium
727 1902 1251 1985 conjunctio‘boni
1299 1916 1360 1968 et
1405 1910 1534 1969 veri
1581 1908 1748 1980 inde,
1798 1895 1909 1985 per
1942 1924 2162 1984 sugere
2198 1908 2462 1967 influxus
2498 1926 2532 1966 a

406 2010 697 2084 Domino,
755 2016 816 2068 et
849 2026 959 2085 per
993 2010 1148 2067 sicut
1182 2009 1428 2067 fluvium
1460 2015 1520 2066 et
1554 2011 1710 2067 sicut
1742 2010 1969 2067 flumen
2003 2009 2304 2067 inundans
2333 2008 2525 2067 abun-

410 2111 642 2170 dantia:
698 2110 857 2188 quod
899 2108 1038 2167 inde
1091 2126 1258 2168 amor
1306 2110 1668 2185 spiritualis,
1728 2116 1789 2168 et
1843 2126 2009 2168 amor
2045 2109 2364 2183 coelestiS,
2420 2127 2527 2187 per

409 2228 561 2290 quos
614 2212 950 2288 conjunctio
1001 2226 1135 2270 cum
1182 2209 1439 2268 Domino
1492 2211 1582 2285 fit,
1656 2210 2023 2287 significatur
2074 2227 2188 2286 per
2239 2209 2320 2267 ad
2371 2210 2527 2268 latus

407 2314 844 2391 suscipiemini,
885 2316 945 2369 et
978 2327 1165 2386 super
1190 2309 1463 2386 genubus
1501 2310 1971 2382 delectabimini,
2005 2328 2114 2387 per
2149 2310 2312 2368 latus
2340 2312 2524 2388 signi-

405 2415 620 2474 ficatur
655 2432 820 2473 amor
858 2412 1219 2488 spiritualiS,
1277 2419 1338 2470 et
1370 2429 1482 2488 per
1508 2430 1706 2488 genua
1741 2429 1908 2470 amor
1949 2411 2228 2472 coelestis
2248 2457 2267 2486 ,
2326 2420 2391 2470 et
2426 2430 2528 2490 per

207 2514 369 2578 [499]
409 2516 637 2593 suscipi
672 2520 731 2574 et
768 2513 1054 2573 delectari
1083 2511 1451 2588 significatur
1480 2529 1552 2571 ex
1589 2512 2004 2591 conjunctione
2038 2513 2298 2573 felicitas
2329 2520 2525 2572 aeter-

408 2633 514 2674 na:
553 2616 712 2691 quod
746 2615 894 2674 uber
921 2613 1217 2689 significet
1252 2630 1514 2672 amorem
1552 2613 1952 2690 spiritualem,
1994 2622 2055 2674 et
2092 2614 2252 2690 quod
2290 2631 2524 2690 quoque

390 2715 566 2789 ,latus
601 2731 713 2774 seu
754 2721 1002 2792 pectus»,
1059 2715 1336 2772 videatur
1370 2730 1556 2791 supra
1588 2733 1659 2771 n:
1722 2715 1842 2774 65:
1898 2715 2056 2790 quod
2092 2733 2292 2792 genua
2329 2716 2517 2791 signi-

407 2816 585 2874 ficent
637 2833 897 2873 amorem
948 2814 1375 2892 conjugialem,
1435 2823 1494 2874 et
1544 2814 1682 2873 inde
1730 2833 1993 2874 amorem
2050 2815 2420 2885 coelestem,
2467 2818 2521 2872 in

406 2917 685 2977 Aacms
724 2914 1162 2989 consummes,
1228 2933 1297 2972 n:
1371 2917 1583 2974 3021.
1647 2917 1862 2975 4280.
1921 2917 2109 2976 5050
2168 2917 2244 2974 ad
2299 2918 2517 2976 5062:

409 3017 570 3092 quod
604 3015 793 3092 gloria
827 3016 1119 3091 significet
1153 3015 1437 3075 Divinum
1472 3017 1733 3090 Verum,
1791 3023 1852 3075 et
1885 3018 2023 3077 inde
2069 3018 2517 3094 intelligentiam

409 3123 470 3177 et
504 3117 878 3193 sapientiam,
914 3134 1111 3192 supra,
1133 3135 1189 3175 nt
1239 3118 1349 3176 33.
1384 3121 1549 3178 288.
1596 3118 1770 3191 3453
1811 3124 1871 3177 et
1892 3118 2051 3194 quod
2084 3126 2297 3194 gentes
2336 3118 2513 3194 signi-

406 3218 584 3277 ficent
622 3216 757 3275 illos
796 3219 896 3291 qui
929 3220 990 3276 in
1046 3217 1202 3278 bono
1241 3220 1460 3276 amoris
1515 3224 1684 3286 sunt,
1741 3224 1801 3275 et
1835 3218 2136 3276 abstracte
2174 3236 2212 3276 a
2245 3218 2512 3295 personis

406 3319 565 3378 bona
601 3320 818 3377 amoris
831 3363 847 3394 ,
890 3321 1067 3378 etiam
1104 3334 1290 3394 supra
1326 3336 1395 3376 n:
1444 3322 1471 3376 1
1495 3324 1526 3377 7
1545 3320 1603 3377 5.
1638 3319 1770 3376 331
1793 3361 1811 3392 ,
1866 3319 2004 3377 inde
2042 3319 2235 3394 gloria
2261 3321 2514 3394 gentium

406 3421 700 3498 significat
733 3422 1057 3497 genuinum
1094 3436 1300 3478 verum
1339 3419 1498 3495 quod
1535 3435 1609 3478 ex
1646 3418 1803 3476 bono
1841 3422 2061 3478 amoris
2073 3464 2090 3494 ,
2145 3421 2233 3477 ita
2269 3419 2507 3496 conjun-

405 3517 687 3581 ctionem*
707 3521 963 3580 illorum.
1046 3519 1229 3596 Apud
1274 3518 1545 3578 Eundem
1595 3516 1775 3592 „Est
1826 3537 1987 3597 opus
2031 3517 2308 3578 Jelzovae
2345 3516 2509 3590 Pax,

403 3629 463 3683 et
504 3619 682 3684 labor
716 3620 1023 3704 justitiae
1065 3619 1267 3701 quies,
1323 3627 1382 3681 et
1424 3617 1737 3680 securitas
1787 3638 1985 3698 usque
2029 3618 2100 3680 in
2152 3626 2471 3679 aeternum
2485 3634 2510 3686 ;

403 3728 477 3781 ut
510 3721 746 3783 habitet
767 3719 1052 3800 populus
1089 3740 1266 3782 meus
1303 3719 1374 3780 in
1411 3715 1771 3780 habitaculo
1807 3718 2039 3795 Pacis,
2105 3725 2164 3779 et
2202 3719 2273 3779 iu
2322 3724 2506 3780 tento-

404 3819 533 3881 riis
570 3820 1017 3896 securitatum,
1076 3827 1136 3882 et
1170 3824 1238 3882 in
1281 3819 1596 3900 quietibus
1633 3816 2051 3898 tranquillis“
2092 3819 2364 3880 XXXII:
2411 3822 2506 3876 17.

417 3924 445 3979 1
465 3922 537 3996 83
587 3939 708 3997 pax
737 3921 948 3979 dicitur
983 3937 1135 3996 opus
1162 3921 1456 3996 Jehovae,
1492 3923 1634 3998 quia
1667 3923 1842 3980 unice
1879 3938 1917 3978 a
1941 3920 2219 3995 Domine,
2261 3927 2324 3979 et
2350 3933 2507 3978 omne

404 4020 564 4097 quod
600 4038 674 4079 ex
710 4037 863 4096 pace
892 4038 928 4078 a
963 4019 1220 4078 Domino
1263 4022 1464 4079 existit
1492 4022 1653 4099 apud
1691 4021 1826 4079 illos
1865 4023 1969 4104 qui
2000 4024 2062 4079 in
2100 4021 2503 4097 conjunctione

404 4139 539 4181 cum
584 4121 841 4180 Domino
886 4127 1054 4192 sunt,
1119 4127 1365 4180 vocatur
1411 4139 1561 4198 opus
1611 4121 1915 4197 Jehovae‚
1969 4122 2107 4181 inde
2159 4122 2373 4179 dicitur
2425 4122 2506 4176 est

404 4240 556 4299 opus
599 4223 870 4285 Jehovae
920 4239 1040 4297 pax
1055 4241 1070 4296 3
1125 4221 1292 4280 labor
1336 4223 1604 4298 justitiae
1650 4223 1946 4297 significat
1993 4222 2213 4282 bonum
2266 4221 2502 4295 conjun-
