2791 4778
377 375 607 434 CAPUT
662 377 981 436 SEXTUM.
1531 382 1548 397 ⁹
1764 377 1973 436 VERs=
2017 388 2072 442 2.
2231 391 2339 444 175

221 538 530 617 gnificatur
565 537 852 598 sensuale
891 539 1089 614 quoad
1124 556 1334 598 verum
1370 544 1432 598 et
1466 539 1667 616 quoad
1700 537 1917 598 bonum
1936 558 1951 614 ;
1988 557 2099 616 per
2133 538 2338 600 calca-

218 655 363 700 neos
401 641 540 715 equi
572 638 986 717 significantur
1022 638 1230 697 ultima
1264 638 1605 699 intellectus
1641 642 1774 698 veri
1811 646 1873 699 et
1905 639 2075 712 boni,
2133 646 2194 698 et
2227 658 2342 717 per

219 741 480 816 equitem
504 741 888 799 ratiocinatio
928 757 1004 800 ex
1029 738 1149 797 illis
1160 759 1178 815 3
1218 745 1280 798 et
1313 741 1455 816 quia
1488 740 1768 799 sensuale
1806 742 1865 799 in
1893 756 1962 800 se
1998 747 2339 816 spectatum

217 857 332 900 non
365 840 536 899 videt
566 857 714 899 vera
770 842 1051 915 quoniam
1099 857 1219 899 nou
1272 841 1435 916 capit
1470 840 1834 915 spiritualia,
1893 848 1954 899 et
1989 839 2125 900 inde
2162 841 2340 901 facile

213 943 274 1001 in
306 940 464 999 falsa
496 939 738 1009 labitur,
776 942 895 999 nisi
923 958 960 998 a
989 941 1246 999 Domino
1274 940 1500 1016 jugiter
1536 940 1612 998 ab
1649 940 1768 999 illis
1806 941 2162 1013 detineatur,
2199 941 2339 1001 ideo

216 1042 451 1115 dicitur,
490 1046 553 1100 et
586 1040 761 1100 cadet
799 1056 986 1117 eques
1025 1041 1156 1116 ejus
1191 1046 1557 1110 retrorsum,
1595 1041 1851 1100 salutem
1886 1049 2052 1100 tuam
2087 1048 2339 1117 expecto

215 1140 521 1202 Jehovahe
573 1141 734 1217 quod
768 1158 879 1216 per
907 1141 1140 1199 Danem
1176 1140 1586 1217 significentur
1624 1141 1831 1200 ultima
1857 1142 2203 1215 Ecclesiae,
2241 1143 2338 1201 vi-
2453 1182 2472 1190 κ

215 1240 426 1303 deatur
465 1259 531 1299 n:
578 1243 787 1300 1710.
835 1242 1047 1300 6396.
1093 1241 1368 1300 10335:
1426 1241 1585 1317 quod
1619 1260 1729 1319 per
1763 1248 2109 1319 serpentem
2147 1243 2336 1319 signi-

212 1342 423 1403 ficetur
462 1339 775 1411 sensuale,
829 1339 990 1418 quod
1024 1340 1297 1400 ultimum
1330 1342 1702 1417 intellectus,
1755 1361 1819 1400 n:
1866 1345 2078 1402 6398.
2124 1344 2336 1402 6949.

222 1443 405 1502 8624
451 1442 492 1501 f.
536 1442 796 1515 10313,
837 1447 898 1500 et
932 1458 1117 1517 supra
1150 1459 1223 1499 n:
1262 1443 1382 1499 70:
1439 1442 1601 1518 quod
1633 1460 1745 1520 per
1779 1444 1936 1501 viam
1972 1442 2341 1519 significetur

213 1559 442 1617 verum,
481 1560 554 1600 n:
597 1543 1008 1601 627.2333.
1050 1543 1310 1617 10422,
1352 1548 1413 1601 et
1447 1559 1634 1619 supra
1667 1561 1737 1602 n=
1781 1546 1891 1602 97:
1932 1549 1994 1601 et
2035 1543 2196 1619 quod
2228 1560 2340 1619 per

217 1642 567 1702 calcaneum
599 1641 969 1718 significetur
1005 1640 1277 1700 ultimum
1313 1643 1619 1713 naturale,
1661 1661 1772 1704 seu
1808 1643 2080 1702 naturale
2118 1661 2337 1720 corpo-

215 1759 406 1817 reum,
466 1760 544 1801 n:
598 1744 762 1801 259.
819 1743 1009 1800 4938
1050 1758 1191 1818 seq:
1249 1742 1392 1818 quid
1442 1743 1760 1816 sensuale,
1819 1750 1882 1802 et
1936 1743 2145 1819 quales
2192 1759 2337 1803 seu-

215 1843 415 1903 snales
453 1842 725 1901 homines
760 1844 821 1901 iu
848 1850 1099 1917 utroque
1134 1858 1336 1916 sensu,
1375 1843 1653 1903 videatur
1679 1847 1740 1903 iu
1774 1845 2100 1903 DocmeA
2123 1843 2337 1903 Nova

216 1943 723 2016 Hmnosonvmsn,
763 1961 819 2001 n:
860 1944 968 1999 50.
1003 1942 1185 2018 Apud
1214 1942 1562 2003 Sachariam
1603 1941 1907 2020 „Su-stuli
1931 1940 2145 2005 oculos
2172 1961 2341 2003 meos

216 2047 273 2104 et
316 2042 466 2105 vidi
478 2085 498 2117 ,
554 2059 698 2104 cum
740 2061 871 2102 ecce
918 2046 1194 2120 quatuor
1233 2040 1478 2105 Currus
1515 2050 1813 2105 exeuntes
1851 2045 1928 2103 ab
1975 2045 2141 2103 inter
2174 2043 2340 2104 duos

214 2151 452 2206 montes
469 2188 485 2215 ,
529 2150 589 2203 et
633 2149 872 2203 montes
911 2149 1093 2204 erant
1120 2149 1361 2204 montes
1388 2143 1560 2205 amis
1578 2165 1598 2204 .·
1634 2143 1723 2204 ad
1752 2143 2027 2205 Currum
2054 2144 2343 2223 primum

218 2242 390 2325 Equi
426 2244 586 2326 rufi,
642 2242 732 2303 ad
770 2241 1045 2305 carrum
1088 2242 1433 2305 secandum
1468 2242 1649 2322 Equi
1680 2243 1890 2324 niyri,
1938 2242 2028 2303 ad
2064 2240 2341 2305 Uarrum

221 2347 478 2410 tertium
519 2344 700 2425 Equi
733 2342 867 2406 albi
877 2389 893 2419 ,
947 2349 1006 2405 et
1057 2342 1148 2405 ad
1185 2343 1462 2407 Currum
1504 2350 1806 2424 quamtum
1839 2342 2021 2422 Equi
2059 2337 2335 2423 grandi·-

221 2448 384 2524 nati,
434 2446 715 2509 robusti:
781 2445 961 2507 dimit
994 2443 1316 2524 Anyelus,
1371 2444 1443 2506 hi
1494 2451 1767 2524 quatuor
1804 2443 1976 2505 venti
2031 2440 2342 2504 coelorum

227 2553 516 2609 exeuntes
551 2567 594 2609 a
632 2546 863 2609 stando
885 2546 1093 2629 juxta
1128 2545 1495 2607 Dominum
1546 2544 1745 2606 totius
1805 2550 2046 2607 imae.-
2108 2545 2180 2604 in
2217 2561 2339 2622 quo

223 2646 372 2727 equi
407 2647 614 2729 nigri,
666 2653 966 2709 exeuntes
1017 2646 1087 2708 in
1130 2654 1368 2708 termam
1415 2645 1901 2725 septentrioniae
1955 2649 2015 2705 et
2054 2640 2188 2705 albi
2220 2661 2339 2705 ex-

220 2746 468 2811 iverant
486 2755 644 2829 post
672 2768 808 2814 eos.
846 2753 906 2807 et
938 2746 1323 2828 grandinati
1364 2745 1698 2807 exivemnt
1734 2746 1802 2807 in
1842 2753 2079 2808 termam
2105 2745 2338 2820 austri,

219 2852 279 2910 et
313 2849 562 2912 robusti
610 2849 943 2911 exiverunt
995 2852 1056 2907 et
1093 2847 1540 2926 quaesiverunt
1574 2846 1670 2909 ire
1719 2846 1809 2907 ad
1861 2845 2345 2928 perayrandum

220 2953 487 3011 terram.-
553 2955 615 3011 et
658 2948 860 3020 dixit,
913 2947 1059 3009 vide
1096 2955 1391 3009 exeuntes
1453 2947 1543 3008 ad
1586 2953 1823 3008 terram
1873 2945 2337 3028 septentrionis,

217 3049 525 3127 quiescere
541 3051 831 3129 fecerunt
869 3047 1173 3128 spiritum
1199 3066 1406 3109 meam
1442 3047 1514 3108 in
1554 3054 1724 3109 terra
1763 3047 2207 3128 septentrionis
2222 3068 2243 3108 .·
2281 3052 2342 3108 et

218 3144 552 3231 longinqui
586 3149 857 3225 vmient,
911 3154 971 3210 et
1014 3145 1439 3227 aedificabunt
1481 3147 1551 3208 in
1583 3145 1841 3228 Templo
1868 3148 2188 3210 Jelzovaffl
2228 3146 2336 3208 VI:

228 3251 255 3309 1
299 3252 377 3310 ad
423 3254 481 3311 8.
529 3256 558 3309 1
581 3251 659 3327 53
712 3250 826 3310 hoc
862 3228 1277 3328 propheticum
1314 3266 1431 3307 non
1467 3249 1817 3326 intelligitur
1854 3249 1928 3308 ab
1967 3250 2187 3326 aliquo,
2226 3248 2342 3305 nisi

220 3352 449 3411 sciatur
482 3352 628 3433 quid
664 3350 1000 3428 significant
1039 3348 1264 3410 Currus
1304 3355 1364 3408 et
1399 3350 1585 3426 Equi,
1643 3359 1703 3409 et
1742 3349 1884 3426 quid
1918 3350 2194 3421 rubrum,
2246 3349 2342 3404 ni-

221 3466 418 3527 grum,
463 3451 698 3526 album,
749 3451 1167 3528 grandinatum
1203 3456 1262 3508 et
1297 3449 1644 3520 robustum,
1697 3456 1822 3509 tum
1857 3449 2001 3524 quid
2044 3455 2204 3507 terra
2238 3461 2342 3504 se-

221 3553 571 3626 ptentrionis
616 3558 676 3611 et
709 3558 872 3611 terra
907 3552 1128 3626 austri3
1185 3552 1382 3626 agitur
1415 3550 1498 3609 ibi
1533 3550 1607 3609 de
1642 3548 1917 3608 Ecclesia
1950 3543 2342 3625 propaganda

224 3652 379 3727 apud
429 3652 565 3711 illos
627 3654 731 3727 qui
776 3650 1033 3709 nondum
1082 3652 1143 3709 ln
1192 3650 1395 3725 aliqua
1443 3649 1580 3710 luce
1627 3651 1757 3708 veri
1793 3655 1990 3721 erant,
2047 3648 2190 3722 quia
2224 3662 2341 3703 non

221 3749 556 3811 habuerunt
592 3751 887 3826 Verbum3
944 3768 1053 3826 per
1102 3753 1570 3825 septentrionem
1621 3749 1974 3823 intelligitur
2019 3746 2341 3806 obscurum

224 3854 345 3911 veri
382 3852 546 3929 quod
580 3851 734 3923 illis,
790 3869 902 3928 per
939 3857 1207 3908 austrum
1246 3848 1474 3908 clarum
1510 3852 1669 3920 veri,
1721 3866 1832 3926 per
1878 3848 2080 3924 Equos
2116 3842 2339 3908 intelli-

225 3953 380 4027 gitur
410 3952 752 4011 intellectus
789 3969 1026 4028 eorum5
1064 3968 1173 4027 per
1207 3950 1483 4026 rubrum,
1523 3953 1783 4027 nigrum,
1822 3948 2024 4009 album
2060 3955 2120 4009 et
2156 3967 2339 4027 gran·
2383 3963 2543 4026 [462]

226 4049 518 4121 dinatum,
584 4052 935 4129 intelligitur
987 4050 1163 4127 quale
1219 4051 1350 4128 ejus
1406 4052 1467 4108 in
1518 4051 1815 4127 principio
1869 4057 1929 4110 et
1981 4049 2163 4133 quale
2208 4050 2340 4126 ejus

225 4160 469 4231 postea3
524 4168 638 4230 per
671 4152 869 4213 rufum
921 4151 1099 4228 quale
1149 4151 1492 4212 intellectus
1530 4168 1736 4211 eorum
1792 4150 1990 4226 quoad
2024 4151 2248 4210 bonum
2282 4151 2345 4208 in

226 4253 536 4330 principio,
576 4270 688 4328 per
721 4254 956 4331 nigrum
991 4251 1168 4329 quale
1205 4251 1548 4311 intellectus
1579 4269 1785 4311 eorum
1821 4249 2018 4326 quoad
2046 4266 2256 4310 verum
2282 4249 2344 4305 in
