2791 4778
467 348 579 403 496
832 334 1328 393 APOCALYPSIS
1372 333 1805 391 EXPLICATA.
1887 334 1932 401 §-
1976 341 2103 396 412,

466 506 527 560 et
566 493 883 559 benedicat
944 494 1150 571 nobis,
1224 492 1547 557 illuminet
1591 493 1807 573 facies
1857 510 2013 553 suae
2063 491 2299 554 ηοότῖθα
2351 495 2575 558 Psalm:
2641 551 2642 560 ,

466 597 728 659 LXVII:
772 599 842 673 23
896 613 1008 674 per
1035 596 1232 657 lucem
1268 597 1554 654 facierum
1582 595 1857 655 Jehovae
1885 609 1993 653 seu
2025 593 2274 654 Domini
2302 597 2575 676 intelligi·
2643 619 2644 632 ¹

467 706 563 759 tur
601 697 887 756 Divinum
919 696 1150 756 Verum
1189 714 1265 755 ex
1299 697 1519 756 Divino
1554 687 1810 769 Amore,
1866 699 1935 753 ut
1967 710 2182 770 supra,
2226 704 2289 756 et
2322 697 2461 757 inde
2492 701 2578 757 in·
2645 727 2646 730 ¹

468 798 800 875 telligentia
836 802 896 856 et
935 799 1261 874 sapientia,
1317 814 1456 855 nam
1494 814 1567 855 ex
1603 796 1826 854 Divino
1873 793 2034 852 Vero
2084 810 2197 854 seu
2247 815 2322 855 ex
2363 796 2574 858 Divina

468 900 634 958 Luce
672 899 731 955 in
773 895 971 956 Coelis
1011 904 1104 956 est
1143 900 1332 955 omnis
1368 897 1763 973 intelligentia
1801 900 1861 953 et
1895 896 2199 969 sapientia
2232 903 2347 956 tam
2373 898 2570 975 Ange·
2649 923 2650 930 ι

469 1001 545 1059 lis
597 1016 776 1075 quam
821 997 1192 1073 hominibus3
1247 995 1384 1055 inde
1433 1014 1544 1073 per
1603 995 1936 1054 illuminare
1986 995 2172 1054 facies
2219 997 2409 1071 nobis,
2461 1015 2573 1074 per
2653 1069 2654 1072 Ἴ

469 1100 682 1159 tollere
718 1115 904 1173 super
942 1114 1050 1157 nos
1087 1097 1287 1156 lucem
1322 1098 1610 1156 facierum
1654 1103 1925 1169 tuarum,
1980 1101 2040 1152 et
2090 1113 2199 1171 per
2245 1098 2438 1156 facere
2469 1097 2565 1156 lu·
2655 1157 2656 1164 ,

471 1217 610 1259 cere
647 1199 833 1256 facies
870 1203 1039 1273 tuas,
1082 1199 1143 1255 in
1177 1198 1296 1256 illis
1326 1197 1496 1272 locis,
1536 1196 1903 1272 significatur
1936 1193 2241 1256 illustrare
2279 1199 2343 1256 in
2367 1197 2575 1256 Divino

176 1375 179 1380 1
473 1300 666 1375 Vero,
722 1316 793 1357 ac
836 1299 1058 1358 donare
1100 1297 1493 1375 intelligentia
1539 1304 1599 1356 et
1639 1297 1953 1372 sapientia.
2036 1294 2239 1357 Simile
2278 1297 2575 1375 significa-

273 1408 434 1470 [6⁷1]
476 1407 574 1459 tur
608 1402 669 1457 in
705 1398 1128 1458 Benedictione
1165 1398 1419 1457 filiorum
1453 1397 1726 1466 IsraeliS,
1759 1395 1920 1473 apud
1944 1395 2156 1454 Mosen
2187 1396 2582 1472 „Benedicat

474 1499 591 1561 tibi
637 1497 951 1574 Jehovah,
1031 1505 1092 1559 et
1146 1497 1471 1559 custodiat
1530 1502 1617 1572 te,
1690 1493 2011 1556 illuminet
2051 1494 2336 1558 Jehovah
2371 1497 2582 1577 facies·

473 1618 630 1660 suas
667 1616 856 1679 super
890 1603 949 1658 te
982 1605 1042 1659 et
1076 1597 1456 1659 misereatur
1489 1596 1590 1658 tui
1600 1617 1628 1668 ;
1665 1594 1854 1657 tollat
1877 1595 2160 1657 Jehovah
2179 1599 2398 1677 facies
2433 1618 2582 1660 suas

469 1717 659 1777 super
694 1705 779 1772 te,
827 1705 886 1758 et
923 1697 1028 1758 det
1069 1696 1185 1760 tibi
1219 1700 1495 1777 pacem“
1541 1697 1731 1757 Num:
1779 1697 1900 1756 VI:
1935 1699 2071 1755 24.
2128 1700 2240 1758 25.
2296 1703 2425 1774 263
2480 1717 2582 1776 per

471 1800 806 1859 illuminare
860 1798 1044 1858 facies
1098 1804 1160 1856 et
1207 1799 1507 1871 misereri,
1588 1798 1956 1875 significatur
2004 1797 2310 1858 illustrare
2367 1799 2582 1859 Divino

470 1899 633 1959 Vero
682 1905 743 1957 et
787 1899 1012 1957 donare
1060 1897 1455 1973 intelligentia
1495 1904 1555 1956 et
1590 1901 1921 1975 sapientia3
1978 1915 2048 1956 ac
2085 1917 2196 1975 per
2232 1900 2446 1959 tollere
2486 1901 2578 1959 fa-

470 2003 593 2059 cie’s
646 2007 709 2059 et
752 1999 895 2059 dare
952 2017 1201 2076 pacem,
1284 1998 1651 2074 significatur
1711 2000 1961 2076 implere
2013 1997 2236 2059 Divino
2297 2000 2468 2060 Bono
2530 2005 2586 2060 et

471 2100 692 2160 donare
729 2117 961 2176 amore;
1024 2109 1345 2174 utrumque
1384 2102 1527 2173 erit,
1580 2106 1646 2158 ut
1680 2100 1857 2159 homo
1899 2101 2130 2176 sapiat3
2186 2116 2384 2159 omnes
2424 2102 2587 2161 enim

473 2207 853 2278 quotcunque
904 2208 1043 2260 sunt
1085 2203 1147 2259 in
1197 2200 1421 2259 Mundo
1474 2200 1805 2276 spirituali,
1868 2200 2276 2261 illuminantur
2323 2218 2362 2260 a
2416 2200 2587 2260 Luce

473 2319 626 2378 quae
676 2318 712 2360 a
747 2302 1002 2361 Domino
1050 2307 1117 2359 ut
1164 2301 1338 2371 Sole,
1390 2299 1501 2359 sed
1551 2317 1743 2377 usque
1792 2300 1877 2359 illi
1915 2302 2029 2360 soli
2079 2301 2492 2378 intelligentes
2533 2306 2589 2361 et

470 2405 776 2480 sapientes
825 2402 1000 2478 fiunt,
1065 2407 1169 2480 qui
1208 2402 1386 2461 simul
1432 2404 1492 2459 in
1545 2419 1747 2460 amore
1796 2409 1966 2475 sunt,
2040 2404 2322 2478 quoniam
2367 2404 2594 2462 bonum

471 2504 628 2580 quod
665 2512 756 2562 est
792 2507 1009 2579 amoris
1050 2506 1265 2580 recipit
1305 2520 1549 2575 verum,
1594 2503 2035 2579 conjunguntur
2068 2505 2224 2561 enim
2261 2506 2403 2579 quia
2441 2521 2593 2563 con-

472 2605 720 2663 cordant
755 2612 816 2663 et
850 2612 1051 2664 amant
1087 2621 1153 2664 se
1193 2610 1431 2676 mutu03
1488 2620 1671 2678 quare
1724 2601 1811 2661 illi
1863 2604 1977 2661 soli
2029 2603 2232 2662 vident
2285 2591 2496 2664 Solem
2530 2605 2595 2661 in

473 2703 686 2778 Coelo,
758 2709 860 2781 qui
911 2709 973 2765 in
1020 2721 1220 2764 amore
1271 2710 1437 2777 sunt,
1493 2702 1709 2778 reliqui
1761 2703 1936 2762 modo
1987 2704 2182 2762 lucem
2198 2723 2216 2780 3
2298 2705 2594 2776 misereri,

471 2806 630 2879 quod
665 2806 877 2865 dicitur
920 2808 993 2865 de
1027 2806 1458 2865 illuminatione
1495 2803 1798 2878 facierum,
1840 2806 1904 2862 in
1942 2803 2146 2863 Verbo
2190 2806 2372 2863 etiam
2407 2820 2591 2881 prae·

471 2903 703 2961 dicatur
739 2905 813 2963 de
854 2924 1029 2979 vero,
1087 2912 1147 2964 et
1184 2924 1305 2982 pax
1344 2921 1501 2980 quae
1537 2904 1751 2962 dicitur
1786 2904 1860 2963 de
1898 2904 2232 2963 elevatione
2280 2906 2586 2974 facierum,

468 3003 853 3078 praedicatur
887 3005 961 3062 de
989 3005 1165 3062 bono,
1224 3004 1522 3078 Quoniam
1556 3003 1811 3063 Divinus
1846 3005 2088 3063 Domini
2115 3005 2301 3064 Amor
2339 3006 2586 3082 apparet

468 3109 533 3185 ut
571 3100 674 3161 Sol
722 3105 783 3160 in
836 3102 1050 3177 Coelo,
1110 3110 1171 3161 et
1205 3102 1342 3160 inde
1390 3109 1483 3161 est
1518 3102 1652 3162 Lux
1685 3103 1798 3173 ibi,
1843 3104 1980 3163 ideo
2027 3103 2408 3179 „Dominus
2445 3119 2575 3164 cum

469 3202 974 3281 transformatus
1016 3207 1111 3262 est
1150 3220 1364 3261 coram
1389 3200 1611 3277 Petro,
1650 3202 1882 3264 Jacobo
1920 3209 1980 3263 et
2014 3203 2334 3281 Johanne,
2373 3200 2571 3284 splen-

362 3338 389 3365 ·
468 3300 615 3363 duit
641 3302 855 3382 facies
905 3301 1132 3382 Ipsius
1180 3301 1348 3364 sicut
1401 3299 1549 3379 Sol,
1603 3309 1664 3364 et
1685 3304 2083 3365 evestimenta
2123 3303 2353 3384 Ipsius
2396 3304 2580 3385 saeta

468 3409 620 3466 sunt
673 3403 842 3465 sieut
892 3402 1106 3465 Luem
1172 3404 1397 3463 Matth=
1433 3403 1652 3464 XVII:
1701 3409 1780 3464 2:
1844 3412 1905 3464 et
1949 3423 2186 3481 quoque
2240 3423 2375 3466 cum
2418 3407 2580 3464 visus

469 3511 563 3564 est
609 3505 874 3566 Johanni
926 3502 1196 3582 „fulsit
1236 3504 1451 3585 facies
1511 3503 1738 3582 Ipsius
1794 3504 1963 3566 sicut
2019 3503 2133 3566 Sol
2184 3505 2258 3567 in
2296 3501 2584 3585 potentia

468 3608 640 3667 sua“
695 3600 996 3682 Ap0021:
1046 3610 1164 3683 163
1228 3622 1339 3682 per
1385 3606 1749 3664 vestimenta
1794 3622 1949 3682 quae
2014 3607 2176 3665 facta
2230 3614 2372 3666 sunt
2433 3606 2587 3664 sieut

466 3707 633 3779 Lux,
689 3706 1056 3782 significatur
1085 3707 1368 3766 Divinum
1404 3705 1664 3780 Verum,
1712 3723 1851 3764 nam
1889 3708 2251 3766 vestimenta
2285 3710 2348 3765 in
2384 3702 2592 3765 Verbo

471 3805 806 3882 significant
841 3823 1078 3879 verum,
1138 3810 1197 3862 et
1231 3804 1343 3863 hoc
1386 3823 1462 3863 ex
1497 3822 1707 3882 causa,
1776 3808 1917 3882 quia
1951 3823 2159 3865 omnes
2211 3800 2437 3884 Angeli
2477 3820 2592 3863 ve-

465 3908 727 3965 stiuntur
769 3922 806 3963 a
843 3906 1096 3964 Domino
1132 3905 1462 3963 secundum
1518 3908 1924 3984 receptionem
1959 3906 2163 3965 Divini
2205 3906 2357 3966 Veri
2370 3927 2388 3983 3
2451 3908 2598 3965 sunt

468 4023 704 4083 quoque
746 4004 969 4064 Vestes
1023 4022 1227 4064 eorum
1279 4021 1351 4063 ex
1410 4006 1574 4066 Luce
1637 4008 1823 4084 coeli,
1894 4006 2033 4067 inde
2086 4006 2485 4084 splendentes
2539 4008 2604 4064 et

467 4105 784 4178 candidae,
854 4111 914 4163 et
972 4104 1101 4163 Lux
1157 4105 1310 4163 coeli
1354 4112 1476 4176 est,
1551 4114 1618 4165 ut
1667 4108 1924 4183 dictum,
1988 4107 2273 4166 Divinum
2327 4106 2602 4179 Verum;

461 4200 600 4255 inde
637 4208 903 4275 constat,
964 4204 1119 4261 unde
1163 4209 1255 4262 est
1292 4206 1453 4279 quod
1492 4205 1872 4267 Vestimenta
1907 4208 2181 4285 Domini,
2225 4225 2364 4267 cum
2390 4214 2603 4267 trans-
