2791 4778
400 376 631 433 CAPUT
672 376 985 435 SEXTUM.
1780 377 1991 434 VERS:
2035 389 2088 442 4·
2247 391 2356 444 225

239 538 374 599 solo
412 537 723 608 Jehovah‚
774 537 889 597 hoc
935 544 1058 612 est,
1112 537 1371 597 Domino
1419 541 1538 611 est,
1600 541 1663 597 et
1711 539 1772 597 in
1818 538 2093 599 faciendo
2138 540 2360 603 bonum

238 638 315 698 ab
349 639 530 716 Ipso,
584 638 720 697 ideo
756 638 1002 707 dicitur,
1054 636 1335 697 Jehovah
1391 637 1642 714 dispone
1694 655 1908 715 pacem
1953 639 2156 717 nobis,
2221 660 2360 703 nam

237 742 444 800 omnia
476 754 666 815 opera
701 744 907 797 nostra
940 744 1225 814 operatus
1261 753 1329 796 es
1366 737 1556 796 nobie.
1624 738 1806 816 Apud
1842 740 2114 799 Eundem
2165 740 2356 816 „An-

232 836 367 919 qeli
400 837 601 918 pacis
648 856 866 898 amare
893 836 1058 917 flent
1073 881 1089 912 ‚
1134 836 1508 897 devastatae
1555 845 1707 899 cunt
1753 839 2031 915 semitae,
2083 841 2358 903 cessavit

232 938 565 1000 wana-iens
590 938 812 998 viam“
852 938 1161 997 XXXIII:
1207 944 1266 997 7.
1303 941 1376 1012 83
1433 940 1575 1015 quia
1607 957 1725 1015 pax
1766 945 1860 998 est
1888 958 1925 998 a
1958 941 2216 1000 Domino
2228 987 2246 1016 ,
2295 948 2358 1002 et

233 1043 292 1099 in
331 1039 527 1099 Coelo
566 1038 641 1096 ab
675 1038 850 1115 Ipso,
904 1038 1040 1097 ideo
1077 1037 1294 1114 Angeli
1339 1036 1424 1096 ibi
1467 1045 1755 1098 vocantur
1792 1040 2006 1117 Angeli
2040 1043 2237 1118 pacis:
2296 1048 2358 1102 et

232 1142 372 1217 quia
410 1138 585 1198 nulla
619 1156 739 1214 pax
774 1138 893 1197 illis
932 1145 1026 1196 est
1065 1140 1165 1215 qui
1198 1140 1260 1196 in
1293 1141 1455 1196 terra
1488 1141 1548 1197 in
1581 1138 1756 1198 malis
1792 1146 1931 1198 sunt
1967 1145 2026 1199 et
2060 1141 2197 1200 inde.
2234 1142 2350 1202 sal-

229 1243 348 1315 sis,
406 1239 551 1298 ideo
587 1238 803 1296 dicitur
839 1237 997 1314 quod
1023 1256 1222 1296 amare
1258 1238 1473 1313 fleant,
1511 1241 1653 1315 quia
1688 1240 2041 1299 devastatae
2077 1247 2214 1300 sunt
2249 1259 2352 1303 se-

228 1343 454 1414 mitae,
533 1341 797 1398 cessavit
851 1340 1146 1397 transiens
1205 1339 1394 1413 viam3
1467 1340 1720 1398 semitae
1767 1349 1830 1398 et
1878 1342 1979 1399 via
2019 1342 2356 1418 significant

226 1441 388 1501 bona
428 1442 595 1498 vitae
631 1445 692 1497 et
725 1455 870 1497 vera
904 1439 1041 1497 fidei
1061 1458 1075 1513 3
1133 1455 1317 1515 quare
1355 1437 1705 1497 devastatae
1730 1442 1984 1499 semitae
2020 1441 2354 1518 significant

228 1542 392 1619 quod
434 1557 558 1599 non
593 1538 851 1615 amplius
888 1538 1047 1597 bo‘na
1080 1540 1267 1609 vitae,
1325 1544 1385 1596 ct
1420 1541 1684 1598 cessavit
1728 1542 2026 1601 transiens
2061 1543 2222 1600 viam
2262 1544 2350 1600 si-

227 1643 482 1719 gnificat
529 1656 642 1699 nec
704 1639 960 1715 amplius
1011 1656 1157 1697 vera
1212 1638 1369 1698 fidei.
1464 1639 1647 1716 Apud
1705 1641 1973 1700 Eundem
2036 1638 2355 1716 „Utinam

228 1737 675 1803 auscultas-ses
717 1738 1074 1818 praecepti-s·
1109 1738 1298 1809 meio,
1364 1743 1425 1798 et
1446 1739 1688 1819 futura
1722 1739 1971 1820 fuisset
2006 1739 2177 1802 sicut
2207 1738 2348 1819 flu-

228 1842 374 1903 vius
400 1858 553 1919 pax
578 1845 725 1914 tua,
775 1845 837 1899 et
843 1838 1118 1921 justitia
1153 1845 1266 1900 tua
1303 1838 1732 1917 sicutfluctus
1757 1840 1996 1901 maris.-
2046 1859 2171 1902 non
2184 1859 2351 1920 pax,

226 1942 446 2021 inquit
495 1938 808 2009 Jekovah,
861 1938 1135 2018 impiis“
1180 1939 1479 1998 XLVIII:
1528 1941 1632 1998 18.
1693 1944 1779 1998 22
1802 1962 1818 2017 ;
1876 1943 2016 2016 quia
2062 1941 2180 2000 illis
2229 1959 2352 2018 pax

229 2049 324 2101 est
373 2042 481 2118 qui
517 2043 724 2098 vivunt
759 2039 1088 2099 secundum
1127 2045 1459 2115 praecepta
1504 2041 1772 2110 Domini,
1825 2046 1885 2099 et
1929 2058 2049 2099 non
2092 2040 2209 2100 illis
2248 2044 2349 2118 qui

227 2160 347 2200 non
384 2142 618 2214 vivunt,
657 2140 790 2198 ideo
828 2140 1060 2207 dicitur,
1095 2141 1319 2197 utinam
1349 2140 1762 2199 auscultasscs
1800 2142 2138 2218 praeceptis
2176 2144 2346 2215 meiS,

226 2250 291 2299 et
324 2243 535 2300 sutura
567 2240 783 2298 suisset
823 2257 943 2316 pax
979 2247 1085 2297 tua
1120 2242 1275 2299 sicut
1310 2241 1563 2314 fluviuS,
1620 2257 1738 2297 non
1777 2258 1895 2316 pax
1949 2242 2174 2315 impiis3
2228 2258 2351 2317 pax

231 2344 394 2402 sieut
434 2341 651 2399 fluvius
690 2339 985 2416 significat
1032 2342 1092 2399 in
1127 2339 1518 2417 abundantia:
1564 2341 1802 2417 justitia
1833 2358 1991 2416 quae
2035 2340 2190 2399 sicut
2233 2340 2351 2399 flu-

236 2449 371 2500 ctus
413 2443 591 2500 maris
626 2440 920 2516 significat
945 2440 1459 2500 fructificationem
1492 2441 1632 2498 boni
1659 2458 1768 2516 per
1796 2457 1969 2514 vera,
2013 2440 2253 2517 justitia
2286 2442 2350 2498 in

239 2540 449 2597 Verbo
491 2541 699 2600 dicitur
751 2540 825 2598 de
875 2541 1062 2615 bon0‚
1119 2559 1189 2600 ac
1239 2559 1404 2599 mare
1458 2541 1546 2601 de,
1579 2542 1760 2599 veris.
1841 2539 2024 2617 Apud
2071 2540 2347 2599 Eundem

238 2637 542 2715 „Montes
574 2639 853 2701 recedent
891 2646 951 2700 et
978 2638 1164 2701 colles
1200 2640 1692 2710 dimovebantur,
1745 2638 1858 2700 sed
1901 2637 2350 2701 misericordia

230 2759 374 2800 mea
409 2757 453 2800 a
482 2748 682 2802 tecum
719 2759 844 2800 non
878 2741 1117 2802 recedet
1129 2761 1158 2814 ,·
1198 2740 1440 2822 foedus
1481 2738 1668 2819 pacis
1689 2758 1873 2824 ‚meae
1908 2758 2033 2800 non
2069 2736 2348 2800 dimove-

228 2841 421 2901 bitur.
483 2840 714 2902 Omnes
730 2837 869 2920 filia·
894 2841 995 2901 tui
1021 2840 1191 2902 docti
1226 2859 1271 2900 a
1298 2838 1612 2915 Jehovah,
1664 2845 1725 2900 et
1758 2837 1963 2901 multa
1994 2859 2133 2921 pax
2162 2838 2350 2922 filio·-

228 2960 374 3001 rum
423 2944 726 3002 tuorum“
771 2940 942 3000 LIV:
1004 2943 1110 2999 10.
1168 2943 1290 3016 133
1346 2943 1543 3017 agitur
1588 2942 1669 3000 ibi
1726 2941 1799 3000 de
1843 2959 1999 3001 novo
2056 2940 2242 3002 Coelo
2291 2947 2353 3001 et

230 3041 304 3098 de
343 3059 505 3099 nova
539 3041 829 3115 Ecclesia,
869 3043 1038 3118 prius
1077 3040 1323 3100 Coelum
1369 3046 1429 3100 et
1464 3043 1626 3117 prior
1659 3042 1950 3117 Ecclesia,
1990 3059 2145 3118 quae
2182 3043 2348 3118 peri-

227 3148 399 3212 tura,
457 3140 809 3217 intelligitur
853 3158 964 3217 per
1008 3147 1237 3200 montes
1286 3141 1569 3200 recedent
1615 3147 1674 3199 et
1718 3141 1902 3200 colles
1952 3141 2348 3200 dimovebim-

224 3247 327 3299 tur
342 3261 359 3316 3
418 3239 579 3316 quod
629 3241 714 3298 illi
752 3243 945 3316 quiin
1003 3258 1159 3299 novo
1213 3240 1398 3301 Coelo
1450 3247 1510 3300 et
1552 3243 1612 3299 in
1659 3241 1834 3300 Nova
1867 3241 2142 3300 Ecclesia
2178 3245 2353 3300 erunt

226 3343 288 3398 in
330 3340 492 3399 bono
531 3357 567 3397 a
601 3340 886 3414 Domino,
928 3346 989 3399 et
1032 3343 1120 3399 eis
1156 3341 1438 3417 gaudium
1487 3341 1753 3400 coeleste
1800 3343 1859 3398 in
1896 3347 2203 3400 aeternum
2237 3356 2351 3416 per

226 3441 710 3517 conjunctionem
748 3457 880 3497 cum
915 3441 1209 3510 Domino,
1244 3441 1610 3518 significatur
1639 3459 1750 3516 per
1773 3437 2180 3498 Misericordia
2213 3455 2350 3497 mea

232 3557 269 3597 a
306 3546 509 3600 tecum
544 3557 662 3599 non
698 3540 968 3611 recedet,
1019 3546 1080 3599 et
1116 3541 1328 3600 foedus
1363 3543 1535 3617 pacis
1574 3557 1745 3599 meae
1780 3555 1897 3595 non
1932 3536 2348 3612 dimovebitur,
2451 3576 2455 3580 Δ
2549 3563 2554 3567 ·

225 3640 638 3699 misericordia
661 3640 958 3716 significat
981 3639 1199 3698 bonum
1228 3658 1265 3697 a
1289 3640 1567 3708 Domino,
1596 3645 1656 3697 et
1691 3637 1899 3697 foedus
1926 3638 2095 3713 pacis
2117 3633 2347 3712 signifi-

225 3745 324 3797 cat
353 3739 639 3816 gaudium
667 3739 933 3799 coeleste
967 3757 1042 3799 ex
1079 3741 1494 3817 conjunctione
1531 3756 1665 3797 cum
1690 3738 1969 3807 Domin0,
2005 3736 2217 3796 foedus
2255 3743 2351 3796 est

220 3840 562 3917 conjunctio
576 3860 592 3915 3
644 3857 756 3916 per
803 3839 958 3899 filios
1010 3843 1111 3915 qui
1160 3841 1320 3899 docti
1357 3857 1394 3897 a
1425 3838 1731 3911 Jehovah,
1804 3844 1864 3897 et
1902 3836 2117 3913 quibus
2154 3837 2344 3897 multa

221 3955 364 4013 pax,
392 3939 804 4015 intelliguntur
841 3942 1027 4015 quiin
1053 3940 1225 3999 Novo
1265 3939 1449 4000 Coelo
1477 3945 1537 3998 et
1565 3940 1624 3995 in
1649 3938 1823 3997 Nova
1847 3937 2125 3998 Ecclesia
2147 3939 2205 3996 in
2235 3954 2344 3998 ve·

224 4039 306 4095 ris
344 4056 418 4096 ex
455 4039 611 4097 bono
651 4045 824 4098 erunt
862 4056 898 4096 a
933 4039 1219 4109 Domino,
1281 4040 1442 4115 quod
1487 4038 1605 4097 illis
1641 4037 1951 4098 beatitudo
1989 4044 2048 4097 et
2091 4039 2347 4098 felicitas

226 4145 473 4196 aeterna
485 4158 501 4213 3
541 4156 652 4214 per
686 4138 840 4197 filios
875 4141 937 4197 in
973 4140 1177 4199 Verbo
1215 4140 1625 4215 significantur
1662 4141 1765 4215 qui
1802 4141 1858 4198 in
1890 4141 2053 4198 veris
2083 4155 2155 4198 ex
2186 4138 2345 4196 bono

226 4245 391 4309 sunt3
432 4255 543 4313 per
578 4238 738 4314 quod
775 4239 932 4297 docti
960 4257 996 4298 a
1024 4239 1335 4309 Jchovah,
1371 4240 1745 4316 significatur
1783 4240 1944 4315 quod
1980 4241 2039 4297 in
2073 4239 2231 4296 veris
2270 4254 2343 4295 ex

324 4354 753 4406 Swedenborg,
786 4357 975 4408 Apocal.
1008 4358 1121 4409 cxpl.
1155 4358 1212 4395 11.
1931 4338 2009 4393 15
