2791 4778
456 356 697 414 CAPUT
738 356 1089 425 QUIN'I'Um.
1422 375 1430 383 ’
1804 415 1806 418 ,
1826 355 2006 411 VERS
2024 376 2037 409 ε
2083 366 2136 418 9.
2309 369 2414 422 101

300 519 618 592 admissae,
657 518 870 578 Passio
906 518 1100 578 crucis
1126 516 1326 593 Ipsius
1363 514 1475 576 fuit
1500 514 1710 576 ultima
1737 514 2016 576 Tentati‘o
2054 522 2115 576 et
2146 516 2419 595 plenaria

299 620 591 679 Victoria.
671 620 790 678 Per
838 618 1002 694 quod
1034 618 1367 694 portaverit
1416 618 1672 677 omnium
1707 623 1992 692 peccata,
2048 616 2418 694 significatur

299 720 465 798 quod
499 720 807 779 admiserit
839 721 901 777 in
939 716 1021 777 Se
1057 719 1254 777 omnia
1285 716 1528 776 Inferna
1564 733 1699 775 cum
1735 722 2033 786 tentatae,
2085 718 2222 777 inde
2257 722 2414 779 enim

298 823 500 879 omnia
534 826 791 898 peccata
844 834 953 877 seu
991 817 1149 876 mala
1183 816 1541 890 ascendunt,
1597 833 1667 875 ac
1703 818 1924 875 intrant
1972 824 2032 876 et
2081 824 2221 877 sunt
2254 819 2415 897 apud

296 921 630 995 hominem,
698 936 883 995 quare
935 936 1046 994 per
1098 917 1254 994 quod
1302 918 1634 993 portaverit
1693 916 1798 975 illa
1842 917 2209 993 significatur
2255 919 2416 995 quod

296 1020 610 1079 admiserit
640 1022 704 1079 in
739 1018 819 1080 Se
855 1018 1088 1077 inferna
1134 1036 1266 1076 cum
1302 1023 1594 1092 tentatus,
1652 1023 1712 1076 et
1753 1035 1864 1093 per
1899 1018 2057 1093 quod
2102 1019 2416 1080 sustulerit

296 1127 556 1198 peccata
589 1118 957 1197 significatur
995 1119 1156 1195 quod
1190 1117 1607 1194 subjugaverit
1643 1111 1911 1191 Inferna,
1968 1124 2034 1176 ut
2079 1119 2224 1178 inde
2252 1120 2414 1180 mala

294 1239 415 1280 non
443 1220 700 1297 amplius
736 1220 970 1295 possint
995 1234 1316 1295 assurgere
1352 1217 1517 1293 apud
1544 1217 1679 1276 illos
1717 1221 1818 1294 qui
1845 1224 2176 1294 agnoscunt
2201 1220 2412 1279 Domi-

295 1340 471 1393 num,
512 1337 583 1379 ac
619 1320 916 1396 recipiunt
948 1318 1176 1396 Ipsum,
1213 1318 1327 1376 hoc
1356 1323 1468 1388 est,
1501 1318 1787 1377 Divinum
1815 1318 2042 1377 Verum
2075 1320 2410 1396 procedens

300 1420 380 1479 ab
414 1421 558 1496 Ipso
592 1420 707 1479 fide
745 1427 806 1480 et
840 1421 995 1493 vita,
1053 1425 1114 1479 et
1165 1420 1254 1477 sic
1287 1419 1545 1477 Domino
1595 1418 1900 1495 conjuncti
1938 1425 2095 1477 sunt.
2173 1419 2411 1480 Dicitur

303 1520 467 1595 quod
500 1537 608 1595 per
642 1520 941 1578 redemisti
969 1520 1101 1579 Deo
1136 1536 1249 1577 nos
1281 1519 1342 1576 in
1379 1520 1668 1594 sanguine
1703 1525 1824 1593 tuo,
1861 1518 2227 1596 significetur
2261 1537 2406 1582 con·
2450 1526 2608 1598 [410]

295 1622 529 1698 junctio
562 1636 696 1679 cum
725 1605 937 1678 Divino
974 1638 1086 1697 per
1121 1620 1486 1694 agnitionem
1520 1618 1722 1695 Ipsius
1760 1626 1821 1678 et
1852 1623 2259 1696 receptionem
2295 1621 2407 1680 Di-

299 1722 425 1779 vini
460 1720 609 1779 Veri
645 1720 720 1778 ab
754 1719 917 1796 Ipso,
971 1726 1032 1779 et
1069 1721 1210 1795 quia
1244 1734 1430 1796 super
1463 1718 1575 1777 hoc
1611 1719 1892 1778 fundatur
1925 1720 2232 1796 Ecclesia,
2271 1722 2410 1782 volo

292 1823 506 1898 paucis
544 1820 761 1895 dicere,
802 1819 1096 1895 quomodo
1132 1819 1197 1877 fit
1232 1819 1570 1896 conjunctio
1605 1837 1717 1895 per
1751 1819 1879 1895 illa3
1932 1823 2280 1898 primarium
2316 1829 2411 1883 est

292 1938 625 1999 agnoscere
662 1921 1010 1994 Dominum,
1058 1918 1262 1996 Ipsius
1296 1919 1583 1977 Divinum
1629 1920 1689 1977 in
1723 1919 2032 1997 Humano,
2088 1939 2159 1980 ac
2196 1921 2407 1982 Omni-

291 2023 625 2099 potentiam
661 2020 863 2097 Ipsius
917 2018 1193 2079 salvandi
1232 2018 1438 2078 Genus
1486 2018 1839 2108 humanum,
1894 2038 2006 2097 per
2050 2021 2213 2081 illam
2250 2024 2408 2083 enim

291 2123 655 2199 agnitionem
694 2120 1074 2198 conjungitur
1108 2119 1284 2178 homo
1320 2118 1570 2189 Divino,
1621 2123 1896 2196 quoniam
1947 2120 2098 2201 alibi
2124 2123 2407 2182 Divinum

289 2240 408 2281 non
447 2228 569 2297 est,
625 2221 708 2280 ibi
744 2223 897 2279 enim
939 2227 1033 2279 est
1067 2220 1277 2292 Pater,
1335 2231 1473 2279 nam
1507 2221 1690 2279 Pater
1737 2228 1833 2280 est
1879 2224 1939 2279 in
1973 2221 2118 2298 Ipso
2167 2228 2228 2281 et
2259 2223 2406 2300 I-pse

288 2326 350 2382 in
377 2323 584 2400 Patre,
615 2328 682 2380 ut
707 2321 847 2400 Ipse
869 2321 1163 2380 Dominus
1193 2320 1383 2391 docet,
1414 2326 1782 2399 quapropter
1811 2324 1913 2397 qui
1938 2321 2099 2380 aliud
2125 2321 2407 2380 Divinum

281 2426 462 2500 juxta
487 2423 700 2499 Ipsum
738 2438 849 2481 seu
886 2441 925 2481 a
949 2423 1139 2482 latere
1168 2426 1476 2499 spectant,
1515 2428 1582 2480 ut
1610 2421 1807 2480 solent
1842 2421 1934 2480 illi
1959 2424 2058 2497 qm·
2086 2427 2259 2481 orant
2282 2423 2405 2481 Pa-

292 2530 443 2580 trem
470 2530 540 2580 ut
571 2525 921 2581 misereatur
957 2529 1206 2600 propter
1228 2522 1444 2581 Filium
1462 2566 1477 2595 ,
1516 2521 1579 2580 hi
1603 2521 1927 2581 deflectunt
1951 2539 1989 2580 a
2017 2525 2130 2598 via,
2171 2528 2231 2582 et
2255 2522 2405 2582 ado-

294 2628 433 2680 rant
458 2622 741 2679 Divinum
769 2622 910 2680 alibi
936 2640 1113 2698 quam
1141 2625 1202 2680 in
1220 2623 1382 2699 Ipso,
1424 2639 1494 2680 ac
1530 2628 1849 2698 praeterea
1883 2628 2021 2684 tunc
2055 2623 2202 2683 nihil
2236 2625 2403 2701 cogi-

291 2730 423 2781 tant
451 2723 526 2780 de
556 2723 775 2781 Divino
800 2722 1057 2794 Domini,
1088 2724 1196 2782 sed
1223 2723 1417 2781 solum
1445 2724 1520 2782 de
1546 2723 1843 2798 Human0,
1883 2742 2037 2800 quae
2061 2731 2406 2800 tamengion

288 2824 567 2899 separari
598 2828 867 2899 possunt,
907 2830 998 2882 est
1035 2826 1186 2883 enirn
1213 2823 1497 2881 Divinum
1533 2830 1595 2881 et
1620 2823 1961 2883 Humanum
1994 2843 2110 2884 non
2147 2825 2264 2884 duo
2296 2825 2407 2885 sed

285 2925 467 2982 unica
500 2916 802 2993 Persona,
850 2925 1168 3000 conjuncta
1214 2925 1371 2981 sicut
1405 2924 1622 2982 Anima
1656 2931 1717 2983 et
1754 2923 2017 3003 Corpus,
2073 2926 2405 2986 secundum

283 3025 636 3083 Doctrinam
672 3022 747 3082 ab
782 3023 1074 3082 Ecclesiis
1110 3029 1416 3099 receptam
1453 3041 1528 3083 ex
1562 3023 1708 3083 Fide
1744 3025 2181 3087 Athanasiana:
2219 3043 2404 3104 quare

282 3141 615 3200 agnoscere
643 3124 926 3182 Divinum
955 3126 1017 3181 in
1041 3124 1319 3181 Humano
1347 3124 1591 3183 Domini
1616 3141 1726 3183 seu
1751 3124 2036 3185 Divinum
2061 3127 2404 3186 Humanum

286 3230 381 3282 est
422 3225 774 3300 primarium
825 3223 1170 3293 Ecclesiae,
1218 3240 1330 3300 per
1374 3223 1536 3300 quod
1582 3224 1950 3304 conjunctim
2007 3234 2067 3287 et
2102 3230 2241 3302 quia
2274 3228 2402 3303 pri-

283 3325 573 3398 marium,
630 3328 724 3382 est
771 3325 950 3382 etiam
985 3326 1241 3399 primum
1277 3323 1622 3384 Ecclesiae:
1682 3329 1958 3400 quoniam
1994 3326 2109 3385 hoc
2142 3309 2402 3402 primum

281 3424 600 3484 Ecclesiae
639 3429 760 3496 est,
816 3422 951 3482 ideo
986 3423 1308 3497 Dominus,
1348 3441 1483 3483 cum
1519 3426 1578 3481 in
1614 3424 1834 3483 Mundo
1873 3427 2010 3496 fuit,
2050 3426 2226 3484 toties
2256 3424 2404 3482 dixit

282 3523 403 3581 illis
443 3540 592 3598 quos
644 3525 916 3592 sanavit,
968 3523 1240 3582 credisne
1279 3524 1438 3599 quod
1473 3523 1586 3583 hoc
1621 3527 1849 3600 possim
1884 3525 2111 3596 facere,
2169 3530 2229 3581 et
2265 3538 2401 3582 cum

285 3623 729 3698 responderunt
761 3623 923 3698 quod
947 3624 1287 3696 crederent,
1328 3624 1494 3694 dixit,
1529 3624 1633 3681 fiat
1660 3624 1986 3683 secundum
2010 3622 2187 3682 fidem
2214 3628 2398 3698 tuam,

284 3722 400 3778 hoc
436 3722 612 3780 toties
647 3721 822 3797 dixit,
880 3729 944 3781 ut
986 3726 1241 3799 primum
1289 3723 1628 3794 crederent,
1685 3724 1843 3798 quod
1887 3723 2016 3800 Ipsi
2059 3741 2135 3783 ex
2179 3723 2401 3784 Divino

281 3820 565 3879 Humano
596 3838 708 3880 suo
747 3830 910 3882 esset
945 3823 1167 3882 Divina
1199 3822 1664 3900 omnipotentia,
1705 3841 1841 3882 nam
1877 3823 2106 3901 absque
2143 3825 2250 3884 illa
2282 3824 2399 3884 fide

284 3937 408 3977 non
442 3920 708 3981 inchoari
742 3926 940 4000 potuit
968 3924 1271 3998 Ecclesia,
1312 3931 1372 3981 et
1400 3922 1630 3999 absque
1666 3924 1772 3982 illa
1804 3925 1921 3984 fide
1958 3942 2075 3984 non
2105 3926 2403 4002 conjuncti

279 4020 507 4078 Divino
539 4020 819 4093 fuissent,
856 4025 966 4083 sed
999 4027 1264 4102 separati
1301 4023 1376 4082 ab
1404 4023 1526 4099 illo,
1567 4028 1626 4083 et
1661 4026 1750 4084 sic
1788 4025 1930 4084 nihil
1963 4026 2106 4086 boni
2142 4025 2217 4084 ab
2255 4025 2399 4102 Ipso

279 4112 556 4198 recipere
589 4126 947 4200 potuissent.
1020 4126 1245 4184 Postea
1296 4124 1497 4183 docuit
1529 4124 1824 4185 Dominus
1863 4127 2157 4201 quomodo
2192 4124 2397 4183 salva-

277 4229 509 4297 rentur,
569 4223 733 4299 quod
767 4242 982 4301 nempe
1032 4226 1369 4302 reciperent
1404 4225 1685 4283 Divinum
1722 4225 1947 4286 Verum
1998 4225 2072 4284 ab
2107 4224 2276 4299 Ipso,
2338 4227 2399 4278 ct
