2791 4778
489 325 564 379 94
905 313 1399 370 APOCALYPSIS
1443 311 1879 372 EXPLICATA.
1964 313 2010 381 §.
2057 321 2187 374 326.

487 476 770 554 gaudium
823 474 1019 534 cordis
1054 477 1261 534 nostri.
1342 472 1527 551 Apud
1562 470 1948 531 Ezechielem
2010 515 2050 547 „
2073 468 2341 535 Cessare
2364 471 2652 554 faciam
2748 481 2751 500 ¹

489 574 830 655 strepitum
844 572 1252 635 Oantioorum
1276 579 1552 648 tuorum,
1579 577 1641 632 et
1666 589 1791 633 voco
1818 569 2216 635 eithwmm
2238 591 2370 636 non
2396 573 2650 637 audie·

490 683 599 737 tur
651 671 938 754 amplius
959 676 996 708 “
1054 673 1301 734 XXVI:
1351 675 1379 731 1
1401 673 1474 749 33
1542 674 1835 748 strepitus
1885 671 2268 733 Canticorum
2319 676 2653 752 significat

492 776 933 837 confessionum
979 773 1235 851 gaudia3
1308 790 1430 832 vox
1477 772 1840 831 cithararum
1889 772 2186 850 significat
2227 774 2514 836 laetitias
2571 794 2651 839 ex

492 878 653 935 veris
695 882 756 935 et
789 875 961 936 bonis
1000 873 1432 951 spiritualibus,
1487 871 1667 950 Apud
1704 871 2005 932 Davidem
2057 871 2398 947 „Jehovah
2438 875 2648 940 robur

489 994 719 1051 meum,
764 979 825 1034 et
859 973 1149 1056 adjuvor,
1196 969 1451 1035 exultat
1489 989 1596 1034 σον
1619 989 1859 1047 meum,
1907 979 1969 1034 et
1995 970 2257 1032 Oantioo
2295 992 2436 1035 meo
2480 994 2643 1038 oon·

481 1077 710 1158 fitehor
747 1074 898 1155 Ipsi
928 1078 965 1109 “
1018 1071 1255 1134 Psalm:
1289 1071 1601 1133 XXVIII:
1647 1077 1719 1148 73
1789 1074 1929 1147 quia
1967 1070 2281 1132 Canticum
2324 1076 2646 1152 significat

491 1176 931 1237 consessionem
1005 1191 1081 1234 ex
1154 1171 1374 1250 gaudio
1430 1170 1626 1232 cordis
1653 1212 1672 1238 .
1746 1170 1881 1231 ideo
1944 1172 2160 1234 dicitur
2221 1173 2461 1234 exultat
2533 1195 2644 1238 cor

490 1294 708 1351 meum,
759 1283 822 1335 et
847 1273 1095 1336 Cantico
1131 1290 1266 1334 meo
1306 1270 1634 1333 confitebor
1667 1271 1814 1349 Ipsi.
1864 1273 2047 1351 Apud
2083 1272 2356 1334 Eundem
2399 1273 2640 1350 „Oan-

494 1381 625 1436 tate
653 1374 833 1458 justi
874 1374 945 1436 in
983 1370 1327 1448 Jehovah,·
1355 1371 1744 1453 confitemini
1782 1368 2058 1433 Jehovae
2093 1372 2165 1434 in
2210 1372 2510 1452 cithara,
2570 1376 2641 1439 in

489 1473 703 1537 nablio
765 1473 1168 1536 decachordiz·
1217 1469 1492 1554 psallite
1539 1469 1688 1553 Ipsi
1699 1516 1718 1547 ,
1791 1477 2040 1534 cantate
2084 1471 2233 1554 Ipsi
2283 1471 2639 1540 Canticum

489 1565 720 1636 novum
732 1618 751 1650 ,
832 1571 1081 1635 reddite
1130 1573 1381 1654 eyreyie
1425 1569 1697 1652 pulsare
1748 1592 1891 1634 oum
1941 1569 2237 1654 clangore
2267 1577 2309 1609 ‘⁴‘
2379 1576 2635 1640 Psalm:

492 1674 808 1737 XXXIII:
874 1678 930 1733 1.
987 1678 1048 1734 2.
1092 1676 1162 1750 33
1230 1677 1511 1752 quoniam
1561 1674 1842 1751 gaudium
1898 1673 2095 1734 cordis
2147 1681 2240 1734 est
2286 1693 2364 1736 ex
2419 1695 2634 1740 amore

496 1775 746 1836 coelesti
794 1779 856 1834 et
905 1792 979 1833 ex
1016 1791 1216 1834 amore
1260 1776 1593 1852 spirituali,
1639 1774 1776 1835 ideo
1823 1774 2041 1835 dicitur
2089 1781 2330 1837 cantate
2356 1777 2523 1855 justi
2573 1782 2634 1839 in

493 1874 797 1950 Jehovah,
837 1873 1197 1934 confitemini
1226 1874 1503 1935 Jehovae
1538 1879 1599 1935 in
1635 1875 1884 1950 cithara,
1920 1878 1981 1935 in
2009 1874 2209 1935 nablio
2237 1876 2633 1941 decachordii

493 1976 745 2055 psallite
785 1974 944 2053 Ipsi,
1003 1982 1240 2036 cantate
1267 1977 1421 2054 justi
1458 1977 1673 2036 dicitur
1717 1975 1791 2036 de
1827 1976 1946 2035 illis
1999 1978 2100 2053 qui
2133 1977 2194 2035 iu
2230 1994 2439 2038 amore
2479 1997 2625 2042 coe-

493 2078 638 2137 lesti
672 2083 842 2150 sunt,
899 2077 1257 2138 confitemini
1291 2078 1353 2135 in
1389 2077 1618 2137 cithara
1667 2083 1728 2136 et
1764 2076 2006 2155 psallite
2052 2079 2112 2135 in
2147 2078 2351 2137 nablio
2389 2079 2471 2139 de
2504 2081 2626 2141 illis

495 2180 599 2255 qui
630 2180 689 2235 in
728 2194 926 2238 amore
958 2177 1288 2255 spirituali,
1329 2177 1490 2253 quod
1518 2178 1668 2255 justi
1697 2177 1971 2238 dicantur
2008 2179 2110 2255 qui
2143 2181 2203 2237 iu
2231 2196 2439 2240 amore
2475 2198 2621 2242 coe·

493 2280 632 2339 lesti
666 2285 824 2354 sunt,
863 2277 1141 2338 videatur
1175 2294 1360 2354 supra
1394 2296 1463 2338 n:
1497 2279 1661 2351 204,
1703 2284 1763 2338 et
1800 2278 1959 2354 quod
1994 2277 2225 2337 cithara
2260 2286 2321 2339 et
2347 2280 2623 2342 nablium
2748 2306 2751 2374 ι

487 2380 915 2459 praedicentur
976 2380 1050 2440 de
1103 2379 1224 2439 illis
1290 2381 1390 2456 qui
1451 2380 1512 2438 in
1573 2377 1732 2440 bono
1794 2378 2126 2457 spirituali,
2196 2382 2374 2440 etiam
2419 2397 2618 2459 supra

489 2501 550 2542 n:
592 2484 771 2560 3233
812 2488 874 2542 et
908 2483 1048 2558 quia
1076 2480 1389 2541 Canticum
1426 2485 1520 2541 est
1555 2480 1850 2540 confessio
1896 2496 1973 2539 ex
2006 2478 2227 2556 gaudio
2263 2480 2508 2542 oriundo
2538 2499 2622 2544 ex

488 2582 612 2641 illis
648 2581 970 2656 amoribus,
1023 2581 1160 2641 ideo
1194 2580 1413 2642 dicitur
1463 2574 1823 2640 confitemini
1856 2579 1898 2640 J
1901 2579 2133 2640 ehovae
2142 2625 2161 2656 ,
2215 2588 2456 2643 cantate
2488 2580 2621 2661 Ipsi

493 2679 807 2739 Canticum
839 2698 1060 2740 novum
1071 2699 1087 2756 3
1143 2681 1431 2741 exaltatio
1465 2679 1669 2759 gaudii
1717 2698 1794 2741 ex
1832 2679 2206 2760 plenitudine
2242 2683 2621 2759 significatur

490 2796 602 2858 per
647 2777 882 2839 reddite
936 2783 1177 2856 egregie
1237 2781 1482 2859 pulsare
1544 2795 1678 2841 cum
1727 2780 2027 2858 clangore.
2110 2781 2292 2859 Apud
2339 2781 2618 2844 Eundem

499 2874 860 2956 „Laudabo
891 2876 1138 2940 Nomen
1161 2878 1303 2942 Dei
1337 2878 1600 2942 Oantioo
1613 2924 1632 2955 ‚
1669 2886 1730 2941 et
1755 2896 2064 2961 maynum
2098 2881 2361 2962 faciam
2383 2879 2619 2962 Ipmm

494 2977 926 3050 confessione‘*
976 2979 1218 3041 Psalm:
1255 2980 1506 3041 LXIX:
1562 2982 1685 3040 31:
1741 2979 1924 3059 apud·
1955 2980 2223 3042 Eundem
2270 3026 2311 3058 „
2339 2981 2619 3060 Quando

494 3078 665 3140 ivero
707 3095 849 3140 oum
887 3075 1030 3142 illis
1071 3079 1162 3142 ad
1195 3080 1489 3144 Domum
1513 3078 1688 3157 Dei,
1728 3100 1869 3144 oum
1908 3098 2049 3141 voce
2084 3079 2327 3143 Cantus
2371 3087 2431 3142 et
2469 3101 2617 3145 oon·-

480 3177 799 3260 seseionis
834 3178 1244 3245 multitudine
1289 3180 1629 3264 seriante“
1688 3183 1804 3243 Ps:
1829 3180 2051 3241 XLII:
2120 3184 2190 3243 5:
2242 3183 2404 3259 apud
2442 3183 2612 3245 Eun-

494 3277 660 3340 dem'
692 3324 731 3356 „
755 3277 1154 3364 Confitemz’ni
1191 3281 1495 3358 Jelwvae,
1553 3281 1836 3343 invocate
1879 3279 2126 3342 Nomen
2161 3281 2404 3363 Ipsius,
2461 3301 2615 3345 oan-

494 3385 625 3442 tate
645 3379 819 3464 Ipsi,
846 3381 1118 3464 psallite
1150 3382 1346 3464 Ipei“
1391 3382 1653 3443 Psalm::
1694 3381 1801 3444 CV
1844 3386 1901 3442 1.
1938 3385 1999 3441 2.
2054 3382 2294 3443 Psalm:
2334 3381 2613 3445 CXLIX:

499 3486 557 3542 l:
595 3483 756 3562 apud
781 3486 1052 3546 Eundem
1082 3480 1481 3562 „Oonfitebor
1504 3479 2343 3565 Jehovaejuoetajustitiam
2367 3480 2613 3564 Ipsius,

489 3589 549 3644 et
597 3584 858 3645 cantabo
920 3583 1169 3644 Nomen
1205 3579 1481 3642 Jehovae
1518 3580 1856 3644 Alci-ssimi
1879 3586 1919 3618 “
1984 3585 2218 3643 Psalm:
2270 3583 2426 3645 VII:
2485 3587 2513 3643 1
2532 3586 2608 3645 8:

491 3684 654 3762 apud
682 3682 951 3743 Eundem
991 3680 1363 3757 „Paratum
1399 3686 1497 3742 eet
1522 3678 1647 3743 G'or
1669 3702 1894 3759 meum,
1938 3685 2200 3745 cantabo
2225 3689 2285 3744 et
2299 3681 2611 3765 psallam,

490 3782 706 3845 excita
742 3789 802 3843 te
838 3780 1056 3861 ylorz’a
1098 3800 1257 3855 mea,
1298 3780 1514 3843 exeita
1551 3790 1611 3846 te
1649 3781 1901 3846 cithara
1947 3790 2008 3845 et
2040 3782 2328 3847 nablium
2342 3829 2361 3860 ,
2418 3786 2609 3866 confi-

41 3904 101 3987 '³²‘
490 3881 660 3945 :ebor
707 3878 857 3942 Tibi
913 3881 1079 3943 inter
1113 3887 1362 3962 yeme-9,
1423 3881 1731 3960 Domine,
1772 3881 2066 3964 psallam
2112 3883 2266 3947 Tibi
2307 3884 2475 3947 inter
2486 3903 2607 3965 po-

487 3977 736 4062 pulo-W
804 3980 1039 4042 Psalm:
1093 3982 1294 4045 LVII:
1350 3986 1411 4046 8.
1468 3985 1527 4044 9.
1585 3987 1720 4061 103
1801 3987 1940 4062 quia
2000 3992 2239 4046 cantare
2305 3983 2609 4046 Canticum

491 4082 785 4160 significat
822 4083 1256 4145 confessionem
1293 4104 1368 4146 ex
1399 4085 1617 4163 gaudio
1655 4084 1872 4160 σοι-(113,
1909 4085 2045 4146 ideo
2079 4089 2143 4146 in
2177 4086 2295 4146 illis
2330 4086 2478 4146 locis
2511 4085 2605 4146 di-

489 4187 645 4243 citur
679 4191 1025 4261 utrumque,
1081 4186 1349 4246 confiteri
1399 4192 1460 4244 et
1513 4192 1754 4243 cantare
1770 4226 1790 4258 ,
1844 4186 2140 4246 consessio
2190 4195 2252 4246 et
2297 4187 2600 4261 canticum,

92 3734 117 4025 :ffiiL-ssssffli·
96 3406 101 3439 ⁴*

1176 4751 1278 4760 p*—
2436 4739 2731 4756 ——ssffi—*ss*
