2791 4778
403 327 644 384 CAPUT
687 328 999 404 sumna,
1742 332 1955 387 vans2
2002 344 2092 402 12·
2250 348 2359 402 375

254 487 451 556 mundi
511 487 889 568 intelligitur,
959 487 1097 546 ideo
1146 487 1359 545 dicitur
1410 486 1732 569 liquefieri,
1789 495 1849 548 et
1901 508 2139 567 quoque
2194 510 2357 553 com-

252 589 479 648 buritur
515 596 677 647 terra
715 606 911 647 coram
939 589 1120 665 Ipso,
1162 588 1426 647 etorbis
1465 598 1525 647 et
1565 606 1768 647 omnes
1804 590 2142 652 habitantes
2177 596 2238 653 in
2266 614 2360 668 ec,

252 697 368 749 tum
420 689 926 749 excandescentia
976 689 1119 765 Ejus
1171 687 1487 746 effunditur
1539 692 1698 748 sicut
1748 692 1933 766 igniS,
1996 694 2150 769 ignis
2202 698 2356 754 enim

251 790 547 867 significat
580 790 717 847 illos
755 806 1020 857 amores,
1073 795 1133 847 et
1182 789 1477 865 liquefieri
1524 807 1594 852 ac
1636 791 1901 851 comburi
1941 794 2234 869 significat
2282 797 2358 856 ab

249 891 361 950 illis
405 892 610 967 perire
625 911 642 965 3
695 908 806 967 per
857 897 1063 966 petras
1109 896 1276 965 quae·
1314 897 1693 964 evertuntur,
1751 893 2157 969 significantur
2211 914 2357 955 vera

247 990 422 1066 fidei,
472 1008 550 1050 ex
593 1008 787 1048 causa
836 994 976 1066 quia
1010 989 1098 1048 illi
1148 992 1342 1065 quiin
1378 990 1494 1050 fide
1533 998 1696 1067 sunt,
1769 999 1829 1052 et
1881 1011 1956 1052 ex
2001 995 2355 1073 obedientia,

248 1093 486 1166 tametsi
542 1108 663 1150 non
713 1109 786 1149 ex
836 1092 1158 1165 charitate,
1223 1091 1446 1149 bonum
1498 1092 1748 1167 faciunt,
1818 1110 2005 1170 super
2055 1096 2251 1156 Petris
2295 1100 2360 1156 in

141 1191 149 1202 ⁸
248 1192 465 1252 Mundo
517 1192 818 1268 spirituali
878 1192 1181 1251 habitant.
1276 1192 1456 1267 Apud
1512 1193 1772 1252 Hiobum
1846 1193 2189 1268 „Jehovah
2249 1197 2361 1277 qui

249 1292 607 1372 tremefacit
653 1299 890 1358 terram
929 1312 963 1351 e
998 1290 1131 1365 loco
1186 1309 1333 1368 suc,
1402 1293 1501 1353 ita
1539 1300 1611 1353 ut
1662 1292 1986 1355 columnae
2025 1296 2163 1378 ejus
2210 1316 2356 1359 con·-

249 1394 666 1454 tremiecanffl
715 1394 841 1453 IX:
888 1397 962 1453 6:
1016 1402 1076 1453 et
1110 1394 1273 1471 apud
1307 1394 1635 1454 Jeremiam
1674 1394 2004 1469 „Jehovah
2063 1396 2254 1460 Deus
2288 1398 2359 1460 in

244 1496 543 1571 veritate,
599 1492 726 1555 Ille
763 1494 954 1555 Deus
988 1495 1174 1556 vivus
1219 1502 1279 1556 et
1329 1494 1481 1555 Rem
1530 1494 1772 1557 saeculi
1782 1516 1810 1568 ,·
1875 1498 1951 1558 ab
1992 1498 2097 1558 ira
2131 1496 2356 1577 Ipsius

246 1595 673 1657 contremiscit
698 1601 888 1670 terra,
928 1614 1120 1674 neque
1153 1595 1466 1657 sustinere
1489 1605 1765 1675 possunt
1797 1606 2011 1677 yentes
2046 1598 2354 1679 indiyna-

246 1695 481 1757 tionem
517 1696 738 1778 Εἰῑιε(ί
779 1699 871 1757 X:
920 1700 1005 1757 10
1025 1719 1042 1775 3
1098 1715 1208 1774 per
1242 1705 1460 1756 terram
1499 1701 1678 1758 etiam
1712 1700 1808 1758 hic
1843 1699 2208 1776 significatur
2232 1701 2350 1776 Ec÷

248 1797 464 1872 clesia‚
532 1800 643 1857 sed
691 1797 964 1857 Ecclesia
1017 1800 1116 1858 ubi
1169 1799 1354 1868 salsa,
1410 1817 1574 1875 ‚quae
1627 1803 2085 1864 contremiscere
2140 1801 2355 1869 dicitur

247 1900 486 1974 quando
524 1899 681 1958 falsa
718 1900 1039 1957 creduntur
1074 1917 1144 1959 ac
1188 1900 1461 1959 dicuntur
1496 1919 1667 1977 vera,
1722 1918 1832 1977 per
1876 1909 2085 1977 gentes
2120 1904 2351 1979 signifi-

247 2008 458 2058 cantur
512 1999 673 2058 mala
722 1999 886 2075 falsi3
953 2000 1204 2077 dejectio
1260 2018 1464 2058 eorum
1526 2004 1585 2059 in
1634 2002 1926 2059 infernum
1991 2008 2051 2061 et
2111 2006 2353 2063 exitium

239 2102 617 2176 *significatur
652 2119 762 2176 per
800 2101 958 2175 quod
992 2108 1224 2181 gentes,
1238 2120 1353 2160 non
1387 2103 1622 2175 possint
1658 2103 1954 2160 sustinere
1990 2103 2351 2179 indignatio-

249 2219 379 2264 nem
420 2202 586 2278 ejus:
636 2203 774 2278 quia
809 2219 917 2278 per
954 2208 1170 2262 terram
1206 2203 1302 2261 hic
1338 2201 1702 2275 significatur
1734 2200 2012 2260 Ecclesia
2045 2202 2148 2261 ubi
2180 2201 2353 2271 falsa,

250 2301 383 2359 ideo
426 2301 642 2360 dicitur
666 2302 837 2361 Deus
875 2305 935 2360 in
962 2305 1246 2373 veritate,
1281 2302 1391 2361 Ille
1428 2302 1598 2360 Deus
1633 2303 1805 2359 vivus
1845 2308 1905 2360 et
1936 2302 2066 2361 Rex
2105 2303 2350 2376 saeculi,

260 2402 721 2462 Jehovahenim
771 2404 941 2462 Deus
992 2412 1052 2463 et
1084 2405 1216 2464 Rex
1265 2405 1482 2463 dicitur
1529 2421 1603 2462 ex
1654 2404 1873 2462 Divino
1927 2403 2119 2478 Ver0‚
2186 2404 2358 2462 Deus

260 2503 431 2561 vivus
479 2521 548 2561 ex
591 2505 811 2566 Divino
859 2505 1022 2564 Vero
1067 2509 1126 2563 in
1178 2505 1409 2575 CoeliS,
1466 2512 1524 2562 et
1570 2504 1699 2563 Rex
1749 2503 1975 2563 saeculi
2027 2522 2100 2564 ex
2136 2504 2358 2564 Divino,

259 2601 415 2662 Vero
452 2606 510 2661 in
546 2609 719 2663 terris
735 2626 751 2680 3
809 2612 869 2663 et
917 2610 1056 2682 quia
1102 2609 1160 2663 in
1207 2606 1411 2665 Verbo
1449 2606 1550 2664 ubi
1586 2607 1781 2681 agitur
1835 2605 1907 2664 de
1964 2605 2122 2665 Vero
2180 2607 2357 2663 etiam

251 2706 447 2780 agitur
483 2705 557 2764 de
593 2706 789 2777 Bono,
846 2707 920 2765 ob
976 2708 1312 2783 conjugium
1350 2707 1611 2766 coeleste
1649 2709 1710 2763 in
1744 2706 1993 2782 singulis
2031 2706 2247 2780 Verbi,
2300 2713 2360 2766 et

247 2805 382 2865 inde
425 2808 686 2865 vicissim
726 2807 828 2865 ubi
863 2808 937 2864 de
977 2808 1130 2865 falso
1168 2810 1345 2868 etiam
1384 2808 1458 2865 de
1494 2807 1682 2876 ma10,
1735 2807 1869 2866 ideo
1909 2809 2085 2866 etiam
2124 2807 2359 2865 additur

248 2906 320 2965 de
379 2906 697 2983 gentibuS,
769 2926 880 2984 per
922 2925 1073 2983 quas
1127 2908 1535 2983 significantur
1578 2908 1739 2965 mala
1792 2908 1957 2967 falsi:
2015 2908 2158 2984 quid
2202 2909 2360 2966 mala

247 3007 407 3081 salsi,
470 3025 624 3082 quae
661 3010 852 3067 fluunt
889 3027 963 3066 ex
1012 3008 1182 3066 falsis
1240 3008 1571 3079 doctrinae,
1636 3009 2030 3067 illustrabitur
2080 3026 2190 3085 per
2223 3010 2356 3080 hoe,

243 3108 348 3168 ubi
385 3109 661 3166 doctrina
698 3116 817 3177 est,
871 3109 1027 3184 quod
1063 3109 1195 3167 sola
1229 3109 1377 3168 fides
1416 3109 1640 3178 salvet,
1679 3116 1739 3168 et
1772 3127 1890 3167 non
1926 3111 2143 3169 bonum
2183 3113 2357 3181 vitae,

248 3212 379 3269 tum'
412 3208 575 3284 quod
625 3210 770 3267 nihil
823 3209 966 3267 mali
1008 3212 1333 3285 imputetur
1377 3213 1432 3268 ei
1481 3211 1581 3285 qui
1615 3209 1795 3269 fidem
1838 3210 2050 3284 habet,
2106 3219 2164 3270 et
2202 3210 2360 3285 quod

246 3309 475 3371 salvari
517 3313 711 3385 possit
744 3310 919 3368 homo
956 3327 1067 3385 per
1101 3310 1289 3368 solam
1336 3310 1513 3369 fidem
1565 3313 1742 3368 etiam
1783 3313 1841 3368 in
1881 3313 2159 3370 extremis
2202 3312 2358 3368 vitae

245 3424 429 3480 suae,
473 3410 651 3468 modo
690 3418 829 3468 tunc
868 3410 1103 3480 credat,
1166 3410 1325 3486 quod
1358 3411 1653 3470 Dominus
1688 3411 2034 3468 liberaverit
2080 3426 2285 3469 omnes
2325 3427 2360 3466 a

242 3510 390 3587 jugo
426 3510 580 3586 legis
618 3530 729 3587 per
772 3510 1179 3586 impletionem
1235 3511 1392 3587 ejuS,
1449 3529 1520 3570 ac
1571 3511 1727 3586 quod
1783 3511 2197 3585 propitiaverit
2246 3525 2359 3584 per

245 3614 602 3688 sanguinem
651 3630 855 3684 suum,
903 3617 1043 3670 tunc
1094 3611 1281 3681 mala,
1338 3630 1493 3687 quae
1545 3610 1720 3668 homo
1763 3610 1906 3667 facit
1952 3626 2023 3668 ex
2071 3607 2174 3666 illa
2221 3608 2356 3682 fide,

247 3718 386 3770 sunt
433 3713 592 3770 mala
627 3712 782 3770 salsi.
870 3711 1052 3787 Apud
1087 3711 1466 3770 Ezechielem
1523 3709 1654 3785 „In
1691 3708 1796 3768 die
1822 3726 1940 3787 quo
1975 3707 2173 3769 veniet
2213 3706 2358 3788 ἄορ

249 3830 440 3891 cuper
474 3817 712 3873 terram
748 3808 1052 3883 Israelis,
1094 3810 1384 3871 ascendet
1410 3809 1928 3871 excandescentia
1965 3808 2034 3868 in
2062 3808 2166 3869 ira
2202 3827 2358 3883 mea,

248 3912 414 3974 etin
461 3911 596 3972 zelo
632 3931 800 3986 mec,
871 3911 1035 3972 etin
1088 3912 1236 3992 iyne
1281 3911 1756 3992 indiynationie
1811 3907 2065 3988 loquar,
2127 3909 2190 3971 si
2237 3928 2362 3970 non

248 4008 318 4074 in
347 4013 456 4073 die
480 4012 593 4074 hoc
612 4013 824 4091 fuerit
853 4019 1057 4074 terrae
1083 4021 1291 4074 motu-s·
1328 4032 1603 4092 maynus
1643 4031 1832 4092 cuper
1858 4018 2030 4072 terra
2063 4007 2356 4085 Eraclia,

248 4118 317 4173 ut
362 4114 853 4175 contremiscant
905 4133 1114 4174 coram
1157 4112 1265 4172 Me
1305 4113 1518 4192 pisces
1562 4113 1794 4189 maris,
1867 4119 1926 4173 et
1963 4112 2109 4173 avia
2159 4107 2356 4172 coelo-

248 4232 387 4276 rum
402 4259 420 4286 ‚
476 4220 535 4276 et
567 4216 721 4296 fera
772 4214 922 4294 (tyri
936 4259 954 4291 ,
1021 4220 1079 4274 et
1124 4233 1302 4274 omne
1351 4211 1576 4293 reptile
1623 4218 1882 4294 reptans
1933 4233 2122 4293 super
2169 4217 2361 4284 terra,
