2791 4778
484 379 716 436 CAPUT
760 381 1070 440 SEXTUM.
1868 386 2046 443 VERS
2063 407 2078 443 z
2123 400 2176 450 9.
2333 402 2441 454 3:39

322 542 471 603 ficet
504 544 976 615 communicare,
1030 544 1313 618 iniquitas
1350 560 1505 618 quae
1541 547 1793 603 recessit
1833 545 2080 617 salsum,
2116 567 2186 609 ac
2221 568 2445 627 pecca-

318 649 451 700 tum
498 642 753 715 malum,
819 661 955 701 nam
1002 644 1282 718 iniquitas
1325 643 1538 702 dicitur
1589 644 1661 703 de
1716 648 1841 705 vita
1880 647 2016 706 salsi
2066 666 2176 709 seu
2213 651 2286 711 de
2324 654 2449 712 vita

312 750 541 802 contra
586 761 765 817 vera,
847 750 907 802 et
951 751 1265 819 peccatum
1316 744 1388 802 de
1452 747 1577 803 vita
1637 745 1779 804 mali
1832 764 1941 806 seu
1993 749 2066 808 de
2115 752 2242 810 vita
2297 770 2443 812 con-

308 851 407 902 tra
477 843 722 902 bonum.
827 843 1007 920 Apud
1065 844 1305 921 Esajam
1355 841 1637 919 „Omnia
1692 866 1923 924 pecora
1967 848 2250 911 Arabiae
2297 870 2443 913 oon-

308 944 767 1024 9re9abuntur
826 943 1001 1018 Tibi,
1077 944 1310 1004 arietes
1370 944 1681 1027 Nebajoth
1743 948 2202 1011 ministrabunt
2279 951 2446 1022 Tibi,

307 1044 668 1106 ascendent
702 1044 792 1105 ad
824 1040 1277 1124 bevoeplacitam
1310 1042 1540 1106 Altare
1572 1066 1779 1108 meum
1793 1068 1821 1120 ;
1875 1049 1973 1110 ita
2007 1048 2298 1113 Domum
2333 1052 2443 1113 de-

306 1147 494 1208 cori-s
533 1145 664 1206 ‘mei
697 1145 1039 1206 decorab0“
1091 1146 1234 1204 LX:
1296 1152 1365 1219 73
1423 1149 1620 1223 agitur
1653 1147 1735 1206 ibi
1771 1150 1844 1208 de
1883 1151 2145 1211 adventu
2181 1152 2440 1228 Domini,

306 1256 370 1307 et
408 1249 577 1306 haec
615 1246 774 1305 dicta
807 1254 948 1305 sunt
982 1247 1056 1306 de
1102 1247 1246 1322 Ipso
1287 1247 1575 1325 Domino,
1631 1266 1743 1327 per
1779 1253 1976 1309 omnia
2016 1268 2239 1328 pecora
2280 1254 2439 1312 Ara-

309 1349 456 1407 biae
499 1364 661 1424 quae
700 1348 1246 1424 congregabuntur,
1289 1355 1348 1405 et
1383 1367 1496 1424 per
1533 1351 1751 1408 arietes
1788 1350 2087 1427 Nebajoth
2128 1356 2229 1430 qui
2264 1357 2439 1414 mini-

305 1448 646 1517 strabunt,
713 1448 1118 1524 significantur
1187 1451 1383 1508 omnia
1445 1448 1603 1507 bona
1663 1452 1999 1527 spiritualia
2076 1461 2324 1513 externa
2387 1462 2448 1515 et

305 1553 599 1620 interna,
652 1566 762 1624 per
808 1566 1032 1634 pecora
1065 1549 1475 1625 significantur
1508 1549 1665 1609 bona
1715 1559 1989 1627 externa,
2046 1561 2106 1613 et
2138 1573 2249 1632 per
2283 1557 2442 1615 arie-

307 1661 407 1711 tes
454 1649 624 1708 bona
670 1651 928 1720 interna,
981 1667 1050 1707 ac
1099 1668 1209 1725 per
1262 1650 1548 1708 Arabiam
1612 1658 1671 1710 et
1725 1652 2026 1730 Nebaj0th
2077 1655 2444 1732 spiritualia3

307 1749 659 1810 ascendent
695 1749 769 1806 ad
806 1736 1250 1825 beneplacitum
1288 1750 1496 1810 Altare
1536 1771 1758 1828 meum,
1811 1757 1896 1812 ita
1935 1755 2172 1815 domum
2210 1755 2446 1816 decoris

307 1853 439 1911 mei
482 1848 812 1924 decorabo,
868 1851 1170 1926 significat
1216 1851 1499 1910 Divinum
1534 1854 1871 1913 Humanum
1932 1855 2173 1917 Domini
2217 1859 2275 1915 in
2324 1874 2445 1938 quo

306 1958 536 2020 erunt,
577 1949 785 2008 Altare
822 1950 1117 2027 significat
1150 1951 1436 2011 Divinum
1477 1953 1816 2014 Humanum
1853 1955 2055 2032 Ipsius
2092 1958 2290 2034 quoad
2330 1956 2446 2016 Di-

308 2055 531 2111 vinum
568 2048 831 2122 Bonum,
888 2069 958 2110 ac
995 2051 1205 2110 domus
1254 2052 1486 2112 decoris
1536 2055 1694 2113 Illud
1743 2056 1940 2131 quoad
1989 2056 2271 2115 Divinum
2313 2055 2445 2117 Ve-

310 2172 489 2212 rum:
549 2152 710 2227 quod
747 2151 1036 2210 Dominus
1075 2153 1270 2227 quoad
1305 2153 1587 2212 Divinum
1626 2154 1964 2212 Humanum
2008 2156 2103 2214 hic
2139 2156 2445 2232 intelliga-

309 2262 456 2327 tur,
514 2258 751 2312 constat
799 2269 871 2311 ex
924 2253 1425 2328 praecedentibus
1486 2254 1664 2330 hujus
1738 2253 1996 2329 Capitis,
2072 2255 2176 2315 ubi
2228 2255 2449 2314 dicitur

317 2353 498 2430 quod
532 2369 715 2430 super
762 2352 850 2412 Te
902 2355 1202 2414 exorietur
1242 2354 1552 2427 Jehovah,
1607 2361 1666 2413 et
1704 2353 1911 2414 Gloria
1945 2355 2089 2432 Ejus
2136 2371 2319 2432 super
2357 2355 2448 2415 Te

325 2437 658 2528 videbitur,
714 2461 775 2513 et
828 2471 982 2530 quae
1032 2463 1390 2531 sequuntur,
1457 2473 1566 2531 per
1615 2473 1769 2531 quae
1819 2455 2176 2514 describitur
2227 2456 2450 2517 D1v1na

327 2554 638 2629 sapientia
690 2564 812 2631 qua
864 2554 1154 2614 Dominus
1211 2557 1409 2633 quoad
1454 2556 1798 2626 Humanum
1860 2573 2032 2615 suum
2083 2556 2445 2634 implebitur.

324 2655 636 2731 Quoniam
687 2673 798 2731 per
837 2655 1045 2715 Altare
1095 2657 1154 2713 in
1194 2674 1478 2732 supremo
1526 2673 1705 2715 sensu
1753 2657 2122 2733 significatur
2164 2656 2449 2716 Divinum

325 2756 681 2814 Humanum
712 2754 974 2834 Domini,
1040 2757 1175 2815 ideo
1206 2760 1383 2815 etiam
1421 2776 1532 2834 per
1567 2757 1776 2817 Altare
1805 2756 2173 2834 significatur
2201 2756 2453 2817 Coelum

321 2865 391 2914 et
429 2855 740 2930 Ecclesia,
804 2875 936 2914 nam
977 2855 1225 2915 Coelum
1260 2858 1614 2935 Angelicum
1650 2860 1709 2916 in
1747 2875 1813 2917 se
1861 2865 2202 2934 spectatum
2250 2865 2343 2918 est
2377 2877 2452 2920 ex

320 2957 561 3015 Divino
617 2956 776 3031 quod
819 2957 1089 3033 procedit
1138 2975 1214 3016 ex
1263 2957 1482 3017 Divino
1528 2958 1806 3018 Humano
1855 2958 2120 3033 Domini,
2177 2960 2315 3019 inde
2358 2966 2452 3020 est

318 3056 494 3135 quod
554 3054 801 3115 Coelum
862 3057 1217 3133 Angelicum
1269 3060 1330 3116 in
1379 3065 1502 3117 toto
1567 3059 1882 3135 complexu
1946 3062 2024 3119 sit
2073 3062 2230 3120 sicut
2278 3058 2450 3121 Unus

312 3158 561 3230 Homo,
618 3174 801 3232 quare
859 3159 1034 3215 etiam
1093 3157 1342 3217 Coelum
1385 3158 1535 3218 illud
1588 3167 1836 3218 vocatur
1882 3160 2179 3220 Maximus
2231 3160 2448 3234 Homo,

313 3258 394 3317 de
438 3274 566 3333 qua
599 3274 663 3316 re
702 3257 1020 3317 videantur
1057 3276 1212 3335 quae
1247 3261 1307 3317 in
1344 3258 1547 3335 Opere
1586 3259 1660 3318 de
1698 3259 1900 3319 Coeno
1938 3280 2015 3320 er
2051 3260 2328 3320 rumano
2382 3278 2448 3318 n:

320 3361 416 3419 59
464 3356 544 3415 ad
596 3358 706 3432 86,
760 3363 1004 3417 ostensa
1050 3366 1215 3433 sunt,
1276 3359 1550 3419 similiter
1598 3360 1875 3419 Ecclesia
1922 3379 1990 3419 n:
2057 3361 2168 3427 57,
2214 3359 2327 3435 ibi;
2383 3364 2445 3418 et
2485 3364 2647 3427 [569]

313 3460 471 3536 quia
520 3459 709 3516 omnis
755 3456 963 3517 Cultus
1014 3465 1107 3517 est
1150 3477 1187 3516 a
1221 3459 1509 3531 Domino,
1575 3467 1668 3519 est
1717 3462 1867 3518 enim
1920 3459 2231 3528 Divinum,
2289 3452 2450 3533 quod

314 3560 797 3618 communicatur
841 3558 1064 3617 homini
1099 3576 1136 3617 a
1169 3558 1466 3635 Domino,
1532 3563 1590 3619 in
1638 3576 1757 3636 quo
1809 3563 1902 3615 est
1940 3557 2083 3634 Ipse
2130 3556 2449 3630 DominuS,

314 3659 463 3718 inde
525 3675 637 3735 per
681 3658 890 3716 Altare
946 3660 1128 3717 etiam
1174 3660 1550 3737 significatur
1596 3661 1658 3717 in
1707 3675 1930 3735 genere
1984 3672 2157 3716 omne
2214 3656 2450 3728 CultuS,

316 3760 428 3836 qui
480 3758 754 3834 procedit
811 3775 885 3818 ex
929 3758 1087 3818 bono
1138 3763 1389 3831 amori5‚
1458 3768 1520 3820 et
1565 3777 1676 3836 per
1727 3758 2045 3835 Templum
2098 3757 2294 3818 cultus
2347 3759 2453 3833 qui

315 3858 600 3937 procedit
637 3875 711 3917 ex
746 3862 905 3918 veris
954 3859 1029 3917 ab
1070 3859 1174 3918 illo
1208 3860 1398 3934 bono;
1453 3863 1643 3920 omnis
1682 3861 1837 3919 enim
1875 3858 2074 3919 cultus
2113 3865 2206 3918 est
2238 3856 2341 3919 vel
2376 3874 2455 3919 ex

319 3977 529 4018 amore
564 3958 662 4018 vel
701 3975 777 4017 ex
815 3959 964 4033 fide,
1018 3967 1124 4019 aut
1161 3977 1235 4020 ex
1268 3961 1428 4020 bono
1464 3961 1563 4021 vel
1599 3978 1674 4019 ex
1717 3977 1892 4034 vero;
1949 3958 2144 4018 cult-us
2185 3977 2259 4018 ex
2293 3958 2455 4018 bono

321 4061 546 4118 amoris
588 4066 682 4119 est.
718 4060 911 4135 qualis
955 4067 1047 4120 est
1083 4063 1142 4119 in
1177 4060 1389 4138 Regno
1428 4061 1678 4122 coelesti
1720 4060 1990 4135 Domini,
2051 4066 2111 4118 et
2148 4058 2341 4119 cultus
2379 4076 2458 4120 ex

321 4162 486 4220 veris
526 4179 600 4219 ex
637 4159 740 4219 illo
781 4160 967 4236 bono,
1027 4179 1182 4238 quae
1219 4180 1366 4221 vera
1404 4164 1584 4221 etiam
1618 4168 1909 4221 vocantur
1951 4178 2097 4220 vera
2131 4159 2305 4237 fidei,
2362 4165 2461 4223 est

324 4261 519 4336 qualis
550 4268 643 4321 est
678 4261 738 4318 in
774 4260 983 4338 Regno
1020 4262 1321 4339 spirituali
1357 4262 1617 4336 Domini,
1667 4262 1741 4322 de
1780 4262 1995 4338 quibus
2026 4263 2206 4322 etiam
2242 4261 2453 4321 videa-

1866 4366 1950 4420 22
1996 4357 2033 4396 ἢ*
