2791 4778
420 335 531 386 4Οὸ
856 321 1351 376 APOCAYLPSIS
1394 321 1827 390 EXPLLUA'I'A.
1888 323 1947 390 §0
1991 331 2118 385 403.

417 503 530 562 per
581 501 757 561 quam
811 482 1177 559 significatur
1222 482 1528 552 Ecclesia,
1596 500 1780 559 quare
1815 483 1913 541 hic
1949 483 2161 542 similia
2196 499 2308 557 per
2345 485 2540 557 vitem,

417 586 614 659 ficum,
653 583 1145 661 malogranatum,
1188 588 1247 642 et
1284 582 1477 642 oleam
1508 583 1925 659 significantur
1961 600 2114 659 quae
2146 599 2308 643 nunc
2346 599 2539 661 supra3

425 685 660 763 reliqua
698 684 1014 742 videantur
1052 683 1349 759 explicata
1402 686 1571 760 prius
1609 701 1674 741 n:
1717 684 1880 743 374.
1982 684 2137 761 Quia
2172 702 2285 760 per
2327 690 2539 744 terram

424 785 766 846 Canaanem
803 783 1169 861 significatur
1205 768 1507 857 Ecclesia,
1550 801 1618 841 ac
1655 802 1764 859 per
1802 786 2002 860 vitem,
2040 785 2221 847 ficum
2254 791 2318 842 et
2354 786 2532 845 malo-

420 892 735 965 granatum
794 884 1200 962 significantur
1258 883 1571 944 Ecclesiae
1629 887 1865 943 interna
1927 892 1987 943 et
2047 892 2329 960 externa,
2412 886 2534 946 ideo

417 988 641 1048 factum
678 994 801 1061 est,
864 985 1023 1062 quod
1061 986 1476 1061 exploratores
1523 985 1683 1044 illius
1724 981 1923 1045 terrae
1961 987 2411 1064 deportaverint
2445 994 2528 1045 ta-

417 1088 501 1146 lia
539 1090 708 1160 inde,
778 1086 851 1145 de
889 1102 1009 1163 qua
1045 1104 1111 1144 re
1149 1088 1235 1145 ita
1273 1085 1434 1161 apud
1484 1086 1697 1145 Mosen
1754 1083 2299 1166 „Exploratores
2333 1093 2528 1149 terrae

421 1184 751 1248 Oanaanie
782 1194 1079 1247 venemnt
1119 1185 1214 1246 ad
1226 1185 1510 1263 fluvium
1546 1184 1958 1263 Eschkolem,
2023 1194 2092 1248 etv
2136 1187 2526 1248 absciderunt

417 1286 568 1349 inde
597 1283 937 1368 palmitem
988 1292 1047 1345 et
1094 1288 1340 1348 botrum
1387 1306 1659 1347 uvarum
1695 1306 1924 1360 zmwm,
1980 1307 2160 1367 quem
2193 1293 2535 1367 portarunt

416 1389 488 1449 in
538 1395 702 1448 vecte
755 1406 873 1467 per
923 1388 1113 1463 duee,
1198 1406 1273 1447 ac
1333 1386 1411 1445 de
1456 1385 1933 1467 malogranati-s·
1993 1395 2053 1449 et
2106 1387 2183 1447 de
2236 1388 2529 1469 ,Ῑὶσῑιότιεῑί

416 1489 605 1549 Num:
646 1487 831 1548 XIH:
895 1491 1005 1549 23.
1099 1488 1257 1563 Quia
1292 1490 1427 1547 vitis
1471 1496 1530 1547 et
1581 1488 1731 1548 ficus
1783 1490 1930 1547 talia
1981 1488 2320 1566 significant
2334 1534 2350 1563 ‚
2405 1489 2533 1547 ideo

418 1590 634 1649 dicitur
669 1591 727 1647 in
769 1588 971 1648 Verbo
1018 1591 1091 1647 de
1138 1588 1256 1647 illis
1295 1592 1398 1664 qui
1434 1590 1492 1647 in
1530 1589 1700 1648 bonis
1739 1595 1800 1648 et
1832 1592 1992 1648 veris
2030 1590 2344 1648 Ecclesiae
2380 1597 2533 1658 sunt,

418 1698 479 1749 et
528 1689 664 1748 inde
700 1692 760 1747 in
807 1698 932 1748 tuto
971 1707 1007 1747 a
1049 1689 1220 1747 malis
1264 1696 1324 1747 et
1358 1689 1562 1762 falsie,
1621 1689 1781 1766 quod
1832 1690 2084 1749 sedeant
2120 1689 2234 1748 sub
2266 1692 2389 1749 vite
2422 1707 2532 1749 sua

389 1790 477 1851 ‘et
532 1788 644 1848 sub
692 1789 807 1848 ficu
856 1806 967 1848 sua
1008 1792 1068 1848 in
1121 1791 1448 1849 securitate
1504 1796 1564 1849 et
1619 1807 1734 1849 non
1778 1796 2040 1865 terrene,
2122 1792 2298 1849 utin
2359 1790 2531 1849 Libro

414 1890 447 1950 Ι
470 1888 703 1966 Regum
744 1887 1140 1966 „Habitavit
1154 1887 1455 1950 Jehudah
1472 1894 1532 1950 et
1548 1889 1762 1951 Israel
1787 1891 1856 1951 in
1875 1891 2230 1965 securitate,
2275 1890 2533 1969 quisque

414 1990 529 2051 sub
565 1988 691 2050 vite
736 2009 860 2050 sua
894 1995 953 2050 et
988 1991 1104 2051 sub
1126 1990 1266 2071 ficu
1291 2008 1415 2050 aaa
1441 2009 1482 2051 a
1507 1989 1707 2051 Dane
1740 2010 1935 2071 usque
1966 1992 2058 2052 ad
2082 1990 2531 2051 Beerechebam

416 2090 706 2153 omnibus
741 2088 961 2152 diebu-3
1008 2088 1430 2152 Salomonis“
1481 2091 1572 2151 V:
1620 2095 1692 2152 5:
1749 2093 1910 2169 apud
1948 2091 2298 2151 Sachariam
2354 2092 2522 2167 „Re-

415 2193 659 2253 movebo
698 2190 1101 2271 iniquitatem
1155 2198 1358 2253 terrae
1407 2191 1599 2272 hujus
1648 2190 1720 2253 in
1770 2191 1876 2253 die
1920 2212 2043 2254 uno
2061 2214 2081 2252 .·
2148 2192 2219 2253 in
2269 2191 2377 2252 die
2420 2188 2525 2252 illo

414 2289 779 2354 clamabitis
806 2293 909 2353 vir
948 2293 1039 2353 ad
1060 2292 1320 2365 socium,
1351 2291 1442 2352 ad
1468 2293 1658 2353 vitem
1685 2300 1745 2354 et
1772 2292 1862 2355 ad
1877 2294 2126 2374 ficum“
2163 2292 2274 2352 111:
2316 2296 2370 2350 9.
2415 2294 2517 2350 10:

214 2394 376 2461 [614]
417 2400 481 2455 et
514 2394 678 2473 apud
728 2394 987 2454 Micham
1038 2392 1168 2470 „In
1192 2393 1595 2456 extremitate
1632 2394 1881 2457 dierum
1921 2395 2043 2456 erit
2079 2391 2269 2454 Mons
2306 2393 2524 2454 domus

412 2492 690 2556 Jehovae
739 2495 1125 2556 constitutus
1173 2493 1242 2554 in
1293 2501 1486 2573 caput
1535 2496 1846 2557 montium
1858 2517 1887 2569 ;
1939 2514 2063 2556 non
2111 2492 2333 2556 tollent
2376 2513 2524 2575 yeme

410 2613 602 2675 super
634 2601 880 2679 gentem
930 2594 1258 2679 yladium,
1324 2613 1434 2656 nec
1472 2594 1716 2658 discent
1765 2594 2049 2677 ampliu-s
2088 2593 2346 2671 bellum,
2422 2594 2524 2654 sed

408 2694 708 2758 sedebunt
756 2696 1016 2778 quisque
1067 2699 1182 2770 ‚sub
1228 2697 1353 2757 vite
1413 2715 1535 2756 sua
1585 2703 1644 2756 et
1691 2697 1805 2758 sub
1846 2697 1986 2778 ficu
2029 2716 2184 2767 sua,
2244 2715 2357 2756 nee
2401 2701 2516 2781 ter-

408 2798 603 2855 rens“
669 2796 788 2853 IV:
860 2800 915 2854 1.
976 2801 1033 2857 3.
1105 2801 1139 2855 4
1161 2820 1176 2874 3
1258 2798 1410 2856 haec
1463 2797 1622 2855 dicta
1676 2804 1814 2856 sunt
1868 2798 1941 2856 de
2005 2797 2214 2874 Regno
2269 2797 2516 2866 Domini,

410 2895 573 2973 quod
610 2901 703 2954 est
740 2896 900 2972 apud
945 2897 1081 2956 illos
1130 2900 1191 2955 in
1246 2897 1432 2957 coelis
1485 2906 1547 2956 et
1597 2899 1655 2956 in
1693 2900 1900 2966 terriS,
1953 2900 2058 2981 qui
2112 2901 2171 2956 in
2221 2914 2422 2956 amore
2466 2898 2516 2953 in

405 2993 618 3072 Ipsum
651 3001 825 3071 sunt3
880 2995 1154 3073 Regnum
1191 2998 1436 3056 Domini
1472 2998 1840 3075 significatur
1887 3016 1998 3075 per
2034 2999 2299 3057 Mentem
2335 2998 2512 3058 Jeho-

407 3110 523 3153 vae
557 3096 663 3170 qui
701 3098 1055 3155 constitutus
1106 3099 1165 3155 in
1214 3106 1397 3174 caput
1444 3101 1768 3172 montium,
1840 3116 2008 3157 mons
2058 3101 2214 3157 enim
2253 3098 2515 3158 Jehovae

408 3193 702 3272 significat
735 3195 1007 3272 Regnum
1033 3197 1273 3257 Domini
1310 3199 1386 3256 ab
1414 3199 1532 3258 illis
1570 3202 1672 3276 qui
1705 3202 1764 3259 in
1795 3217 1995 3258 amore
2031 3203 2091 3258 in
2118 3200 2328 3276 Ipsum
2353 3203 2482 3257 sunt
2493 3215 2508 3270 3

413 3303 474 3356 et
509 3297 649 3373 quia
682 3295 769 3355 illi
802 3295 1076 3357 habitant
1108 3316 1294 3376 supra
1328 3296 1592 3374 reliquos
1629 3302 1690 3358 in
1726 3299 1929 3371 coelis,
1970 3301 2184 3358 dicitur
2224 3300 2297 3358 de
2326 3304 2509 3356 monte

405 3396 512 3457 illo
546 3397 707 3475 quod
743 3400 1101 3459 constitutus
1137 3402 1197 3457 in
1235 3407 1420 3476 caput
1454 3403 1760 3474 montium,
1798 3400 2072 3460 videatur
2114 3403 2175 3459 in
2214 3399 2413 3477 Opere
2446 3397 2506 3455 de

410 3498 623 3559 Col-:Lo
671 3518 748 3558 m·
796 3498 1079 3577 ῙΝΕΕΒΝΟ
1138 3518 1208 3560 n:
1271 3502 1440 3576 1883
1496 3501 1558 3560 hi
1606 3504 1747 3577 quia
1779 3501 2004 3560 habent
2055 3518 2203 3559 vera
2237 3502 2505 3576 inscripta

408 3598 717 3674 cordibus,
790 3609 849 3658 et
900 3599 1037 3659 ideo
1084 3618 1199 3660 non
1246 3600 1587 3678 disceptant
1631 3601 1705 3660 de
1754 3601 1903 3676 illis,
1961 3601 2178 3660 dicitur
2202 3600 2375 3677 *quod
2407 3614 2506 3657 non

406 3699 620 3758 tollent
647 3716 797 3776 gens
841 3707 1047 3759 contra
1081 3707 1320 3778 gentem
1357 3701 1642 3778 gladium,
1683 3719 1793 3761 nec
1831 3701 2063 3761 discent
2097 3702 2356 3778 amplius
2389 3697 2505 3759 bel·

403 3798 561 3868 lum,
613 3817 724 3877 pcr
760 3801 920 3876 quod
957 3800 1324 3878 significatur
1362 3802 1520 3876 quod
1554 3805 1615 3861 in
1649 3803 1858 3878 Regno
1902 3803 2006 3861 illo
2042 3802 2209 3861 nulla
2250 3803 2359 3861 erit
2393 3800 2502 3857 dis-

404 3902 669 3977 ceptetio
707 3900 782 3959 de
818 3902 1006 3975 veris,
1069 3900 1343 3961 videatur
1379 3903 1439 3958 in
1477 3902 1684 3962 eodem
1724 3901 1924 3979 Opere
1960 3921 2030 3962 n:
2074 3904 2182 3962 25.
2221 3905 2333 3961 26.
2364 3899 2505 3958 270.

408 4003 581 4074 2713
640 4000 798 4076 quod
833 4017 945 4075 per
981 4015 1127 4059 vera
1174 4006 1233 4058 et
1267 3999 1452 4075 bona,
1521 4005 1583 4062 in
1620 4003 1835 4079 quibus
1888 4010 2057 4076 sunt,
2130 4005 2241 4061 tuti
2279 4005 2445 4061 erunt
2475 4014 2507 4053 a

401 4097 577 4154 malis
616 4106 674 4156 et
718 4099 916 4174 falsie,
986 4098 1350 4176 significatur
1387 4118 1500 4178 per
1551 4103 1711 4179 quod
1757 4101 2212 4162 sedebunt-sub
2249 4104 2371 4160 vite
2407 4114 2507 4158 sua

403 4200 465 4283 et
493 4193 609 4249 sub
666 4195 783 4254 ficu
839 4215 950 4256 sua
995 4216 1112 4258 non
1147 4205 1399 4260 terrens.
1504 4201 1681 4279 Apud
1719 4202 2048 4264 Jeremiafflm
2110 4200 2325 4278 „Ecce
2371 4197 2508 4278 Eyo
