2791 4778
406 338 645 394 CAPUT
687 338 1029 405 QmN'rUM.
1773 319 2014 397 vene:
2060 352 2111 401 9.
2271 354 2378 407 127

246 501 659 570 nominantur,
699 517 774 557 ex
811 498 1028 575 quibus
1062 499 1298 575 patebit
1342 500 1503 576 quod
1539 499 1882 562 distinctum
1940 501 2082 579 quid
2116 520 2228 578 per
2258 521 2375 581 po-

242 601 460 680 pulum
484 606 545 659 et
572 599 910 659 distinctum
949 601 1095 675 quid
1130 618 1240 676 per
1263 607 1474 676 gentes
1511 601 1909 677 significetur,
1948 621 2086 662 nam
2127 605 2243 662 nisi
2280 604 2375 664 di-

241 704 533 762 stinctum
566 699 707 778 quid
733 700 1187 776 significaretur,
1234 719 1350 759 non
1379 709 1701 778 utrumque
1731 702 1909 762 simul
1938 707 2343 764 nominaretur
2354 727 2370 781 3

237 805 399 862 utin
431 784 1030 878 sequentibus'loci53
1070 801 1231 877 apud
1260 803 1503 879 Esajam
1532 800 2002 877 „Honor-abunt
2034 802 2125 864 Te
2148 803 2373 883 Popu-

235 901 353 966 lus
380 898 666 976 validas,
694 901 843 961 urbs
864 899 1166 961 Gentium
1190 902 1595 963 robustarum
1621 903 1923 965 timebunt
1940 902 2066 976 Te,·
2094 903 2379 968 Jelwvala

237 1001 596 1067 absorbebit
643 1000 713 1062 in
751 998 968 1061 Monte
1013 1000 1129 1061 hoo
1160 1002 1375 1082 facies·
1410 1000 1826 1064 obvolutiom's
1841 1048 1859 1079 ,
1924 1001 2377 1070 obvolutionem

236 1124 444 1185 super
476 1119 688 1163 omnes
723 1100 1009 1181 Populos
1024 1147 1042 1176 ,
1109 1110 1170 1163 et
1216 1100 1497 1163 velamen
1543 1101 1891 1165 obvelatum
1931 1123 2120 1184 super
2160 1124 2373 1167 omnes

239 1203 537 1267 Gentes“
572 1203 778 1263 XXV:
816 1205 877 1262 3.
919 1208 977 1262 7.
1015 1205 1074 1278 83
1114 1203 1499 1280 distinguitur
1524 1203 1621 1263 hic
1657 1207 1810 1263 inter
1835 1204 2094 1282 populos
2133 1214 2192 1265 et
2216 1209 2374 1268 inter

236 1311 490 1384 gentes,
557 1306 699 1379 quia
743 1303 957 1380 populi
1009 1302 1345 1379 significant
1391 1305 1531 1364 illos
1593 1307 1697 1381 qui
1758 1324 1789 1364 e
1824 1305 2039 1383 Regno
2075 1308 2374 1382 spirituali

238 1406 495 1466 Domini
530 1410 699 1478 sunt,
757 1409 818 1463 et
852 1410 1065 1481 gentes
1098 1404 1235 1464 illos
1275 1407 1377 1481 qui
1414 1423 1447 1464 c
1480 1404 1690 1482 Regno
1728 1405 1975 1466 coelesti
2009 1405 2209 1482 Ipsius
2219 1428 2236 1484 3
2290 1410 2376 1468 ita

236 1507 387 1566 illos
440 1507 539 1581 qui
571 1507 633 1563 in
666 1504 835 1563 Bono
872 1504 1173 1583 spirituali
1240 1513 1295 1564 et
1354 1507 1455 1583 qui
1502 1508 1563 1564 in
1596 1506 1767 1564 Bono
1808 1506 2084 1584 coelesti3
2138 1508 2373 1568 Bonum

237 1605 565 1684 spirituale
601 1611 694 1664 est
727 1605 948 1664 bonum
984 1606 1292 1664 charitatis
1331 1623 1476 1682 erga
1512 1608 1847 1684 proximum
1886 1613 1946 1666 et
1981 1607 2116 1666 inde
2151 1608 2374 1669 bonum

238 1707 419 1777 fidei,
472 1713 533 1765 et
564 1705 797 1764 Bonum
854 1705 1117 1764 coeleste
1182 1712 1277 1765 est
1316 1706 1536 1765 bonum
1590 1709 1806 1766 amoris
1857 1709 1916 1766 in
1952 1709 2274 1769 Dominum
2312 1717 2374 1769 et

230 1809 385 1871 :inde
424 1807 645 1866 bonum
674 1808 893 1865 amoris
930 1807 1148 1881 mutui3
1188 1824 1395 1866 verum
1434 1807 1610 1884 hujus
1645 1807 1787 1867 boni
1823 1816 1915 1868 est
1951 1808 2110 1886 quod
2144 1809 2366 1869 intelli-

236 1912 405 1987 gitur
460 1924 572 1984 per
620 1905 826 1965 urbem
877 1908 1138 1981 gentium
1188 1906 1604 1981 robustarum,
1677 1926 1813 1966 nam
1873 1909 2015 1968 urbs
2077 1910 2372 1986 significat

236 2009 602 2069 Doctrinam
644 2008 774 2066 veri
827 2023 936 2066 seu
987 2024 1134 2069 vera
1182 2007 1484 2067 doctrinae
1500 2028 1516 2083 3
1573 2026 1685 2085 per
1735 2008 2064 2068 absorbere
2112 2010 2367 2069 obvolu-

238 2112 471 2169 tionem
535 2124 723 2185 super
772 2125 977 2167 omncs
1040 2106 1299 2184 populos
1355 2115 1413 2166 et
1462 2108 1736 2167 velamen
1786 2109 2130 2168 obvelatum
2184 2127 2370 2187 supet
2445 2143 2480 2170 :a

240 2225 455 2270 omnes
494 2215 707 2285 gentes
721 2252 740 2282 ‚
795 2208 1159 2285 significatur
1196 2208 1356 2286 quod
1392 2208 1748 2267 discutietur
1784 2209 1995 2268 umbra
2043 2227 2202 2286 quae
2254 2210 2365 2269 ob-

240 2313 395 2371 texit
428 2308 799 2368 intellectum
835 2327 911 2369 ne
950 2309 1263 2369 videantur
1296 2326 1444 2368 vera
1480 2316 1540 2368 et
1574 2310 1984 2385 percipiantur
2019 2308 2179 2367 bona
2213 2326 2367 2386 quae

242 2412 559 2471 Ecclesiae
623 2417 683 2469 et
745 2409 913 2470 Coeli
976 2417 1134 2469 sunt.
1213 2405 1392 2486 Apud
1451 2409 1722 2469 Eundem
1787 2452 1824 2484 „
1846 2409 2370 2488 Appropinquate

254 2507 489 2569 Gentes
527 2509 616 2570 ad
649 2508 1073 2584 audiendum,
1112 2516 1172 2571 et
1205 2506 1449 2588 Populi
1485 2506 1845 2570 auscultate
1854 2528 1883 2580 ;
1924 2508 2160 2570 audiat
2198 2516 2369 2571 terra

249 2616 316 2670 et
343 2606 672 2689 plenitudo
704 2609 885 2693 ejus-⁷
938 2611 1236 2671 XXXIV:
1285 2614 1342 2686 13
1401 2612 1543 2686 quia
1587 2617 1796 2687 gentes
1843 2608 2179 2686 significant
2230 2609 2367 2671 illos

253 2712 361 2787 qui
397 2712 457 2769 in
492 2709 649 2770 bono
668 2713 885 2771 amoris
922 2718 1080 2780 sunt,
1118 2719 1177 2770 et
1212 2711 1424 2788 populi
1463 2708 1598 2770 illo's
1637 2712 1738 2787 qui
1771 2712 1833 2769 in
1867 2710 2025 2769 bono
2062 2711 2366 2773 charitatis

248 2818 315 2871 et
345 2811 486 2871 inde
521 2814 678 2871 veris
714 2811 883 2886 fidei,
939 2812 1076 2870 ideo
1127 2811 1340 2869 dicitur
1403 2811 1475 2869 de
1512 2811 1787 2886 gentibus
1834 2811 1995 2888 quod
2031 2814 2362 2890 appropin-

243 2918 534 2990 quarent,
601 2919 662 2970 et
723 2912 800 2972 de
858 2912 1098 2989 populis
1163 2912 1323 2989 quod
1384 2911 1826 2986 auscultarent,
1882 2915 2366 2989 appropinquare

242 3013 546 3091 significat
582 3013 859 3091 conjungi
896 3030 1006 3089 per
1042 3030 1334 3085 amorem,
1392 3019 1453 3071 et
1498 3011 1839 3071 auscultare
1889 3011 2184 3089 significat
2219 3013 2369 3074 obe·-

242 3114 369 3173 dire
412 3121 474 3173 et
510 3115 728 3172 instrui
740 3133 757 3190 3
801 3130 872 3173 ac
909 3112 1044 3173 ideo
1070 3113 1305 3187 dicitnr,
1346 3113 1549 3171 audiat
1585 3119 1742 3171 terra
1781 3119 1840 3171 et
1872 3112 2182 3189 plenitudo
2212 3115 2363 3194 eju8‚

241 3232 353 3291 per
394 3222 617 3273 terram
658 3214 1025 3291 significatur
1058 3213 1335 3272 Ecclesia
1381 3213 1579 3291 quoad
1621 3212 1874 3288 bonum„
1928 3220 1988 3271 et
2022 3232 2132 3291 per
2164 3213 2364 3292 pleni-

240 3315 513 3374 tudinem
545 3315 677 3392 ejus
704 3314 1112 3391 significantur
1139 3332 1302 3373 vera.
1342 3312 1527 3391 Apud
1554 3311 1823 3373 Eundem
1864 3311 2062 3392 „Eyo
2083 3312 2367 3373 Jehovah

241 3414 467 3476 vocavi
507 3411 598 3474 Te
643 3414 713 3475 in
742 3413 1045 3496 justitia,
1101 3419 1161 3473 et
1204 3412 1670 3492 apprehendam
1722 3431 1985 3474 manum
2043 3416 2252 3486 tuam,
2305 3416 2367 3472 et

243 3514 409 3575 dabo
456 3511 549 3573 Te
586 3514 657 3574 ‘in
681 3514 922 3595 foedus
960 3511 1242 3593 Popul0,
1298 3513 1367 3574 in
1406 3512 1606 3575 lucem
1644 3511 1997 3574 Gentium“
2049 3510 2253 3571 XLII:
2301 3513 2364 3571 6:

245 3614 412 3692 apud
447 3615 719 3674 Eundem
758 3659 796 3691 „
814 3613 1009 3676 Educ
1043 3610 1369 3693 Populum
1413 3632 1664 3674 caecum
1713 3612 1822 3697 ,oui
1860 3606 2029 3672 oculi
2075 3615 2253 3686 sunt,
2307 3618 2368 3673 et

242 3713 481 3777 surdos
522 3715 750 3793 quibus
787 3734 977 3777 aures
991 3734 1017 3786 ;
1072 3733 1283 3774 omnes
1324 3713 1556 3776 Gentes
1592 3716 2049 3793 conyreyentur
2090 3730 2222 3772 una
2236 3757 2253 3788 ‚
2309 3717 2371 3773 et

245 3816 619 3883 conveniant
642 3812 933 3896 Populi“
975 3815 1207 3875 XLIII:
1246 3818 1302 3875 8.
1343 3818 1416 3875 9:
1473 3814 1634 3892 apud
1667 3814 1937 3874 Eundem
1977 3857 2014 3887 „
2040 3811 2124 3874 In
2149 3819 2368 3876 testem

244 3912 526 3994 Populie
561 3915 711 3976 dedi
748 3915 977 3996 Ipsum
989 3960 1006 3990 ,
1054 3914 1409 3995 prinoipem
1442 3921 1501 3976 et
1537 3912 1970 3995 leyislatorem
2009 3912 2365 3978 Gentibus“

246 4014 377 4075 LV:
432 4020 495 4076 4.
557 4020 629 4078 5:
710 4017 873 4094 apud
922 4016 1191 4075 Eundem
1265 4015 1438 4091 „Sic
1483 4014 1660 4077 dixit
1703 4014 2035 4076 Dominus
2078 4013 2369 4092 Jehovih,

244 4134 375 4177 ecce
416 4114 641 4179 tollam
688 4137 845 4199 erya
890 4115 1121 4177 Gentes
1170 4135 1434 4178 manum
1474 4135 1707 4191 meam,
1763 4122 1824 4177 et
1876 4134 2033 4195 erpa
2082 4111 2373 4197 Populos

248 4215 546 4281 attollam
589 4218 849 4299 siquam
882 4220 1147 4281 meum“
1213 4217 1453 4277 XLIX:
1497 4220 1622 4276 22:
1679 4215 1839 4293 apud
1873 4214 2141 4275 Eundem
2184 4212 2366 4290 „Po-
2411 4230 2571 4292 [423]
