2791 4778
422 353 651 410 CAPUT
691 351 1007 411 SEXTUM.
1792 348 2006 407 VERS:
2051 361 2106 414 4.
2264 363 2372 417 215

268 530 374 572 seu
417 512 693 572 Ecclesia
726 527 882 587 quae
917 512 978 568 in
1025 509 1184 570 bono
1223 511 1444 568 amoris
1479 511 1541 568 in
1573 509 1922 582 Dominum,
1986 509 2262 571 videatur
2309 532 2379 572 n:

268 614 428 672 478.
471 615 557 671 47
575 613 644 670 9:
674 610 834 686 quod
866 610 1062 670 Homo
1097 609 1391 686 significet
1424 609 1757 669 Ecclesiam
1792 610 1991 686 quoad
2016 611 2254 686 bonum,
2292 630 2376 673 n:

266 716 480 772 4287.
530 713 741 770 7424.
789 715 819 768 7
839 710 1010 770 5233
1042 711 1202 785 quod
1239 710 1474 768 Humus
1512 712 1687 768 etiam
1727 709 1918 768 simile
1955 711 2267 787 significet,
2304 731 2375 773 n:

269 814 427 872 566.
464 811 749 870 1057οε
804 810 967 886 quod
998 809 1220 883 Edom,
1260 811 1399 885 quia
1434 809 1628 870 dictus
1667 817 1758 869 est
1793 827 1869 869 ex
1902 810 2110 885 rubro,
2147 812 2377 889 signifi-

259 920 353 971 cet
384 912 617 971 Verum
651 910 794 969 boni
831 909 1120 969 naturalis
1154 909 1430 984 hominiS,
1467 927 1537 968 n:
1582 911 1793 969 3300.
1834 912 2056 970 3322:
2110 917 2173 970 et
2220 912 2382 989 quod

258 1011 533 1072 Rubinus
570 1010 866 1086 significet
898 1010 1123 1068 Verum
1163 1009 1302 1069 boni
1329 1009 1629 1082 coelestis,
1667 1028 1737 1069 n:
1783 1011 1996 1069 9865.
2052 1009 2208 1087 Quia
2241 1009 2375 1072 Ru-

257 1112 425 1171 brum
466 1110 764 1187 significat
790 1109 969 1185 quale
995 1112 1086 1168 rei
1112 1109 1309 1186 quoad
1335 1110 1575 1184 bonum,
1612 1109 1748 1167 ideo
1785 1111 1846 1168 in
1880 1126 2065 1169 sensu
2099 1113 2376 1189 opposito

255 1212 560 1288 significat
593 1210 769 1285 quale
804 1211 894 1267 rei
943 1210 1139 1285 quoad
1190 1209 1412 1268 malum
1457 1209 1616 1284 quod
1665 1216 1759 1268 est
1804 1212 2150 1286 oppositum
2196 1211 2373 1287 bono,

257 1319 315 1370 et
357 1311 504 1369 inde
551 1311 771 1369 bonum
812 1309 1182 1384 deperditum
1195 1330 1212 1385 3
1267 1312 1326 1366 in
1372 1309 1487 1368 hoc
1540 1325 1725 1368 sensu
1778 1309 1990 1369 dicitur
2034 1310 2282 1370 rubrum
2316 1313 2377 1370 in

255 1410 649 1488 sequentibus
683 1409 864 1483 locis;
921 1409 1082 1484 apud
1129 1410 1372 1486 Esajam
1412 1393 1539 1483 „Si
1574 1406 1830 1489 fuer-int
1855 1416 2120 1488 peecata
2163 1417 2376 1473 vestra

254 1510 418 1571 siout
452 1509 770 1584 coccinea,
824 1508 992 1569 sicut
1025 1508 1147 1569 πίω
1186 1507 1495 1569 albescent
1505 1528 1534 1580 ;
1588 1508 1652 1567 εἰ
1681 1509 1877 1569 rubra
1894 1502 2162 1591 fuerint
2206 1510 2376 1573 sime

243 1629 575 1690 purpura,
629 1610 799 1669 sicut
839 1607 993 1669 lana
1031 1611 1258 1669 erunt“
1307 1610 1373 1668 1:
1422 1611 1543 1669 18:
1601 1615 1662 1667 et
1696 1609 1853 1684 apud
1890 1610 2127 1669 Nahum
2169 1607 2372 1691 „Oly-

244 1730 402 1790 peus
426 1709 717 1790 fortium
755 1710 892 1791 ejus
926 1708 1321 1770 rubicundus
1351 1708 1580 1789 factus
1623 1714 1745 1783 est,
1800 1707 1928 1769 viri
1952 1709 2377 1788 fortitudinia

242 1809 636 1891 purpurat&
691 1810 761 1869 in
793 1809 942 1889 iyne
963 1806 1343 1888 facularum
1379 1828 1607 1870 cums
1656 1808 1825 1890 ejm,
1879 1808 1950 1869 in
1982 1807 2226 1889 plateis
2264 1810 2369 1871 in-

251 1911 623 1971 sanium-ant
649 1928 875 1970 currus
888 1953 907 1984 ,
973 1905 1411 1970 disemo-erunt
1455 1910 1526 1970 in
1572 1908 1733 1971 vicis
1745 1953 1763 1984 ,
1833 1918 2126 1987 aspectus
2159 1929 2374 1973 eorum

252 2012 414 2072 siout
454 2010 738 2090 saeum“
779 2010 873 2068 II:
930 2011 990 2066 4.
1049 2010 1107 2069 5.
1196 2009 1267 2067 In
1318 2029 1388 2069 eo
1438 2026 1624 2069 sensu
1664 2012 1844 2067 etiam
1891 2008 2118 2071 Draco
2159 2011 2373 2073 dicitur

253 2112 466 2191 rufus,
514 2109 716 2186 Apoc:
750 2109 909 2169 XII:
957 2110 1016 2181 3,
1057 2109 1131 2168 de
1168 2127 1285 2185 quo
1332 2113 1391 2169 in
1428 2109 1835 2185 sequentibus·

405 2211 571 2270 365.
639 2210 716 2268 Et
751 2209 986 2268 sedenti
1021 2226 1207 2285 super
1258 2210 1360 2269 illo
1414 2210 1619 2268 datum
1674 2211 1730 2267 ei
1777 2208 1985 2267 tollere
2032 2226 2244 2284 pacem
2296 2209 2371 2270 de

253 2316 437 2385 terra,
497 2310 661 2387 quod
710 2309 1005 2385 significet
1057 2310 1325 2369 Verbum
1386 2310 1523 2369 inde
1583 2326 1701 2367 non
1756 2307 2156 2383 intellectum,
2210 2308 2371 2368 unde

259 2410 500 2470 dissidia
538 2413 598 2469 in
637 2410 946 2484 Ecclesia,
1012 2418 1243 2470 constat
1292 2429 1367 2470 ex
1402 2409 1835 2486 significatione
1885 2408 2151 2468 sedentis
2188 2425 2372 2484 super
2433 2422 2444 2429 ·

260 2510 424 2585 Equo
465 2511 627 2582 rufo,
694 2510 855 2586 quod
897 2514 977 2570 sit
1029 2511 1293 2569 Verbum
1332 2528 1451 2568 non
1485 2510 1849 2568 intellectum
1887 2507 2086 2583 quoad
2126 2507 2367 2582 bonum,

256 2626 367 2686 per
399 2610 699 2669 sedentem
734 2613 891 2669 enim
928 2628 1115 2687 super
1141 2628 1313 2686 equ0,
1355 2609 1724 2687 significatur
1758 2608 2048 2678 Verbum,
2080 2614 2149 2667 ut
2183 2624 2370 2684 supra

251 2727 308 2768 n:
350 2712 512 2769 355.
548 2713 685 2770 356
705 2731 721 2785 3
760 2728 869 2785 per
894 2729 1114 2787 equum
1140 2711 1510 2787 significatur
1538 2709 1879 2769 intellectus
1909 2708 2060 2784 ejuS,
2098 2726 2156 2767 n:
2200 2708 2363 2784 355,

252 2818 310 2869 et
340 2828 451 2886 per
490 2827 707 2888 equum
744 2810 973 2883 rufum,
1009 2810 1348 2870 intellectus
1387 2809 1737 2886 deperditus
1774 2808 1971 2885 quoad
2016 2808 2254 2883 bonum,
2292 2826 2361 2868 n:

252 2911 421 2985 3643
479 2927 662 2984 quare
698 2927 808 2985 per
841 2911 1151 2971 sedentem
1188 2927 1375 2986 super
1410 2928 1567 2987 equo
1604 2910 1774 2982 rufo,
1808 2909 2176 2986 significatur
2200 2908 2360 2969 Ver-

245 3008 379 3068 bum
449 3011 589 3070 inde
638 3027 754 3069 non
805 3012 1203 3084 intellectum3
1264 3029 1338 3070 ex
1385 3011 1814 3087 significatione
1867 3010 2080 3070 tollere
2125 3027 2357 3086 pacem,
2403 3015 2563 3080 [488]

248 3111 405 3186 qnod
444 3113 527 3169 sit
565 3109 724 3186 quod
759 3110 896 3170 inde
933 3111 1212 3181 dissidia,
1259 3111 1331 3169 de
1370 3128 1491 3188 qua
1523 3111 1819 3186 sequitur3
1861 3119 1920 3169 et
1956 3129 2028 3168 ex
2063 3110 2362 3185 significa-

245 3212 403 3270 tione
441 3216 673 3281 terrae,
740 3212 899 3286 quod
933 3214 1012 3270 sit
1043 3211 1350 3288 Ecclesia3
1418 3210 1577 3287 quod
1621 3217 1783 3270 terra
1819 3210 2111 3288 significet
2145 3210 2361 3270 Eccle-

243 3311 420 3380 siam,
493 3310 768 3369 videatur
817 3328 1002 3386 supra
1061 3329 1130 3368 n:
1202 3314 1314 3369 29.
1376 3312 1538 3371 304.
1627 3311 1965 3386 Antequam
2026 3309 2362 3384 explicatur

244 3411 379 3485 quid
416 3409 715 3487 significat
759 3410 921 3484 Pax,
968 3409 1193 3486 aliquid
1237 3410 1470 3470 dicetur
1511 3410 1585 3470 de
1639 3428 1741 3482 eo,
1788 3409 1946 3486 quod
1992 3408 2228 3484 quando
2264 3409 2360 3465 in·-

245 3509 524 3569 tellectus
578 3509 769 3569 Verbi
817 3510 1164 3588 deperditus
1215 3517 1336 3584 est,
1406 3513 1671 3570 oriantur
1717 3507 1963 3567 dissidia
2021 3508 2082 3563 in
2139 3505 2357 3565 Eccle-

242 3610 331 3667 sia
344 3629 360 3685 3
416 3627 530 3686 per
576 3608 796 3668 bonum
847 3610 1197 3687 intelligitur
1237 3610 1460 3670 bonum
1514 3612 1731 3668 amoris
1780 3609 1841 3664 in
1888 3606 2242 3675 Dominum,
2298 3612 2360 3664 et

241 3706 460 3769 bonum
487 3710 704 3768 amoris
735 3727 880 3788 erga
914 3713 1265 3787 proximum,
1308 3712 1586 3786 quoniam
1614 3724 1784 3766 omne
1814 3707 2034 3764 bonum
2064 3711 2158 3763 est
2186 3721 2355 3763 amo-

242 3809 352 3883 ris3
421 3808 655 3885 quando
711 3808 862 3870 haec
909 3810 1069 3871 bona
1125 3811 1288 3886 apud
1321 3811 1620 3868 hominem
1668 3807 1976 3866 Ecclesiae
2029 3823 2145 3863 non
2199 3810 2355 3880 sunt,

244 3912 381 3968 tunc
416 3925 534 3966 non
568 3909 927 3986 intelligitur
961 3910 1231 3969 Verbum
1243 3930 1258 3985 3
1299 3911 1640 3986 conjunctio
1667 3910 1820 3968 enim
1848 3908 2089 3967 Domini
2117 3914 2178 3967 et
2212 3923 2360 3965 con-

236 4006 462 4083 junctio
500 4007 670 4068 Coeli
706 4026 839 4069 cum
878 4011 1118 4069 homine
1157 4010 1468 4070 Ecclesiae
1506 4016 1601 4067 est
1634 4027 1744 4087 per
1778 4008 2029 4079 bonum,
2082 4012 2266 4086 qua're
2304 4009 2358 4065 si

242 4122 358 4167 non
393 4109 614 4169 bonum
654 4117 746 4169 est
784 4110 949 4187 apud
981 4109 1178 4185 illum,
1221 4127 1339 4169 non
1377 4110 1505 4168 dari
1540 4115 1743 4186 potest
1783 4109 1986 4185 aliqua
2017 4109 2356 4176 illustratio,

240 4211 426 4269 omnis
482 4212 638 4270 enim
691 4211 1011 4270 illustratio
1066 4228 1201 4269 cum
1248 4211 1468 4287 legitur
1509 4208 1806 4284 Verbum,
1863 4215 1956 4268 est
2002 4226 2036 4268 c
2090 4206 2271 4267 Coelo
2318 4224 2355 4263 a
