2791 4778
347 381 584 439 CAPUT
618 381 786 449 QUIN
792 380 962 438 TUM.
1791 379 1999 435 VERS:
2046 387 2097 441 8.
2256 390 2327 442 79

173 562 261 605 ea
302 540 771 621 suffimentum,
811 544 874 600 et
910 538 1196 600 ouem-rit
1218 537 1384 599 inter
1409 556 1531 613 eos,
1575 543 1635 598 et
1662 538 1935 601 coercita
1957 546 2054 600 est
2067 535 2322 619 playa“

176 644 389 706 Num:
424 640 628 701 XVII:
667 646 700 699 7
738 639 815 698 ad
852 641 880 697 1
901 641 961 699 5:
1002 646 1062 698 et
1094 643 1413 716 praeterea
1445 640 1509 697 in
1544 639 1917 718 Apocalypsi
1954 637 2114 716 Cap:
2148 638 2322 702 vnh
2362 650 2524 715 [395]

187 746 258 805 3.
298 746 367 803 4.
407 744 467 802 5.
526 741 707 819 Quod
745 740 1158 800 Suffimentum
1193 745 1254 799 et
1292 738 1463 798 Thus
1500 741 1834 818 significent
1866 740 2100 799 Bonum
2138 741 2322 817 spiri-

181 844 388 919 tuale,
429 858 501 901 ac
537 841 759 901 suffitio
799 840 1025 899 cultum
1062 857 1137 899 ex
1169 840 1274 899 illo
1309 839 1466 898 bono
1502 846 1757 917 gratum,
1798 858 1868 900 ac
1901 840 2038 901 ideo
2066 841 2325 902 auditio-

185 962 336 1005 nem
376 951 439 1003 et
472 945 882 1019 receptionem
921 958 959 997 a
992 940 1269 1016 Domine,
1310 947 1585 1001 constare
1621 947 1823 1017 potest
1860 959 1896 999 a
1932 942 2327 1017 sequentibus

183 1046 289 1105 his
317 1045 495 1118 locis;
533 1043 695 1120 apud
720 1042 966 1120 Esajam
1004 1039 1303 1115 „Turma
1331 1036 1730 1102 oamelmm
1756 1042 1994 1121 obteyet
2023 1039 2131 1117 Te,
2172 1040 2324 1103 dro-

185 1143 421 1207 mades
446 1141 776 1204 mdiam'c
811 1148 872 1203 et
896 1139 1126 1221 Ephae
1139 1184 1157 1216 ,
1199 1158 1411 1200 omnes
1433 1159 1468 1199 e
1492 1139 1729 1203 Scheba
1765 1141 2026 1217 venient,
2071 1139 2329 1205 Aurum

187 1250 254 1307 et
287 1242 473 1306 Thus
486 1244 864 1324 portabunt,
905 1248 965 1301 et
999 1238 1227 1301 laudes
1252 1238 1529 1301 Jehovae
1552 1241 2069 1303 annuntiabunt“
2096 1242 2230 1302 LX:
2263 1244 2298 1303 6
2306 1263 2323 1318 3

190 1348 401 1426 agitur
434 1345 516 1403 ibi
551 1345 626 1404 de
663 1344 928 1402 adventu
956 1342 1213 1414 Domini,
1256 1358 1363 1417 per
1388 1347 1643 1406 turmam
1673 1341 2048 1402 Camelorum
2085 1349 2147 1402 et
2182 1343 2322 1403 dro-

190 1446 410 1507 mades
445 1444 719 1503 Midianis
759 1450 817 1502 et
853 1443 1065 1519 Ephae
1102 1441 1511 1519 significantur
1537 1444 1904 1520 cognitiones
1934 1445 2063 1502 veri
2097 1450 2158 1502 et
2184 1445 2325 1503 boni

197 1549 268 1606 in
304 1547 512 1622 copia3
567 1545 725 1621 quod
770 1559 975 1603 omnes
1032 1560 1069 1600 a
1106 1540 1346 1602 Scheba
1380 1545 1653 1617 venient,
1710 1544 2004 1622 significat
2053 1544 2214 1620 quod
2252 1562 2325 1605 ex

199 1644 642 1723 cognitionibus
687 1646 926 1721 genuini
960 1644 1090 1702 veri
1144 1647 1204 1701 et
1251 1641 1422 1715 boni,
1479 1643 1641 1720 quod
1676 1642 1913 1704 Scheba
1962 1644 2097 1703 illas
2134 1646 2321 1721 signi-
2418 1722 2425 1728 .

195 1746 360 1819 ficet,
391 1744 666 1804 videatur
690 1762 756 1803 n:
794 1747 822 1803 1
844 1747 872 1803 1
893 1750 925 1803 7
946 1747 1003 1802 1.
1043 1744 1257 1818 3:2403
1293 1758 1407 1820 per
1433 1760 1643 1802 aurum
1672 1750 1729 1803 et
1758 1744 1896 1803 thus
1926 1762 2082 1821 quae
2109 1752 2320 1822 porta-

192 1846 380 1917 bunt,
415 1845 782 1923 significatur
818 1846 1013 1905 cultus
1051 1861 1128 1901 ex
1161 1842 1319 1902 bono
1357 1845 1655 1919 spirituali
1690 1845 1850 1922 quod
1879 1862 1953 1904 ex
1987 1846 2144 1905 bono
2172 1862 2320 1906 coe-

191 1948 354 2020 lesti,
384 1964 601 2005 aurum
629 1945 925 2023 significat
950 1944 1170 2003 bonum
1187 1944 1452 2003 coeleste
1484 1950 1544 2003 et
1573 1944 1712 2004 thus
1739 1945 1959 2004 bonum
1987 1946 2319 2022 spirituale3

196 2050 341 2126 quia
366 2047 561 2107 cultus
600 2064 676 2106 ex
702 2047 820 2105 illis
856 2045 1239 2122 significatur,
1277 2044 1414 2103 ideo
1450 2045 1681 2119 dicitur,
1723 2053 1782 2106 ct
1804 2046 2018 2105 laudes
2048 2046 2322 2106 Jehovae

195 2149 634 2208 annuntiabunt
660 2193 678 2223 ‚
754 2164 865 2225 per
923 2145 1137 2204 laudes
1193 2144 1469 2206 Jehovae
1537 2149 1893 2205 annuntiare
1956 2147 2323 2223 significatur

195 2250 649 2326 Evangalizatio
686 2248 761 2308 de
798 2247 1075 2321 Domino,
1132 2252 1192 2320 et
1227 2245 1424 2304 cultus
1459 2246 1680 2323 Ipsius.
1738 2247 1917 2322 Apud
1948 2247 2322 2306 Matthaeum

199 2395 239 2426 „
249 2347 582 2430 Sapientes
631 2335 716 2411 ea>
768 2346 1003 2409 mente
1055 2335 1435 2427 aperuemnt
1490 2345 1819 2409 thesauros
1873 2364 2025 2408 suo-s·
2039 2392 2056 2422 ‚
2109 2352 2171 2409 et
2212 2347 2319 2408 ob-

200 2449 486 2514 tulerunt
530 2449 820 2511 Domino
870 2465 1082 2510 recens
1121 2454 1273 2509 nato
1310 2465 1595 2523 munera,
1633 2446 1921 2523 Aurum,
1983 2445 2165 2508 Thus
2180 2492 2196 2521 ‚
2261 2453 2323 2509 et

202 2548 594 2631 Myrrham“
630 2550 712 2609 11.-
747 2553 856 2625 113
892 2566 1003 2625 per
1036 2550 1342 2625 sapientes
1381 2567 1454 2607 ex
1494 2551 1719 2608 oriente
1757 2551 1940 2608 etiam
1973 2547 2318 2624 significan·-

204 2657 306 2709 tur
331 2650 419 2709 illi
453 2651 557 2726 qui
588 2652 649 2708 in
675 2649 1100 2726 cognitionibus
1129 2651 1257 2707 veri
1292 2659 1353 2709 et
1385 2649 1528 2708 boni
1562 2656 1730 2726 sunt3
1769 2648 1965 2708 cultus
2004 2665 2206 2708 eorum
2245 2666 2321 2709 ex

202 2751 377 2810 Bono
412 2748 689 2824 coelesti,
738 2749 906 2808 Bono
944 2750 1243 2827 spirituali
1298 2756 1357 2809 et
1389 2749 1560 2811 Bono
1611 2749 1897 2825 naturali,
1954 2748 2319 2827 significatur

199 2868 321 2930 per
359 2850 521 2927 quod
545 2849 862 2910 obtulerint
889 2868 1120 2920 aurum,
1157 2850 1295 2910 thus
1335 2857 1394 2909 et
1431 2850 1749 2928 myrrham,
1782 2867 1896 2928 per
1920 2867 2135 2910 aurum
2162 2852 2320 2912 enim

199 2953 573 3030 significatur
606 2951 825 3010 bonum
855 2951 1142 3026 coeleste,
1181 2969 1291 3027 pcr
1325 2950 1463 3010 thus
1498 2950 1719 3009 bonum
1750 2951 2082 3027 spirituale,
2122 2957 2183 3010 et
2208 2969 2319 3028 per

201 3053 500 3129 myrrham
550 3052 772 3111 bonum
824 3051 1126 3127 naturale3
1183 3051 1345 3128 quod
1394 3052 1543 3113 talia
1578 3053 1983 3129 significentur
2033 3069 2145 3128 per
2191 3052 2316 3126 illa,

200 3161 405 3212 notum
442 3153 639 3212 adhuc
676 3159 804 3211 erat
839 3152 1114 3228 pluribus
1156 3150 1533 3226 moriente,
1592 3153 1748 3211 unde
1787 3155 1962 3211 etiam
1998 3152 2141 3211 dicti
2175 3158 2319 3210 sunt

202 3253 311 3312 filii·
330 3253 611 3327 Orientis,
649 3271 760 3329 per
796 3270 944 3329 quos
981 3255 1040 3310 in
1071 3251 1274 3311 Verbo
1311 3253 1720 3329 intelliguntur
1753 3253 1840 3312 illi
1875 3255 1981 3329 qui
2024 3255 2082 3310 in
2110 3255 2320 3331 cogni-

204 3354 462 3412 tionibus
499 3355 629 3414 veri
667 3360 726 3411 et
760 3353 899 3412 boni
936 3359 1093 3427 sunt,
1134 3353 1413 3412 videatur
1447 3372 1518 3412 n:
1566 3354 1773 3413 3249.
1816 3355 2027 3427 37623
2066 3354 2319 3410 scientia

208 3456 360 3513 enim
396 3453 1063 3530 correspondentiarum
1102 3453 1295 3512 adhuc
1332 3460 1703 3512 remanserat
1740 3452 1900 3529 apud
1934 3451 2088 3522 illos,
2129 3468 2322 3527 quare

203 3561 270 3612 ut
300 3561 668 3629 testarentur
702 3554 988 3630 gaudium
1017 3553 1212 3613 cordis
1241 3556 1352 3628 sui,
1393 3554 1737 3613 obtulerunt
1771 3551 1915 3610 talia
1946 3567 2099 3625 quae
2128 3551 2317 3627 signi-

205 3651 457 3711 ficabant
503 3669 679 3712 omne
729 3653 950 3713 bonnm
1002 3672 1039 3712 a
1071 3656 1262 3730 primo
1299 3653 1376 3711 ad
1413 3655 1716 3730 ultimum3
1774 3657 1834 3710 ct
1865 3650 1977 3709 hoc
2031 3655 2124 3708 cst
2160 3649 2320 3727 quod

208 3752 573 3828 praedictum
619 3753 780 3831 apud
815 3755 1085 3830 Esnjaw,
1143 3753 1301 3829 quod
1338 3771 1369 3812 e
1410 3753 1648 3813 Scheba
1680 3754 1947 3826 venturi,
2012 3765 2071 3809 ct
2105 3768 2317 3811 aurum

211 3858 270 3911 et
304 3852 439 3910 thus
473 3842 822 3930 portabunt,
889 3862 948 3913 et
990 3854 1201 3913 laudes
1240 3853 1514 3914 Jehovae
1564 3854 2025 3922 annuntiabunt,
2087 3852 2161 3914 de
2199 3871 2318 3930 quo

208 3971 345 4011 mox
382 3968 587 4030 supra.
643 3954 823 4031 Apud
856 3955 1214 4014 Malachiam
1259 3952 1404 4029 „Ab
1446 3960 1591 4015 ortu
1631 3951 1808 4014 Solis
1848 3971 2047 4034 usque
2082 3952 2173 4014 ad
2217 3971 2321 4014 oc·

202 4071 424 4114 casum
438 4095 456 4128 ,
520 4070 826 4134 magnum
882 4054 1005 4115 erit
1057 4053 1303 4114 Nomen
1347 4073 1557 4116 meum
1609 4054 1776 4117 inter
1824 4045 2085 4130 Gentes,
2139 4057 2199 4113 et
2248 4053 2321 4114 in

203 4153 374 4215 omni
412 4150 543 4214 loco
581 4154 846 4235 suffitus
883 4152 1129 4216 allatus·
1153 4153 1423 4215 Nomim'
1458 4173 1612 4230 mec,
1648 4162 1709 4215 et
1735 4153 2000 4217 Bsincha
2027 4150 2317 4214 munda“

200 4255 261 4315 1:
311 4258 428 4323 11,·
479 4254 555 4313 ab
597 4263 730 4315 ortu
769 4255 914 4314 solis
953 4272 1149 4331 usque
1189 4254 1267 4313 ad
1302 4271 1581 4314 occasum
1619 4273 1898 4333 magnum
1936 4254 2049 4313 erit
2083 4251 2319 4311 Nomen
