2791 4778
490 375 593 425 1530
933 363 1421 416 APOCALYPSIS
1467 363 1898 422 EXPLICATA.
1960 365 2004 432 §.
2048 374 2176 426 331.

477 543 603 581 rum
662 522 911 581 filiorum
952 522 1228 596 Israelis,
1284 541 1394 600 per
1442 522 1594 582 filios
1630 523 1873 582 Israelis
1923 525 2288 601 significatur
2320 524 2540 582 Ecclesia

474 622 827 698 spiritualiS,
866 633 922 681 et
960 641 1069 699 per
1102 641 1411 681 numerum
1449 640 1656 682 eorum
1692 641 1800 683 seu
1839 624 2152 683 duodecim
2191 624 2451 684 Tribuum
2484 623 2539 682 ab

472 725 587 783 illis
624 725 1081 796 nominatarum,
1133 723 1542 801 significantur
1589 727 1785 784 omnia
1831 742 1978 784 vera
2024 731 2082 783 et
2133 725 2293 783 bona
2322 724 2426 798 ibi,
2469 726 2541 788 vi-

473 826 684 883 deatur
734 843 868 882 mox
906 840 1090 900 supra
1142 843 1207 883 n:
1255 827 1427 897 330,
1481 825 1618 883 ideo
1653 825 1741 883 illi
1777 832 2067 884 vocantur
2102 825 2345 902 populi3
2397 841 2542 900 sepa·

471 944 602 984 rare
641 925 774 983 illos
813 931 871 983 et
907 926 1269 982 constituere
1307 927 1593 984 terminos
1623 924 1873 996 illorum,
1918 926 2216 1002 significat
2255 925 2545 983 abalienare

472 1047 507 1084 a
544 1026 711 1084 salsis
752 1032 809 1084 et
849 1025 1069 1083 donare
1114 1028 1302 1099 voris;
1344 1034 1403 1083 et
1438 1025 1868 1084 haereditatem
1909 1026 2052 1084 dare
2089 1025 2365 1102 gentibus
2399 1026 2544 1100 signi·

469 1126 610 1186 ficat
658 1125 890 1186 coelum
945 1133 1005 1182 et
1040 1126 1515 1203 conjunctionem
1572 1145 1701 1184 rum
1754 1126 1872 1184 illis
1924 1129 2025 1202 qui
2072 1129 2132 1185 in
2189 1126 2343 1184 bono
2377 1124 2548 1183 amoris
2661 1167 2662 1176 κ

471 1234 626 1285 eunt.
686 1225 862 1302 Apud
899 1227 1213 1300 Danielem
1256 1271 1289 1300 „
1317 1223 1547 1285 Omnes
1582 1223 1851 1304 Populi,
1894 1224 2159 1301 Gentes,
2204 1232 2264 1286 et
2301 1224 2549 1303 Linquae
2661 1225 2662 1232 ’

470 1327 698 1406 Ipsum
772 1322 968 1386 colent
994 1346 1019 1396 ;
1094 1324 1478 1386 Dominium
1530 1325 1755 1405 Ipsius
1807 1325 2202 1387 Dominium
2280 1333 2549 1387 (temam

468 1428 636 1506 quod
674 1445 798 1487 non
832 1426 1163 1502 transibit,
1218 1432 1276 1486 et
1315 1426 1616 1506 Reynum
1651 1425 1876 1505 Ipsius
1928 1426 2099 1506 quod
2147 1447 2277 1488 non
2306 1423 2544 1506 peribit“

470 1528 618 1589 VII:
667 1533 792 1607 143
847 1528 999 1586 haec
1038 1527 1112 1587 de
1148 1528 1439 1600 Domino,
1482 1536 1542 1586 et
1580 1545 1689 1603 per
1722 1529 1982 1604 populos
2022 1536 2082 1587 et
2117 1535 2332 1605 gentes
2366 1523 2547 1586 intelli·
2663 1613 2664 1628 χ

468 1637 688 1705 guntur
717 1642 922 1686 omnes
961 1630 1061 1703 qui
1089 1631 1146 1687 in
1177 1629 1334 1687 veris
1374 1635 1434 1686 et
1467 1628 1638 1687 bonis
1671 1635 1839 1705 sunt3
1881 1634 1941 1686 et
1975 1646 2087 1704 per
2113 1645 2323 1687 omnes
2356 1628 2549 1703 linguas

467 1730 882 1804 intelliguntur
920 1744 951 1783 e
984 1745 1336 1805 quacunque
1366 1728 1632 1787 doctrina
1669 1745 1779 1787 seu
1807 1728 2114 1805 religione,
2155 1747 2295 1787 nam
2321 1726 2550 1787 Ecclesia

465 1830 707 1886 Domini
746 1832 837 1886 est
864 1828 1237 1904 universalis,
1280 1838 1371 1887 est
1409 1829 1563 1888 enim
1602 1829 1762 1905 apud
1796 1846 2000 1887 omnes
2031 1832 2129 1905 qui
2158 1833 2223 1913 in
2249 1830 2400 1888 bono
2424 1829 2547 1884 vitae

429 1924 630 2000 sunt,
697 1936 755 1986 et
805 1944 878 1986 ex
929 1927 1194 1987 doctriua
1248 1946 1359 1987 sua
1423 1936 1697 2006 spectant
1750 1929 1824 1987 ad
1862 1930 2125 2004 coelum,
2188 1937 2250 1989 et
2284 1926 2473 2008 perid
2498 1940 2547 1983 se

466 2030 831 2105 conjungunt
867 2027 1158 2103 Domino,
1213 2029 1286 2088 de
1340 2029 1557 2106 quibus
1616 2029 1888 2091 videatur
1923 2033 1982 2088 in
2026 2028 2235 2108 Opere
2274 2031 2345 2089 de
2369 2027 2548 2087 ‘Cotto

463 2147 540 2189 m·
580 2130 855 2189 INFERNO
895 2148 965 2186 n:
1013 2131 1149 2189 318
1192 2129 1267 2187 ad
1303 2133 1476 2207 3283
1518 2132 1658 2206 quia
1695 2137 1906 2206 gentes
1945 2132 2286 2206 significant
2317 2130 2439 2189 illos
2469 2124 2547 2202 qui

460 2234 520 2290 in
556 2231 711 2290 bono
750 2233 965 2288 amoris
1003 2238 1172 2301 sunt,
1227 2237 1287 2287 et
1322 2249 1430 2305 per
1465 2230 1721 2306 populos
1760 2233 1860 2306 qui
1895 2234 1954 2289 in
1987 2231 2144 2290 bono
2185 2230 2473 2292 charitatis
2501 2230 2546 2283 et

459 2332 596 2393 inde
655 2334 814 2393 veris
877 2331 1044 2406 fidei,
1113 2332 1246 2389 ideo
1310 2330 1524 2391 dicitur
1577 2332 1917 2392 Dominium
1979 2330 2183 2409 Ipsius
2247 2329 2544 2392 Dominium

462 2443 797 2508 aeternnm,
858 2443 917 2494 et
952 2433 1221 2510 Regnum
1260 2433 1461 2508 Ipsius
1526 2450 1640 2491 non
1691 2432 2066 2509 praeteribit,
2132 2433 2465 2494 Dominium
2500 2429 2544 2485 in

461 2534 662 2594 Verbo
703 2536 916 2594 dicitur
971 2533 1043 2592 de
1080 2534 1237 2593 bono
1291 2540 1350 2592 et
1397 2533 1670 2609 Regnum
1719 2534 1792 2591 de
1830 2551 1972 2592 vero
1997 2578 2012 2605 ,
2068 2552 2256 2610 quare
2292 2532 2544 2594 Dominus

458 2636 672 2693 dicitur
706 2636 1000 2693 Dominus
1051 2653 1124 2694 ex
1174 2635 1394 2693 Divino
1443 2633 1646 2709 Bono,
1715 2641 1774 2691 et
1821 2634 1954 2694 Rex
2018 2654 2091 2693 ex
2138 2635 2360 2694 Divino
2393 2631 2543 2691 Vero.

457 2735 708 2791 Praeter
757 2734 907 2792 haec
957 2736 1091 2794 loca
1147 2738 1324 2793 etiam
1381 2736 1501 2793 alia
1555 2734 1788 2804 dantur,
1853 2752 2007 2811 quae
2062 2735 2280 2795 adduci
2335 2734 2547 2811 possent

458 2833 535 2889 ad
573 2833 1034 2891 confirmandum
1075 2834 1233 2910 quod
1267 2834 1478 2910 populi
1514 2834 1847 2913 significent
1880 2835 2017 2893 illos
2056 2837 2155 2912 qui
2193 2836 2270 2894 ab
2308 2831 2548 2894 Ecclesia

456 2932 753 3008 spirituali
782 2941 939 3003 sunt,
978 2941 1036 2991 et
1062 2940 1272 3008 gentes
1301 2934 1437 2992 illos
1476 2938 1577 3011 qui
1616 2935 1692 2994 ab
1721 2937 1995 2995 Ecclesia
2022 2937 2301 3013 coelesti;
2340 2929 2547 2994 sedilia

454 3032 647 3092 solum
686 3032 781 3092 hic
819 3032 1076 3092 adducta
1112 3040 1285 3108 sunt,
1323 3036 1384 3091 in
1419 3036 1636 3114 quibus
1666 3037 2022 3114 conjunctim
2058 3039 2432 3095 nominantur
2452 3046 2545 3108 po-

453 3132 582 3208 puli
637 3141 695 3190 et
742 3141 984 3209 gentes;
1043 3132 1258 3209 quibus
1315 3133 1520 3210 aliqua
1568 3136 1951 3213 adjicientur,
2009 3139 2067 3195 in
2118 3137 2334 3214 quibus
2381 3133 2548 3194 solum

454 3241 704 3310 gentes3
762 3234 922 3310 apud
958 3235 1198 3312 Esajam
1241 3234 1553 3313 „Aperite
1575 3243 1807 3315 portas
1844 3243 1917 3298 ut
1953 3236 2366 3316 inyrediatur
2399 3232 2547 3295 Gens

436 3334 629 3418 justa
667 3334 1028 3397 custodiens
1064 3332 1457 3416 fidelitate8‚
1497 3335 1828 3398 addidisti
1864 3338 2044 3418 yenti
2077 3337 2391 3415 Jehovalz‚
2443 3331 2544 3395 ad·

451 3434 693 3500 didisti
731 3436 954 3514 Genti,
1001 3433 1410 3517 ylorificatus·
1449 3456 1543 3512 ee,
1582 3438 1912 3499 removisti
1949 3457 2161 3500 omnes
2194 3436 2542 3501 extremita-

448 3545 541 3599 tes
584 3542 834 3600 terrae“
877 3538 1119 3598 XXVI:
1156 3540 1215 3593 2.
1260 3540 1365 3596 15.
1421 3538 1599 3614 Apud
1627 3539 1920 3599 Davidem
1964 3538 2453 3615 „Convertentur
2472 3529 2545 3594 ad

442 3635 748 3699 Jehovam
793 3656 1002 3697 omnes
1025 3638 1192 3717 fines
1232 3641 1462 3712 terrae,
1510 3645 1570 3699 et
1595 3637 1951 3700 adorabunt
1989 3659 2203 3701 coram
2235 3641 2323 3703 Te
2357 3651 2544 3700 omnes

430 3736 740 3817 familiae
797 3736 1128 3808 Gentium,
1190 3736 1343 3815 quia
1398 3738 1671 3800 Jehovae
1719 3739 2050 3820 Regnum,
2116 3748 2174 3802 et
2226 3740 2542 3803 dominam

441 3836 608 3898 inter
647 3837 882 3897 Gentes
906 3839 939 3870 ‘⁴
998 3838 1228 3897 Psalm:
1268 3838 1491 3900 XXII:
1537 3844 1646 3900 28.
1687 3844 1796 3900 29.
1855 3841 2035 3917 Apud
2067 3842 2310 3919 Esajam
2349 3836 2541 3917 „Am-

441 3934 740 3997 halabant
782 3935 1012 3997 Gentes
1051 3937 1140 3998 ad
1186 3936 1384 4000 lucem
1424 3947 1634 4015 tuam,
1687 3947 1747 4002 et
1789 3941 2003 4023 Reyes
2041 3940 2132 4002 ad
2170 3940 2542 4023 splendorem

442 4045 623 4098 ortus
666 4036 796 4112 tui,
855 4036 1155 4103 dilatabit
1193 4060 1259 4100 se
1296 4059 1403 4102 eor
1440 4048 1654 4115 tuum,
1710 4041 1879 4121 quod
1919 4048 2317 4106 eonvertatur
2352 4038 2440 4101 ad
2468 4033 2543 4099 Te

439 4135 785 4199 nzzdtitudo
824 4140 1055 4215 inari-9,
1109 4141 1425 4203 exercitus
1466 4141 1768 4204 Gentium
1804 4143 2060 4203 veniant
2093 4142 2183 4203 ad
2230 4142 2320 4205 Te
2346 4143 2382 4176 ’ί
2420 4136 2539 4198 LX:

444 4242 502 4297 3.
552 4241 609 4298 5.
660 4244 684 4298 l
710 4244 763 4298 1.
820 4240 1001 4319 Apud
1036 4242 1304 4300 Eundem
1346 4288 1379 4315 „
1405 4240 1718 4303 Videbunt
1741 4261 1951 4303 omnes
1981 4241 2213 4304 Gentes
2222 4239 2541 4328 justitiam

2641 551 2661 760 l
