2791 4778
297 403 302 404 f
393 326 618 384 cAPo'r
660 326 975 385 sEx'rUM.
1704 326 1912 381 vans:
1960 338 2049 389 12.
2225 341 2332 394 391

254 487 440 548 adhuc
470 486 611 546 dies
625 532 646 563 ‚
688 486 973 568 pudefiet
1000 493 1059 547 et
1102 486 1439 562 erubescet,
1494 493 1553 547 et
1585 483 1894 565 reliquias
1933 505 2147 548 eorum
2183 486 2332 568 yla-

253 588 345 650 dio
382 583 537 649 dabo
575 608 790 650 coram
828 587 1115 649 hostibus
1162 590 1420 647 eorum“
1483 587 1635 647 XV:
1683 592 1752 662 93
1805 606 1916 664 per
1953 587 2338 664 elanguescat

252 708 384 765 quae
415 697 741 766 pepererat
776 695 1030 765 septem,
1082 688 1411 764 exspirabit
1447 692 1701 748 animam
1729 704 1918 761 suam,
1969 688 2335 764 significatur

249 790 496 850 Ecclesia
531 792 633 850 cui
672 789 968 866 Verbum,
1026 797 1088 848 et
1123 806 1231 865 per
1275 788 1334 848 id
1369 792 1569 848 omnia
1608 806 1754 847 vera
1790 788 1930 847 data
1967 797 2124 862 sunt,
2175 790 2336 866 quod

248 893 513 966 peritura,
571 908 789 967 parere
828 898 1060 965 septem
1105 896 1196 948 est
1240 890 1447 948 donari
1484 889 1755 948 omnibus
1810 890 1968 947 veris
2006 888 2335 959 Ecclesiae,

249 992 493 1050 similiter
529 1008 604 1050 ae
639 994 699 1049 in
733 991 912 1048 Libro
950 991 981 1047 I
1029 989 1332 1049 Samuelis
1383 989 1542 1068 Cap:
1579 989 1671 1048 II:
1719 990 1751 1049 5
1774 1034 1790 1064 ‚
1845 989 2118 1049 videatur
2150 1006 2337 1066 supra

248 1110 304 1152 n:
341 1094 469 1151 257
493 1112 512 1166 3
565 1110 681 1174 per
727 1090 958 1150 occidet
999 1091 1092 1150 sol
1136 1091 1265 1167 ejus
1314 1108 1448 1149 cum
1495 1090 1688 1150 adhuc
1737 1091 1898 1163 dies,
1969 1090 2337 1166 significatur

252 1192 390 1268 quod
423 1194 758 1268 periturum
786 1191 1006 1249 bonum
1044 1171 1380 1261 Ecclesiae,
1427 1193 1667 1251 tametsi
1702 1190 1971 1250 Verbum
2005 1193 2061 1249 ei
2105 1197 2223 1265 est,
2276 1198 2337 1250 et

247 1309 343 1367 per
368 1293 673 1368 id‘potest
697 1295 758 1350 in
790 1293 926 1352 luce
976 1309 1146 1368 esse3
1199 1291 1468 1368 pudefiet
1503 1300 1562 1350 et
1598 1291 1914 1350 erubescet
1956 1308 2170 1367 nempe
2209 1290 2331 1366 Sol,
2430 1330 2445 1356 .

248 1392 516 1469 significat
556 1395 703 1470 quia
739 1393 960 1452 bonum
996 1401 1056 1451 et
1094 1410 1297 1451 verum
1341 1410 1460 1451 non
1495 1394 1888 1467 recipiuntur,
1954 1390 2063 1449 sed
2113 1391 2336 1454 malum

246 1499 297 1550 et
330 1494 573 1567 salsum,
635 1501 701 1551 ut
736 1510 971 1568 quoque
1009 1500 1179 1569 patet
1222 1512 1258 1552 a
1304 1510 1440 1551 mox
1482 1499 1773 1568 sequente
1809 1492 1942 1551 loco
1979 1491 2141 1567 apud
2177 1493 2336 1552 Esa-

240 1593 374 1671 jam3
449 1593 742 1670 reliquias
800 1611 1005 1651 eorum
1059 1592 1257 1669 gladio
1318 1594 1477 1652 dabo
1528 1611 1726 1653 coram
1778 1592 2050 1651 hostibus
2106 1609 2330 1665 eorum,

246 1694 515 1769 significat
550 1693 716 1770 quod
751 1710 922 1752 omne
959 1693 1265 1753 residuum
1297 1694 1519 1754 bonum
1559 1701 1618 1754 et
1651 1712 1861 1753 verum
1895 1695 2226 1771 periturum
2253 1696 2335 1752 sit

246 1811 340 1869 per
371 1796 583 1853 falsum
640 1812 711 1851 ex
749 1794 936 1867 malo,
991 1795 1280 1870 reliquiae
1333 1803 1474 1855 sunt
1520 1812 1692 1853 omne
1742 1795 2077 1868 residuum,
2132 1793 2331 1870 gladio

246 1893 356 1953 dari
391 1904 483 1955 est
525 1896 729 1971 perire
777 1912 889 1972 per
935 1894 1121 1963 falsa,
1171 1895 1377 1954 hostes
1418 1902 1557 1955 sunt
1601 1896 1777 1954 mala.
1856 1888 2035 1971 Apud
2089 1896 2333 1973 EsaJam

246 2036 278 2066 ,‚
299 1992 595 2056 Viez’tabit
635 1992 916 2054 Jehovah
956 2014 1149 2073 super
1184 1993 1533 2056 emere-itum
1578 1993 1953 2056 altitudinis
1990 1994 2060 2054 in
2102 1992 2333 2057 altitu·-

248 2093 401 2170 dine,
471 2101 531 2156 et
581 2114 776 2175 super
825 2115 1005 2174 reyes
1068 2102 1271 2155 terrae
1321 2114 1512 2173 super
1563 2100 1733 2154 tem-a
1747 2139 1763 2165 ‚
1832 2100 1980 2155 tunc
2028 2095 2332 2155 erubescet

248 2190 386 2255 luna
412 2204 467 2257 et
491 2195 779 2276 pudefiet
818 2193 960 2256 sov‘
1000 2195 1244 2256 XXIV:
1288 2199 1400 2253 21.
1446 2197 1567 2270 ‘233
1622 2196 1866 2253 visitare
1902 2194 2196 2271 significat
2223 2194 2330 2253 de-

250 2302 486 2371 struere,
540 2299 685 2374 quia
723 2298 983 2355 visitatio
1021 2296 1330 2372 praecedit
1361 2295 1693 2369 Judicium,
1733 2294 1969 2371 quando
2006 2293 2328 2353 destruun-

256 2400 344 2452 tur
375 2398 456 2455 illi
487 2401 680 2474 quiin
716 2398 889 2456 malis
931 2405 989 2457 et
1032 2398 1174 2459 inde.
1220 2398 1387 2456 falsis
1440 2404 1606 2474 sunt3
1660 2415 1771 2473 per
1816 2397 2142 2454 exercitum
2190 2395 2328 2454 alti-

255 2495 452 2557 tudinis
484 2500 537 2556 in
577 2498 919 2572 altitudine,
958 2498 1369 2574 significantur
1402 2500 1601 2557 omnia
1635 2497 1792 2555 mala
1828 2513 1982 2573 quae
2022 2513 2090 2554 ex
2128 2513 2330 2555 amore

249 2599 357 2668 sui,
427 2618 532 2675 per
602 2602 928 2658 exercitum
1001 2601 1197 2657 omnia
1255 2599 1439 2672 mala,
1529 2616 1640 2674 per
1698 2613 1871 2672 reges
1927 2604 2122 2654 terrae
2175 2596 2332 2654 falsa

247 2701 415 2756 omnis
476 2701 751 2776 generiS,
842 2708 901 2758 et
968 2717 1077 2775 per
1139 2706 1354 2756 terram
1416 2698 1784 2774 significatur
1829 2697 2129 2771 Ecclesia3
2191 2696 2330 2756 inde

246 2806 497 2858 constare
567 2805 798 2877 potest,
899 2799 1039 2875 quid
1108 2796 1474 2874 significatur
1532 2815 1642 2874 per
1724 2797 1987 2856 visitabit
2051 2797 2333 2859 Jehovah

243 2911 410 2974 super
470 2902 799 2960 exercitum
870 2901 1198 2959 altitudinis
1266 2901 1326 2956 in
1385 2898 1725 2967 altitudine,
1802 2905 1864 2956 et
1920 2915 2106 2975 super
2155 2917 2331 2976 reges
2373 2901 2530 2967 [603]

242 2999 417 3059 terrae
467 3018 657 3076 super
701 3007 857 3059 terra
869 3022 886 3076 3
960 3000 1118 3075 quod
1171 2998 1402 3058 dicatur
1456 3016 1639 3075 super
1701 3000 2026 3058 exercitum
2067 2998 2332 3059 altitudi-

244 3099 326 3157 nis
369 3103 428 3158 in
479 3100 824 3175 altitudine,
901 3108 992 3160 est
1042 3101 1184 3176 quia
1236 3099 1324 3158 illi
1381 3102 1483 3176 qui
1532 3103 1593 3158 in
1646 3117 1846 3158 amore
1899 3102 1994 3157 sui
2042 3108 2205 3172 sunt,
2275 3103 2335 3158 in

240 3195 448 3260 Mundo
492 3201 792 3278 spirituali
842 3201 965 3260 alta
1009 3201 1145 3259 loca
1194 3207 1439 3277 petunt3
1493 3218 1603 3277 per
1638 3207 1777 3259 tunc
1814 3190 2129 3259 erubescet
2162 3200 2336 3258 Luna

242 3305 295 3355 et
324 3301 589 3375 pudefiet
625 3300 758 3376 Sol,
797 3300 1165 3378 significatur
1193 3301 1351 3376 quod
1387 3319 1504 3359 non
1539 3301 1795 3376 amplius
1828 3301 2096 3374 receptio
2131 3299 2337 3358 Divini

242 3395 376 3458 Veri
419 3419 491 3461 ac
537 3402 742 3460 Divini
776 3400 958 3474 Boni,
1014 3401 1155 3459 luna
1200 3408 1262 3460 et
1308 3401 1402 3459 sol
1449 3400 1782 3476 significant
1833 3417 2042 3455 verum
2086 3397 2228 3455 fidei
2275 3405 2335 3457 et

241 3494 444 3559 bonum
483 3505 733 3577 amoris,
784 3520 938 3578 quae
975 3502 1247 3560 dicuntur
1285 3499 1639 3560 erubescere
1678 3506 1738 3556 et
1771 3496 2060 3573 pudefieri
2096 3495 2334 3570 quando

242 3614 348 3657 non
385 3602 641 3679 amplius
678 3604 1077 3679 recipiuntur,
1133 3600 1243 3659 sed
1287 3600 1426 3664 loco
1479 3616 1682 3657 eorum
1721 3598 1942 3656 falsum
1976 3602 2038 3655 et
2090 3595 2333 3657 malum.

243 3692 408 3774 Apud
440 3702 734 3761 Davidem
775 3700 1106 3777 „Jehovah
1140 3702 1250 3780 qui
1272 3700 1438 3785 fecit
1472 3696 1670 3761 coelos
1696 3714 1816 3777 per
1843 3693 2336 3775 intelliyentiam

242 3815 415 3859 cuam
427 3846 445 3876 ,
501 3802 812 3879 expandit
857 3808 1091 3863 terram
1133 3820 1323 3880 super
1352 3798 1542 3879 aquia
1553 3845 1571 3875 ,
1614 3797 1777 3879 fecit
1813 3795 2164 3858 luminaria
2191 3814 2334 3856 ma—

242 3915 384 3975 gma,
436 3899 648 3962 Solem
694 3902 767 3963 in
818 3902 1176 3963 dominium
1219 3901 1288 3960 z'n
1349 3899 1487 3974 die,
1566 3898 1827 3960 Lunam
1872 3904 1933 3958 et
1987 3893 2211 3957 stellas
2266 3896 2338 3957 in

241 3995 583 4063 dominium
620 4002 692 4062 in
737 4009 949 4065 nocte.-
1007 4000 1331 4080 percussit
1363 3999 1741 4080 Aeyyptum
1777 4000 1849 4059 in
1891 3995 2340 4078 pv-imoyenitie

240 4114 461 4175 comm,
490 4110 548 4164 et
572 4101 801 4164 eduxit
824 4100 1132 4165 Israelem
1161 4121 1193 4161 e
1219 4100 1424 4161 medio
1451 4104 1712 4162 eorum“
1739 4101 1962 4160 Psalme
1991 4098 2339 4160 CXXXVI:

250 4198 303 4256 5.
347 4205 403 4260 6.
452 4208 507 4260 7.
554 4208 613 4265 8.
658 4207 716 4264 9.
766 4208 871 4263 10.
923 4208 1042 4279 113
1111 4205 1213 4278 qui
1275 4201 1426 4260 nihil
1479 4205 1644 4261 novit
1690 4202 1763 4263 de
1813 4218 1997 4264 sensu
2044 4199 2347 4278 spirituali
