2791 4778
469 357 576 410 416
809 346 1304 402 APOCALYPSIS
1348 344 1785 403 EXPLIOATA.
1851 346 1898 414 §⁴
1943 355 2069 408 404.
2114 355 2249 410 405.

468 506 841 590 particulari,
913 523 1052 565 nam
1097 506 1157 565 in
1205 505 1431 568 Mundo
1486 504 1816 582 spirituali,
1882 504 2060 583 quale
2110 511 2208 565 est
2259 523 2576 586 commune,

467 607 586 668 tale
625 612 718 665 est
749 607 1151 683 particulare,
1189 605 1463 665 videatur
1504 607 1565 663 in
1601 604 1803 682 Opere
1841 605 1915 665 de
1956 604 2159 668 Cosso
2195 625 2276 665 Μ’
2311 606 2575 670 Iunium

469 726 532 766 n:
592 712 623 766 7
641 709 699 767 3.
766 707 886 766 Per
933 706 1149 765 librum
1195 705 1546 783 intelligitur
1596 705 1910 782 volumen,
1978 708 2256 783 quoniam
2325 711 2576 788 antiquis

469 807 836 883 temporibus
889 825 1007 867 non
1055 813 1224 865 erant
1273 809 1404 883 typi
1454 813 1515 866 et
1565 805 1707 894 inde¹
1756 806 1895 866 libri
1948 806 2159 884 quales
2209 807 2422 883 hodie,
2475 810 2574 869 sed

270 919 429 982 [619]
475 896 652 968 erant
679 907 980 967 volumina
1014 925 1092 968 ex·
1123 907 1514 982 membranis,
1568 908 1706 967 inde
1739 925 1851 984 per
1883 907 2098 967 Libros
2126 909 2190 966 in
2218 906 2575 988 Apocalypsi

469 1008 886 1084 intelliguntur
919 1007 1258 1079 volumina,
1290 1013 1350 1065 et
1376 1024 1489 1083 per
1519 1007 1816 1068 abscessit
1843 1009 2075 1068 coelum
2117 1014 2397 1084 tanquam
2430 1009 2573 1069 liber

470 1107 824 1167 convolutus
837 1152 853 1183 ,
906 1108 1258 1185 intelligitur
1293 1113 1572 1184 tanquam
1626 1107 1908 1168 volumen
1950 1107 2353 1184 convolutum,
2405 1110 2564 1170 simi-

466 1208 602 1282 liter
641 1207 803 1283 apud
846 1209 1090 1286 Esajam
1145 1251 1181 1281 „
1195 1204 1593 1268 contabescet
1635 1207 1844 1270 omnis
1887 1207 2212 1272 exercitus
2257 1206 2566 1279 coelorum,

468 1316 528 1369 et
570 1305 1010 1370 convolveretur
1022 1354 1039 1384 ,
1106 1307 1276 1369 sicut
1316 1304 1498 1384 liber,
1551 1304 1755 1368 coeli“
1795 1308 2108 1369 XXXIV:
2154 1312 2219 1368 4.

676 1411 839 1470 405.
890 1410 968 1468 Et
1008 1411 1197 1470 omnis
1233 1424 1403 1468 mons
1445 1415 1506 1468 et
1534 1408 1736 1467 insula
1775 1426 1808 1468 e
1847 1409 2164 1469 locis-suis
2203 1416 2405 1469 emota
2428 1417 2569 1487 sunt,

470 1510 634 1586 quod
673 1509 968 1587 significet
1014 1508 1172 1585 quod
1213 1509 1385 1568 omne
1435 1508 1656 1568 bonum
1684 1511 1899 1569 amoris
1946 1516 2006 1569 et
2039 1528 2250 1570 verum
2276 1510 2417 1570 fidei
2440 1529 2575 1589 per-

467 1613 632 1683 ierit,
704 1616 937 1670 constat
977 1626 1052 1667 ex
1093 1607 1523 1685 significatione
1565 1613 1811 1685 montis,
1867 1610 2026 1686 quod
2056 1613 2134 1670 sit
2166 1610 2391 1671 bonum
2414 1629 2571 1671 amo·

468 1713 551 1769 ris
590 1714 649 1768 in
694 1712 1042 1783 Dominum,
1106 1709 1182 1768 de
1220 1727 1340 1786 qua
1375 1712 1676 1787 sequitur3
1733 1728 1807 1770 ex
1856 1711 2289 1787 significatione
2332 1712 2571 1789 insulae,

469 1810 629 1884 qnod
672 1810 749 1868 sit
803 1826 1012 1868 verum
1045 1808 1231 1882 fidei,
1313 1809 1388 1869 de
1443 1827 1561 1886 qua
1607 1813 1671 1869 in
1717 1813 1992 1887 sequenti
2041 1812 2350 1890 Articulo3
2395 1808 2463 1873 'et
2504 1830 2572 1872 ex

467 1910 896 1985 significatione
935 1911 1200 1969 emoveri
1231 1908 1412 1985 locis»,
1469 1911 1631 1987 quod
1676 1913 1753 1971 sit
1800 1914 2020 1972 auferri
2057 1918 2118 1971 et
2150 1915 2391 1990 perire,
2446 1916 2574 1991 quia

462 2009 813 2087 intelligitur
846 2009 1069 2069 bonum
1108 2012 1327 2070 amoris
1378 2017 1440 2069 et
1483 2028 1694 2071 verum
1741 2012 1918 2083 fidei,
1980 2012 2219 2089 quando
2271 2016 2433 2075 enim
2476 2013 2572 2074 illa

468 2118 818 2172 emoventur
855 2111 1005 2172 locis
1041 2112 1201 2181 suiS‚
1251 2118 1393 2171 tunc
1421 2112 1752 2172 succedunt
1795 2112 1955 2173 mala
1989 2120 2049 2173 et
2089 2113 2278 2186 falsa,
2320 2132 2394 2173 ac
2428 2114 2573 2173 bona

468 2218 529 2271 et
584 2228 727 2271 vera
782 2230 893 2289 per
946 2211 1105 2271 mala
1151 2219 1210 2269 et
1261 2211 1418 2271 falsa
1471 2219 1743 2290 pereunt.
1844 2213 2020 2290 Quod
2062 2215 2236 2274 Mons
2290 2215 2572 2293 significet

465 2312 683 2373 bonum
728 2315 985 2387 amoris,
1044 2321 1137 2371 est
1184 2314 1323 2388 quia
1372 2315 1436 2372 in
1490 2312 1672 2372 Coelo
1726 2330 1912 2392 super
1962 2315 2263 2376 montibus
2313 2316 2572 2374 habitant

466 2416 566 2490 qui
601 2417 662 2472 in
695 2413 852 2475 bono
890 2417 1108 2473 amoris
1143 2415 1205 2471 in
1252 2413 1575 2474 Dominum
1625 2423 1795 2491 sunt,
1853 2422 1915 2474 et
1956 2433 2141 2494 super
2188 2416 2438 2477 collibus
2475 2417 2573 2494 qui

463 2517 524 2573 in
553 2514 841 2574 charitate
867 2532 1011 2592 erga
1035 2517 1385 2590 proximum,
1417 2532 1526 2574 seu
1552 2516 1712 2591 quod
1732 2516 1909 2585 idem,
1933 2533 2120 2594 super
2148 2517 2446 2576 montibus
2472 2518 2571 2576 ha·

463 2615 652 2675 bitant
681 2618 780 2691 qui
820 2634 852 2675 e
897 2614 1144 2675 coelesti
1172 2614 1653 2691 RegnoDomini
1679 2623 1836 2691 sunt,
1888 2624 1947 2675 et
1976 2635 2162 2694 super
2186 2617 2440 2676 collibus
2477 2618 2569 2694 qui
2646 2648 2656 2658 ·

463 2733 495 2772 e
547 2717 847 2791 spirituali
880 2716 1088 2792 Regno
1124 2715 1361 2793 IpsiuS,
1425 2722 1485 2775 et
1521 2715 1794 2793 Regnum
1826 2718 2090 2777 coeleste
2136 2719 2512 2794 distinguitur
2535 2734 2568 2773 a

459 2813 671 2889 Regno
727 2817 1021 2891 spirituali
1054 2818 1116 2873 in
1159 2808 1270 2891 'e0,
1336 2816 1497 2893 quod
1523 2819 1627 2892 qui
1665 2834 1698 2876 e
1742 2817 1953 2894 Regno
2007 2818 2254 2903 coelesti
2299 2825 2469 2889 sunt,
2510 2819 2565 2875 in

460 2913 682 2972 A-more
724 2917 786 2973 in
833 2915 1157 2974 Dominum
1205 2919 1361 2992 sint,
1420 2925 1478 2976 et
1524 2918 1625 2993 qui
1671 2935 1703 2975 e
1741 2918 1951 2995 Regno
1987 2919 2284 2996 spirituali
2327 2922 2389 2978 in
2427 2918 2560 2979 cha-

457 3014 633 3071 ritate
661 3031 806 3091 erga
838 3017 1173 3090 proximum
1184 3036 1201 3092 3
1240 3016 1349 3076 sed
1390 3018 1466 3076 de
1491 3018 1584 3077 his
1626 3024 1685 3077 et
1716 3018 1832 3077 illis
1854 3019 2132 3080 videatur
2165 3021 2223 3077 in
2267 3019 2467 3097 Opere
2495 3017 2560 3077 de

460 3110 671 3172 Coeno
708 3133 786 3174 m·
821 3114 1097 3173 INmnNo
1127 3133 1185 3173 n:
1234 3120 1325 3176 20
1371 3118 1448 3177 ad
1493 3121 1614 3193 285
1652 3118 1790 3179 inde
1830 3126 1942 3190 est,
1979 3119 2138 3196 quod
2171 3137 2284 3195 per
2310 3121 2561 3181 Mentem

456 3213 823 3290 significetur
852 3215 1067 3274 bonum
1107 3220 1324 3275 amoris
1351 3220 1414 3276 in
1448 3218 1788 3279 Dominum.
1870 3219 2044 3295 Quod
2088 3220 2308 3280 bonum
2358 3221 2559 3280 amoris

454 3316 513 3372 in
553 3314 873 3375 Dominum
900 3333 1011 3392 per
1044 3316 1308 3377 Mentem
1346 3317 1647 3378 abstracte
1683 3314 2081 3397 intelligatur,
2132 3327 2226 3385 est
2270 3324 2411 3398 quia
2443 3336 2560 3380 om-

454 3417 583 3491 nia,
641 3419 892 3493 quaein
927 3434 1112 3476 sensu
1157 3419 1389 3477 interno
1438 3418 1626 3478 Verbi
1670 3427 1838 3495 sunt,
1893 3421 2231 3498 spiritualia
2285 3427 2453 3496 sunt,
2505 3424 2557 3478 et

453 3517 793 3599 spiritualia
860 3518 1161 3578 abstracte
1208 3535 1245 3576 a
1303 3521 1583 3595 personis
1647 3526 1707 3579 et
1762 3520 1917 3580 locis
1962 3521 2353 3598 intelligenda
2405 3525 2557 3594 sunt;
2592 3538 2613 3559 ·

455 3615 641 3694 quare
679 3622 856 3680 etiam
892 3619 1137 3697 Angeli,
1179 3620 1321 3695 quia
1364 3618 1740 3697 spirituales,
1797 3621 2102 3681 abstracte
2139 3622 2215 3681 ab
2252 3621 2374 3682 illis
2402 3622 2556 3697 cogi-

452 3725 582 3776 tant
619 3725 681 3778 et
705 3717 1058 3796 loquuntur,
1102 3727 1161 3778 et
1201 3737 1312 3797 per
1338 3719 1401 3778 id
1456 3725 1549 3779 est
1574 3720 1690 3779 illis
1728 3724 2026 3798 sapientia
2062 3729 2121 3782 et
2153 3722 2553 3801 intelligenti&

451 3816 589 3876 idea
652 3821 809 3878 enim
860 3837 1254 3896 personarum
1304 3826 1366 3879 et
1419 3819 1685 3879 locorum
1730 3822 1858 3881 finit
1911 3825 2368 3899 cogitationem,
2430 3835 2557 3880 nam

452 3913 808 3976 determinat
849 3918 1012 3978 illam
1066 3918 1144 3979 ad
1197 3936 1299 3986 ea,
1357 3926 1419 3979 et
1448 3922 1565 4003 xsit:
1618 3920 1746 3980 finit
1759 3941 1777 3998 ;
1831 3922 1983 3984 haec
2018 3924 2156 3983 idea
2193 3920 2555 3999 cogitationis

452 4022 544 4073 est
583 4019 825 4091 proprie
861 4018 1180 4090 naturaliS,
1237 4017 1375 4097 igiea
1406 4026 1602 4079 autem
1641 4022 1948 4082 abstracta
1989 4041 2027 4082 a
2074 4027 2353 4101 personis
2381 4028 2439 4083 et
2469 4020 2557 4080 lo-

450 4112 533 4164 cis
589 4127 655 4167 se
694 4113 959 4170 extendit
993 4116 1054 4171 in
1084 4113 1313 4172 coelum
1345 4135 1863 4197 quaquaversum,
1917 4140 2028 4183 nec
2056 4124 2259 4183 finitur
2285 4123 2456 4183 aliter
2489 4133 2554 4177 ac
