2791 4778
503 408 613 460 372
956 359 1444 453 moerim-ms
1486 397 1916 455 ExeLch‘rA.
1973 399 2020 467 §-
2064 406 2187 461 400.

497 560 733 635 aliquae
772 561 1144 634 cognitiones
1170 558 1311 617 boni
1350 566 1411 618 et
1444 560 1575 618 veri
1612 565 1848 632 essent,
1906 573 1978 617 ex
2018 558 2229 634 quibus
2267 560 2431 615 etiam
2467 576 2560 635 pa·

497 667 611 732 tet,
670 658 827 735 quod
866 676 976 735 per
1026 665 1223 718 terrae
1283 667 1504 718 motum
1552 677 1833 735 magnum
1881 660 1977 717 hic
2030 658 2383 735 significetur
2433 659 2565 735 quod

496 759 806 819 Ecclesiae
844 766 1034 817 status
1070 776 1322 835 prorsus*
1354 761 1699 818 immutatus
1738 761 1833 818 sit.
1906 760 2255 832 Praeterea,
2294 759 2438 835 quod
2462 766 2561 818 ter-

499 878 600 918 rae
637 867 834 918 motus
872 860 1163 937 significet
1204 863 1590 919 mutationem
1623 867 1818 918 status
1855 859 2188 934 Ecclesiae,
2229 878 2299 918 ex
2332 860 2563 935 pluribus

497 962 645 1020 locis
682 962 739 1018 in
775 960 980 1019 Verbo
1017 968 1281 1034 constat,
1340 977 1589 1037 quorum
1639 961 1842 1036 aliqua
1875 963 1934 1018 in
1985 960 2371 1038 sequentibus
2404 960 2561 1019 addu-
2632 965 2635 968 ’

497 1069 734 1120 centur:
791 1061 948 1137 quod
995 1069 1190 1120 terrae
1245 1069 1440 1120 motus
1489 1062 1549 1119 id
1599 1061 1923 1137 significet,
1975 1069 2070 1119 est
2121 1080 2196 1119 ex
2246 1062 2562 1137 apparentiis

497 1165 557 1220 in
594 1162 815 1221 Mundo
854 1163 1178 1239 spirituali3
1228 1165 1286 1220 in
1325 1179 1394 1220 eo
1424 1162 1647 1224 Mundo
1685 1180 1877 1237 aeque
1916 1169 2057 1220 sunt
2097 1162 2339 1231 Terrae,
2371 1160 2557 1234 vallea,

500 1262 701 1322 Colles
717 1307 732 1335 ,
789 1264 1057 1346 Montes,
1105 1269 1173 1321 ut
1220 1265 1278 1321 in
1329 1262 1550 1320 Mundo
1605 1262 1890 1336 naturali,
1948 1269 2009 1321 et
2060 1279 2248 1339 super
2281 1263 2387 1320 illis
2419 1261 2561 1318 habi-

498 1370 628 1420 tant
657 1365 972 1440 spirituum
1027 1371 1087 1422 et
1120 1363 1472 1440 angelorum
1508 1362 1878 1438 Societates3
1934 1362 2041 1422 illa
2077 1363 2237 1433 loca,
2290 1370 2564 1444 antequam

499 1480 684 1539 super
718 1463 837 1521 illis
881 1464 1195 1521 formatum
1244 1472 1335 1523 est
1381 1464 1617 1522 Novum
1656 1463 1936 1537 Ocelum,
1993 1466 2129 1522 visa
2178 1470 2313 1524 sunt
2344 1465 2564 1539 insignes

496 1565 854 1622 mutationes
893 1563 1121 1637 subire,
1164 1565 1457 1639 quaedam
1496 1571 1907 1641 apparuerunt
1943 1564 2277 1638 subsidere,
2318 1563 2565 1639 quaedam

499 1667 737 1723 concuti
773 1671 832 1723 et
868 1666 1253 1739 commoveri,
1309 1673 1371 1723 et
1410 1666 1704 1741 quaedam
1741 1664 2020 1724 convolvi
2058 1668 2213 1724 sicut
2249 1664 2394 1723 solet
2423 1662 2564 1721 volu-

497 1783 631 1822 men
668 1765 801 1822 libri
839 1764 1138 1842 convolvi,
1197 1773 1255 1823 et
1292 1767 1514 1824 auferri
1530 1786 1545 1841 3
1603 1773 1664 1824 et
1714 1766 2009 1842 quaedam
2064 1768 2339 1842 quassari
2383 1771 2434 1823 et
2466 1770 2562 1821 tre-

496 1882 658 1922 mere
695 1867 850 1924 sicut
888 1883 924 1923 a
959 1872 1154 1923 terrae
1204 1873 1369 1924 motu
1407 1884 1654 1942 magno3
1709 1868 1859 1924 haec
1898 1868 2039 1924 mihi
2079 1885 2265 1945 saepe
2302 1870 2423 1925 visa
2455 1855 2565 1922 sunt

494 1972 815 2042 antequam
861 1983 1078 2024 novum
1136 1965 1381 2024 Coelum
1430 1968 1749 2025 formatum
1807 1974 1929 2037 est,
1985 1974 2046 2026 et
2107 1985 2344 2045 semper
2386 1964 2565 2026 indicia

493 2066 760 2136 fuerunt,
836 2066 994 2142 quod
1046 2074 1236 2124 status
1289 2068 1602 2126 Ecclesiae
1653 2068 1733 2126 ibi
1775 2065 2146 2128 'immutatus
2200 2072 2303 2143 sit3
2367 2063 2562 2142 quando

494 2175 781 2244 quassata
816 2169 1055 2227 fuerunt
1095 2177 1152 2226 et
1187 2174 1560 2226 tremuerunt
1595 2172 1751 2227 sicut
1787 2186 1822 2226 a
1857 2175 2058 2253 terrae
2099 2177 2290 2242 motu,
2328 2167 2563 2226 indicium

492 2268 633 2344 fuit,
688 2268 847 2349 quod
898 2268 978 2326 ibi
1020 2275 1213 2327 status
1266 2268 1580 2327 Ecclesiae
1633 2275 1897 2328 mutatus
1947 2272 2058 2345 sit,
2137 2273 2287 2330 etin
2323 2273 2564 2345 quantum

492 2376 754 2430 mutatus
794 2369 1108 2428 constabat
1144 2387 1180 2428 a
1215 2375 1411 2429 terrae
1449 2376 1642 2429 motus
1682 2378 1903 2447 quanto
1944 2377 2004 2430 et
2041 2372 2236 2449 quali3
2277 2377 2332 2429 et
2365 2364 2561 2445 quando

490 2471 801 2530 Ecclesiae
854 2476 1045 2529 status
1101 2471 1266 2546 apud·
1315 2471 1454 2529 illos
1502 2471 1679 2547 plane
1731 2489 2059 2531 conversus
2118 2480 2210 2533 est
2258 2484 2293 2530 a
2340 2471 2478 2528 bono
2515 2466 2561 2522 in
2648 2484 2653 2493 ‘

493 2572 713 2630 malum
750 2579 811 2630 et
857 2590 892 2630 a
934 2589 1078 2630 vero
1113 2574 1173 2629 in
1214 2570 1466 2644 falsum,
1524 2578 1662 2630 tunc
1702 2574 1979 2654 apparuit
2016 2582 2183 2632 terra
2215 2573 2295 2632 ibi
2330 2566 2560 2631 convolvi

493 2676 647 2731 sicut
684 2673 963 2730 volumen
999 2672 1165 2747 libri,
1226 2679 1284 2729 et
1322 2673 1580 2746 auferri,
1636 2673 1787 2731 haec
1822 2673 2242 2750 intelliguntur
2278 2690 2382 2750 per
2411 2665 2560 2727 verba

488 2775 552 2829 in
606 2773 806 2830 Versu
866 2776 948 2829 14
1003 2774 1178 2849 hujus
1241 2772 1497 2848 CapitiS,
1583 2791 1799 2849 nempe
1850 2767 1958 2847 „et
2010 2775 2260 2834 Coelum
2309 2767 2559 2829 abscessit

492 2879 777 2947 tanquam
827 2872 978 2929 liber
1017 2873 1443 2931 convolut11S.“
1500 2873 1730 2933 Similia
1767 2876 1945 2932 etiam
1987 2878 2117 2933 visa
2155 2881 2294 2934 sunt
2322 2867 2555 2935 Johanni,

491 2989 630 3029 nam
665 2974 715 3028 is
764 2988 897 3030 cum
945 2972 1048 3029 illa
1096 2974 1276 3047 vidit,
1335 2975 1446 3032 fuit
1490 2976 1550 3032 in
1599 2977 1844 3050 spiritu,
1905 2983 1968 3033 ut
2006 2994 2245 3053 quoque
2291 2976 2413 3050 ipse
2446 2967 2556 3026 dicii

494 3071 656 3148 Cap:
711 3070 768 3129 1:
830 3073 938 3131 10.
1004 3070 1161 3150 cap:
1214 3074 1336 3132 IV:
1395 3079 1465 3148 2,
1524 3082 1583 3133 et
1620 3078 1721 3152 qui
1758 3075 1919 3134 videt
1954 3078 2013 3134 in
2050 3080 2293 3153 spiritu,
2344 3076 2390 3131 is
2423 3067 2552 3127 videt

493 3189 646 3248 quae
686 3174 948 3231 existunt
984 3180 1043 3230 et
1088 3182 1380 3251 apparent
1433 3178 1491 3233 in
1537 3176 1759 3234 Mundo
1808 3178 2143 3252 spirituali:
2202 3196 2274 3237 ex
2317 3176 2401 3232 his
2433 3180 2553 3228 nunc

494 3274 670 3353 etiam
709 3280 903 3348 patet,
948 3273 1104 3350 quod
1140 3293 1247 3351 per
1287 3282 1490 3333 terrae
1517 3283 1738 3335 motum
1779 3278 2144 3354 significetur
2184 3276 2421 3337 mutatio
2452 3275 2550 3328 sta·

492 3381 592 3432 tus
636 3373 973 3448 Ecclesiae,
1030 3393 1241 3451 nempe
1284 3394 1319 3432 a
1365 3376 1522 3434 bono
1567 3380 1626 3435 in
1663 3378 1882 3436 malum
1920 3387 1979 3437 et
2014 3398 2051 3437 a
2085 3397 2228 3439 vero
2263 3381 2320 3436 in
2359 3373 2548 3432 falsum·

495 3474 670 3552 Quod
704 3492 815 3552 per
848 3483 1043 3535 terrae
1082 3483 1275 3534 motus
1306 3484 1365 3535 et
1387 3480 1934 3537 contremiscentias
1963 3497 2081 3538 non
2109 3480 2272 3538 aliud
2306 3480 2364 3536 in
2388 3468 2548 3533 Verbo

490 3575 887 3653 intelligatur,
956 3583 1228 3636 constare
1281 3580 1456 3635 etiam
1506 3583 1710 3654 potest
1757 3596 1794 3636 a
1840 3570 2228 3656 sequentibus
2274 3580 2362 3638 his
2405 3570 2544 3639 locis3

492 3676 655 3754 apud
691 3676 928 3736 Joiilem
969 3675 1248 3752 „Coram
1299 3676 1454 3757 Ipso
1504 3685 1809 3738 commota
1849 3686 1944 3740 est
1995 3687 2195 3755 terra,
2242 3683 2542 3739 contremu-

490 3782 671 3837 erunt
699 3774 869 3848 coeli,
909 3775 1008 3837 sol
1040 3784 1099 3837 et
1134 3776 1288 3838 luna
1324 3778 1530 3839 atrati
1564 3784 1743 3853 aunt,
1795 3786 1855 3839 et
1893 3778 2113 3840 stellae
2147 3766 2545 3840 contraoeerunt

491 3873 885 3955 splendorem
939 3881 1173 3938 euum“
1216 3880 1304 3937 11:
1363 3882 1481 3954 103
1536 3898 1646 3955 per
1691 3886 1911 3938 terram
1965 3888 2023 3939 et
2073 3899 2180 3958 per
2227 3878 2415 3939 coelos
2455 3869 2541 3933 hic,

491 3981 560 4033 ut
592 3977 819 4052 pluries
857 3978 1018 4051 alibi,
1056 3979 1425 4052 significatur
1450 3980 1742 4050 Ecclesia,
1779 3998 1890 4056 per
1925 3988 2143 4040 terram
2179 3978 2434 4040 Ecclesia
2464 3984 2544 4028 ex·

489 4078 692 4143 terna,
751 4081 810 4130 et
843 4093 954 4148 per
994 4075 1194 4132 coelos
1233 4077 1507 4136 Ecclesia
1552 4083 1809 4156 interna3
1866 4100 1977 4158 per
2015 4083 2334 4141 Ecclesiam
2382 4078 2540 4134 exter·

491 4182 628 4220 nam
677 4170 1025 4243 intelligitur
1072 4171 1269 4227 cultus
1317 4191 1388 4231 ex
1443 4176 1598 4235 bono
1646 4186 1704 4238 et
1749 4198 1894 4239 vero
1944 4184 2004 4240 in
2041 4181 2296 4243 naturali
2328 4173 2539 4236 homine,

495 4266 555 4316 et
605 4277 714 4334 per
751 4265 1085 4321 Ecclesiam
1131 4268 1422 4329 internam
1472 4275 1690 4334 bonum
1740 4283 1961 4339 amoris
2017 4289 2077 4341 et
2119 4282 2284 4350 fidei,
2333 4271 2469 4354 quod
2497 4267 2542 4324 in

2665 2890 2667 2983 w
