2791 4778
377 362 610 420 CAPUT
664 364 979 423 SEXTUM.
1725 364 1933 420 VERS=
1980 373 2069 428 12.
2227 375 2335 430 381

235 523 430 600 „Oum
478 522 677 583 Josus
722 542 934 584 coram
971 521 1165 583 Petro
1179 568 1193 597 ,
1261 519 1496 582 Jacobo
1546 527 1605 582 et
1652 521 1944 584 Johanne
2007 525 2332 604 transfor-

229 631 433 686 matus
479 629 605 695 est,
679 621 1005 706 splenduit
1030 624 1245 704 facies
1295 621 1522 704 Ipsius
1568 630 1871 702 tanquam
1914 621 2057 699 Sol,
2125 629 2183 684 et
2230 645 2334 684 ve-

228 727 517 787 stimenta
548 723 776 802 Ipsius
806 724 997 804 facta
1037 732 1187 784 sanc
1230 724 1400 785 sicut
1426 723 1632 784 Lua:“
1686 725 1904 785 XVII:
1963 729 2018 783 1.
2066 730 2138 801 23
2195 730 2337 802 quia

229 828 509 903 Dominus
541 832 680 883 tunc
717 828 886 883 visus
926 833 1018 884 est
1052 828 1113 884 in
1149 826 1366 883 Divino
1402 842 1528 900 suo,
1575 828 1854 901 apparuit
1890 826 2084 902 quoad
2121 827 2338 886 faciem

228 935 286 986 ιιι
321 926 453 999 Sol,
516 932 576 983 et
614 927 809 1008 quoad
856 929 1213 984 vestimenta
1251 933 1316 982 ut
1352 926 1511 998 Lux,
1556 928 1741 984 facies
1781 929 1935 985 enim
1973 943 2333 1003 correspon-
2420 999 2430 1010 ⁸

233 1028 321 1087 det
354 1029 579 1098 amori,
645 1033 703 1084 et
738 1029 1097 1085 vestimenta
1133 1028 1601 1102 correspondent
1637 1030 1826 1102 veris;
1887 1035 1945 1085 et
1983 1029 2122 1104 quia
2156 1028 2332 1086 Divi-

231 1147 330 1187 nus
364 1125 570 1187 A'mor
597 1131 656 1185 in
682 1127 826 1204 Ipso
864 1127 1002 1199 fuit,
1038 1119 1174 1185 ideo
1212 1126 1394 1185 facies
1432 1128 1633 1204 Ipsius
1670 1127 1975 1204 splenduit
2009 1135 2077 1186 ιιι
2113 1127 2234 1202 Sol,
2277 1135 2339 1189 et

231 1232 355 1306 quia
398 1229 691 1287 Divinum
739 1228 963 1287 Verum
1021 1246 1093 1285 ex
1141 1227 1283 1302 Ipso
1323 1228 1462 1301 suit,
1537 1229 1670 1288 ideo
1727 1232 2085 1289 vestimenta
2134 1228 2334 1306 Ipsius

227 1332 373 1389 facta
413 1335 559 1387 sunt
595 1331 752 1387 sicut
784 1329 953 1402 Lux,
1013 1328 1140 1385 Lux
1187 1331 1366 1386 etiam
1411 1331 1469 1386 in
1512 1329 1694 1389 Coelo
1743 1337 1835 1387 est
1869 1330 2155 1391 Divinum
2203 1331 2333 1390 Ve-

227 1450 343 1490 rum
378 1429 722 1506 procedens
760 1446 797 1486 a
822 1428 1076 1489 Domino
1116 1435 1180 1486 ιιι
1216 1428 1386 1505 Sole,
1444 1431 1601 1505 quod
1637 1431 1854 1504 lacieS,
1913 1447 2043 1489 cum
2085 1430 2159 1490 de
2196 1430 2328 1490 Do-

224 1534 403 1601 mino,
466 1533 545 1589 sit
581 1531 766 1587 Amor
807 1534 868 1587 et
903 1547 1074 1587 omne
1110 1530 1375 1604 Bonum,
1432 1531 1706 1589 videatur
1750 1533 1807 1588 in
1856 1532 2132 1590 Ancfflrs
2172 1531 2333 1591 Con-

224 1651 510 1693 Lsss'rmus
549 1650 617 1688 n:
667 1631 876 1689 5585.
924 1633 1132 1688 9306.
1172 1631 1381 1690 9546.
1432 1633 1654 1708 98885
1712 1637 1771 1690 et
1809 1632 1969 1708 quod
2003 1633 2331 1692 vestimen-

226 1741 306 1806 ta,
372 1751 512 1793 cum
564 1732 638 1790 de
676 1731 963 1806 Domino,
1028 1729 1360 1807 significent
1406 1733 1686 1791 Divinum
1739 1732 1998 1805 Verum,
2062 1731 2337 1790 videatur

228 1851 405 1911 supra
443 1853 513 1892 n:
560 1835 668 1892 64.
709 1833 868 1892 195.
926 1831 1211 1891 Similiter
1237 1840 1492 1908 apparet
1516 1833 1808 1892 Dominus
1834 1835 1892 1890 in
1922 1832 2115 1892 Coelo*
2136 1849 2335 1891 coram

227 1935 499 2012 AngeliS,
553 1932 789 2010 quando
836 1932 914 1992 Se
951 1933 1069 1990 illis
1105 1941 1483 2007 praesentem
1520 1936 1707 2009 sistit,
1746 1933 1866 1991 ‘sed
1907 1941 2044 1993 tunc
2081 1939 2336 2010 apparet

228 2044 387 2094 extra
441 2035 676 2109 Solem3
734 2039 1101 2110 quapropter
1155 2035 1329 2091 etiam
1381 2033 1655 2092 similiter
1709 2036 1873 2091 visus
1926 2041 2018 2092 est
2070 2033 2336 2092 Johanni

229 2153 352 2196 cum
411 2138 520 2195 fuit
563 2138 623 2192 in
675 2136 917 2210 spiritu,
976 2140 1041 2191 ut
1086 2142 1316 2191 constat
1364 2137 1424 2192 in
1475 2134 1880 2210 Apocalypsi,
1946 2133 2047 2191 ubi
2100 2134 2331 2205 dicitur,

230 2237 380 2314 quod
445 2234 691 2316 „facies
738 2233 911 2295 Filii
950 2233 1260 2293 Hominis
1307 2233 1452 2293 visa
1488 2234 1576 2293 sit
1614 2238 1918 2310 tanquam
1957 2230 2072 2292 Sol
2110 2230 2335 2311 fulyet

228 2337 297 2397 in
345 2355 462 2398 sua
500 2335 835 2416 potentz'a“
889 2335 1047 2414 Cap:
1085 2336 1144 2394 1:
1198 2337 1317 2412 163
1374 2334 1532 2411 quod
1569 2335 1645 2393 sit
1679 2334 1969 2394 Dominus
2008 2335 2110 2410 qui
2143 2335 2331 2407 visuS,

234 2445 427 2513 patet,
476 2438 747 2496 videat-ur
787 2455 971 2515 supra
1025 2456 1097 2495 n:
1155 2438 1264 2496 63.
1355 2436 1641 2496 Similiter
1688 2452 1819 2495 cum
1870 2434 2163 2493 Dominus
2211 2434 2327 2493 Jo-

231 2537 409 2596 hanni
444 2540 601 2597 visus
640 2545 732 2596 est
768 2541 922 2598 sicut
961 2537 1261 2614 Angelus,
1314 2538 1387 2595 de
1429 2548 1545 2613 q'uo
1585 2581 1621 2612 „
1645 2535 1801 2597 Vidi
1833 2532 2156 2614 Anyelum
2178 2535 2330 2615 for-

229 2644 348 2698 tem
382 2637 843 2699 descendentem
893 2658 924 2696 e
974 2636 1154 2698 Coelo
1194 2636 1659 2698 circumdatum
1695 2638 1877 2712 nube,
1931 2641 1990 2696 et
2039 2635 2164 2696 iris
2198 2634 2327 2696 cir-

231 2757 365 2799 cum
410 2745 633 2819 eaput,
687 2744 748 2798 et
778 2739 994 2819 facies
1041 2739 1214 2821 Ejus
1250 2738 1419 2799 sicut
1468 2736 1625 2799 Sol“
1677 2740 1882 2816 Apoc:
1934 2738 2024 2797 X:
2087 2742 2152 2813 13
2218 2752 2330 2814 per

226 2840 485 2917 Angelos
526 2844 682 2899 enim
728 2841 788 2898 in
837 2841 1040 2900 Verbo
1085 2843 1144 2899 in
1190 2857 1373 2898 sensu
1423 2840 1554 2916 ejus
1592 2839 1886 2916 spirituali
1940 2856 2055 2898 non
2104 2837 2325 2898 intelli-

225 2948 439 3017 guntur
486 2941 735 3017 Angeli,
806 2941 914 3000 sed
964 2940 1206 3017 aliquod
1249 2941 1530 2998 Divinum
1582 2958 1653 2999 ex
1707 2941 1993 3013 Domino,
2049 2942 2330 3016 quoniam

224 3041 499 3100 Divinum
539 3043 699 3118 quod
726 3049 979 3118 apparet
1016 3061 1086 3101 ex
1128 3041 1271 3113 illis,
1322 3059 1437 3098 non
1477 3047 1569 3099 est
1603 3040 1871 3113 illorum,
1921 3041 2030 3099 sed
2065 3047 2159 3099 est
2190 3040 2322 3098 Do-

226 3144 358 3201 mini
409 3143 571 3219 apud
613 3141 779 3218 illos,
843 3142 1114 3201 similiter
1157 3142 1441 3200 Divinum
1495 3141 1720 3200 Verum
1770 3142 1930 3219 quod
1976 3141 2323 3218 loquuntur,

224 3242 378 3318 quod
425 3243 667 3320 plenum
707 3248 799 3302 est
834 3245 1162 3319 sapientia,
1214 3259 1328 3299 non
1363 3241 1688 3319 loquuntur
1726 3260 1762 3299 a
1797 3259 1863 3300 se
1900 3242 2009 3301 sed
2046 3259 2082 3299 a
2116 3241 2329 3299 Domi-

223 3359 325 3415 no,
375 3345 618 3403 fuerunt
665 3346 815 3402 enim
848 3343 1141 3413 homineS,
1183 3336 1251 3400 'et
1285 3345 1475 3401 omnis
1513 3344 1806 3419 sapientia
1843 3349 1903 3400 et
1935 3342 2330 3417 intelligent-ia

226 3450 311 3503 est
342 3445 678 3503 hominibus
716 3463 753 3502 a
777 3445 1065 3518 Domin03
1101 3443 1237 3501 inde
1274 3451 1548 3501 constare
1582 3450 1812 3518 potest,
1853 3442 2009 3517 quod
2046 3459 2156 3517 per
2191 3441 2323 3498 An-

226 3545 414 3620 gelum
455 3549 516 3603 in
553 3546 756 3605 Verbo
804 3545 1171 3620 intelligatur
1206 3544 1531 3618 Dominus,
1588 3545 1687 3618 qui
1735 3545 1912 3600 etiam
1948 3548 2090 3598 tunc
2128 3554 2323 3616 appa-

227 3647 340 3703 ruit
381 3649 536 3705 sicut
586 3645 724 3705 Sol:
783 3645 939 3721 quod
986 3662 1100 3721 per
1134 3643 1431 3720 Angelum
1468 3645 1528 3703 in
1563 3643 1766 3702 Verbo
1804 3641 2172 3718 intelligatur
2210 3640 2325 3698 ali-

224 3747 374 3819 quod
407 3747 691 3804 Divinum
739 3764 775 3804 a
811 3747 1102 3819 Domin0,
1156 3746 1432 3804 videatur
1475 3747 1533 3803 in
1563 3744 1830 3803 Anemo
1881 3741 2321 3814 Cossnnswmus,

225 3861 292 3902 n:
337 3848 541 3906 1925.
590 3849 804 3905 2821.
852 3848 1063 3906 3039.
1107 3847 1320 3906 4085.
1369 3847 1580 3904 6280.
1628 3846 1845 3920 81923
1903 3841 2063 3919 quod
2111 3840 2329 3918 Angeli

226 3944 357 4005 inde
397 3949 457 4005 in
492 3947 697 4005 Verbo
735 3947 1007 4006 dicantur
1061 3947 1169 4020 dii,
1221 3965 1286 4004 n:
1328 3946 1542 4004 4295.
1592 3947 1801 4004 4402.
1852 3945 2063 4002 7268.
2112 3943 2324 4001 7873.

237 4046 430 4105 8301.
497 4050 708 4106 8192.
798 4047 945 4107 Inde
1010 4065 1145 4105 cum
1193 4047 1470 4106 Ecclesia
1525 4051 1979 4123 repraesentata
2031 4049 2123 4102 est
2170 4044 2330 4101 sicut

229 4141 457 4223 Mulier,
516 4150 692 4206 etiam
730 4154 871 4207 tunc
911 4150 1187 4224 apparuit
1225 4150 1445 4206 circum
1491 4146 1654 4205 illam
1695 4145 1826 4220 Sol,
1885 4143 1958 4203 de
1997 4162 2117 4222 qua
2149 4146 2234 4203 ita
2267 4144 2331 4201 in

230 4243 586 4326 Apocalypsi
623 4246 942 4327 „Signum
970 4266 1274 4327 maynum
1318 4242 1529 4306 visum
1576 4253 1670 4305 est
1703 4246 1772 4305 in
1818 4241 2031 4318 Coelo,
2088 4241 2331 4305 Mulier
