2791 4778
471 358 581 410 156
902 347 1394 402 APOCALYPSIS
1440 347 1875 404 EXPLICATA‚
1935 347 1980 415 ὅ.
2028 356 2152 408 342.

467 508 812 568 affectiones
847 508 975 566 veri
1010 513 1072 565 et
1104 507 1505 583 cogitationes
1541 503 1887 580 spirituales
1925 509 1986 562 et
2020 502 2329 577 naturales,
2362 503 2517 562 sedin

468 607 667 667 allatis
718 604 869 664 locis
919 606 1075 681 quod
1130 609 1441 683 periturae
1492 607 1628 663 sint.
1698 603 1874 680 Quod
1909 603 2076 663 Mare
2114 610 2174 663 et
2205 605 2386 681 pisces
2413 602 2521 662 talia

469 705 802 784 signfficent
850 713 943 765 est
992 723 1065 765 ex
1101 708 1460 783 apparentia
1492 707 1554 764 in
1589 704 1887 782 spirituali
1922 704 2177 781 Mundo3
2232 720 2413 762 omues
2444 720 2519 762 so-

471 808 720 867 cietates
772 823 923 882 quae
976 806 1060 864 ibi
1114 814 1286 876 sunt,
1349 812 1646 882 apparent
1703 805 2100 864 circumdatae
2165 804 2526 881 atmosphaera

468 905 974 983 correspondente
1029 905 1442 966 affectionibus
1512 905 1590 964 et
1621 905 2081 981 cogitationibus
2146 924 2364 981 eorum3
2416 903 2523 962 illae

467 1024 623 1086 quae
675 1008 734 1065 in
784 1007 958 1064 tertio
1009 1005 1201 1066 Coelo
1253 1012 1425 1076 sunt,
1491 1013 1787 1081 apparent
1845 1007 1902 1063 in
1961 1005 2371 1081 atmosphaera
2411 1020 2526 1081 pura

469 1111 625 1168 sicut
659 1106 943 1165 aetherea
956 1127 971 1180 3
1012 1106 1152 1164 illae
1191 1124 1343 1182 quae
1379 1109 1440 1164 in
1475 1106 1738 1165 secundo
1772 1105 1952 1165 Coelo
1991 1114 2158 1180 sunt,
2200 1111 2461 1182 apparent
2485 1106 2527 1159 in

467 1207 921 1285 atmosphaera,
968 1209 1156 1265 minus
1218 1224 1402 1282 pura,
1487 1206 1681 1282 qualis
1730 1208 1937 1280 aerea3
2010 1210 2328 1265 societates
2375 1212 2528 1263 autem

468 1325 623 1386 quae
659 1310 718 1365 in
761 1307 965 1366 ultimo
999 1305 1163 1366 Coeli
1214 1313 1352 1366 sunt
1397 1312 1689 1383 apparent
1724 1306 2126 1365 circumdatae
2166 1306 2529 1381 atmosphaera

465 1410 623 1467 sicut
660 1424 886 1483 aquea:
943 1414 1004 1464 at
1041 1405 1125 1465 illi
1162 1410 1264 1484 qui
1301 1410 1357 1465 in
1393 1408 1649 1466 Infernis
1688 1413 1851 1482 sunt,
1909 1414 2204 1483 apparent
2240 1404 2530 1465 circumdati

466 1510 686 1569 crassis
725 1515 783 1565 et
820 1509 1065 1584 impuris
1110 1508 1580 1585 atmosphaeriS‚
1632 1508 1869 1583 quidam
1901 1510 2054 1566 sicut
2092 1510 2152 1565 in
2182 1509 2358 1584 nigris
2383 1506 2528 1580 aquiS,

467 1614 529 1668 et
565 1607 663 1666 alii
700 1607 873 1665 aliter
884 1628 900 1682 3
958 1615 1095 1665 sunt
1144 1609 1488 1667 affectiones
1545 1616 1605 1667 et
1643 1608 1776 1665 inde
1816 1610 2210 1684 cogitationes
2249 1624 2391 1683 quae
2422 1623 2529 1681 pro·-

467 1708 690 1767 ducunt
725 1705 827 1764 illa
854 1709 1070 1766 circum
1103 1726 1237 1785 eos;
1277 1709 1351 1767 ab
1389 1708 1663 1768 omnibus
1703 1712 1855 1766 enim
1887 1708 2244 1768 exhalantur
2269 1707 2532 1784 sphaerae,

467 1815 527 1867 et
566 1806 682 1864 hae
719 1806 1017 1882 sphaerae
1070 1816 1383 1868 vertuntur
1427 1812 1485 1867 in
1539 1808 1689 1867 tales
1727 1811 2142 1885 apparentias;
2203 1809 2274 1866 de
2310 1805 2533 1883 sphaeris

469 1907 588 1965 illis
617 1906 890 1964 videatur
927 1909 986 1965 in
1014 1907 1290 1967 Ancisms
1322 1908 1739 1969 comessa-mus
1784 1927 1839 1967 n:
1875 1910 2087 1967 2489.
2122 1912 2335 1967 4464.
2372 1904 2534 1966 5179.

472 2007 681 2066 7454.
727 2008 936 2066 8630.
1025 2008 1201 2083 Quod
1239 2018 1441 2068 autern
1477 2008 1564 2067 illi
1611 2011 1713 2086 qui
1747 2012 1806 2067 in
1842 2009 2141 2086 spirituali
2181 2008 2465 2068 affectione
2493 2007 2535 2061 et

462 2107 600 2166 inde
630 2110 987 2183 cogitatione
1018 2117 1173 2182 sunt,
1213 2109 1620 2186 significentur
1655 2128 1765 2187 per
1791 2126 1936 2168 aves
1968 2110 2139 2184 coeli,
2184 2116 2247 2168 et
2287 2109 2364 2167 illi
2390 2105 2536 2183 quiin

463 2209 720 2267 naturali
746 2208 1061 2268 affectione
1094 2217 1152 2268 et
1181 2210 1314 2268 inde
1347 2211 1704 2286 cogitatione
1733 2228 1843 2286 per
1868 2211 2087 2286 pisce-²5,
2120 2216 2218 2269 est
2244 2223 2459 2288 quoque
2481 2220 2536 2261 2¹

467 2311 818 2389 apparentia
869 2311 927 2367 in
961 2309 1182 2370 Mundo
1221 2311 1549 2386 spirituali,
1601 2318 1896 2386 apparent
1935 2311 2086 2370 enim
2133 2311 2220 2369 ibi
2276 2317 2389 2369 tam
2427 2318 2536 2364 aves

467 2430 647 2489 quam
673 2414 893 2489 pisceS,
923 2429 1109 2490 supra
1136 2418 1328 2470 terras
1358 2412 1616 2496 avesget
1644 2414 1700 2469 in
1726 2412 1985 2471 maribus
2013 2413 2216 2489 pisces
2228 2432 2244 2487 3
2272 2417 2400 2471 sunt
2425 2405 2534 2465 affe-

466 2514 695 2572 ctiones
734 2520 794 2572 et
829 2512 965 2572 inde
997 2514 1386 2589 cogitationes
1417 2530 1620 2571 eorum
1659 2517 1761 2589 qui
1793 2514 1875 2571 ibi
1910 2521 2049 2573 sunt
2078 2531 2236 2588 quae
2273 2514 2354 2571 ita
2385 2522 2537 2586 appa-

460 2620 594 2671 rent
608 2632 624 2687 3
663 2612 775 2672 hoc
812 2615 1008 2672 sciunt
1044 2630 1247 2673 omnes
1278 2615 1377 2689 qui
1418 2614 1476 2671 in
1517 2613 1617 2672 illo
1645 2614 1867 2672 Mundo
1895 2620 2033 2673 sunt
2046 2635 2062 2688 3
2117 2621 2178 2671 et
2200 2628 2426 2691 quoque
2449 2615 2541 2665 tam

462 2727 609 2771 aves
649 2730 823 2786 quarn
854 2713 1055 2788 pisces
1087 2732 1120 2772 a
1147 2732 1243 2773 me
1272 2714 1384 2773 visi
1411 2721 1550 2773 sunt
1577 2714 1840 2791 pluries;
1879 2714 1983 2773 illa
2009 2715 2361 2791 apparentia
2387 2714 2465 2770 est
2487 2720 2542 2765 ex

465 2813 1018 2884 correspondentia.
1074 2813 1162 2871 Ex
1188 2814 1281 2873 his
1310 2822 1585 2873 constare
1613 2822 1829 2890 potest,
1862 2815 2017 2874 unde
2049 2821 2164 2886 est,
2206 2813 2365 2891 quod
2390 2807 2543 2870 Maria

461 2909 795 2985 significent
824 2915 1159 2970 communia
1196 2916 1340 2984 veri,
1379 2932 1451 2972 ac
1495 2915 1787 2974 balaenae
1829 2922 1888 2973 et
1926 2918 2127 2992 pisces
2155 2915 2393 2974 illorum
2421 2907 2536 2968 affe·

463 3011 690 3069 ctiones
722 3017 781 3069 et
809 3013 1195 3087 cogitationes
1227 3017 1327 3091 qui
1353 3016 1415 3072 in
1444 3016 1851 3074 communibus
1874 3016 2001 3074 veri
2026 3021 2186 3074 sunt:
2216 3013 2372 3091 quod
2387 3007 2543 3071 Maria

461 3108 793 3186 significent
846 3115 1176 3172 communia
1212 3116 1361 3186 veri,
1413 3110 1719 3174 ostensum
1757 3116 2035 3175 videatur
2080 3132 2269 3193 supra
2303 3132 2372 3173 nt
2412 3105 2541 3169 275.

464 3209 694 3286 Quales
733 3211 814 3269 illi
852 3219 991 3271 sunt
1040 3217 1141 3290 qui
1188 3216 1248 3272 in
1283 3232 1481 3290 aquea
1518 3214 1621 3273 illa
1659 3216 2117 3293 atmosphaera,
2171 3232 2326 3291 quae
2360 3206 2546 3272 intelli-

456 3311 617 3388 gitur
662 3328 771 3387 per
806 3312 1030 3387 Maria,
1087 3316 1148 3372 in
1183 3314 1408 3374 Mundo
1466 3315 1765 3391 spirituali
1807 3316 2107 3388 habitant,
2163 3315 2343 3374 velim
2403 3309 2544 3371 unico

461 3412 739 3488 exemplo
766 3412 1068 3473 illustrare
1085 3433 1100 3488 3
1140 3414 1224 3473 illi
1252 3413 1389 3472 dum
1419 3415 1626 3492 legunt
1654 3415 1803 3474 haec
1832 3416 1994 3492 apud
2010 3416 2307 3475 Davidem
2336 3458 2374 3488 „
2387 3411 2545 3473 Omm’

457 3511 625 3594 quod
653 3510 790 3574 vult
817 3511 1134 3590 known,
1175 3514 1353 3594 facit
1397 3515 1465 3575 in
1503 3512 1683 3576 Coelo
1722 3523 1780 3577 et
1824 3515 2054 3590 Terra,
2093 3515 2165 3576 in
2190 3514 2477 3576 Mam-ibus
2502 3508 2546 3565 et

458 3613 745 3674 omnibus
783 3613 1041 3695 abyssis
1070 3617 1107 3648 “
1162 3614 1398 3673 Psalm:
1453 3615 1770 3675 CXXXV:
1829 3619 1899 3693 63
1976 3633 2090 3675 non
2141 3616 2314 3675 aliter
2363 3613 2542 3679 sciunt,

459 3731 638 3792 quam
674 3715 838 3791 quod
875 3730 984 3791 per
1022 3713 1271 3774 Coelum
1305 3715 1674 3793 intelligatur
1703 3715 1951 3777 Coelum
1982 3714 2349 3794 aspectabile
2377 3723 2547 3774 coram

462 3813 682 3884 oculiS,
748 3823 807 3872 et
869 3832 980 3889 per
1043 3815 1295 3875 Terram
1354 3823 1517 3875 terra
1574 3815 1944 3891 habitabilis,
2011 3826 2073 3875 et
2125 3833 2236 3893 per
2278 3815 2463 3874 Maria
2502 3812 2547 3866 et

460 3911 714 3987 abyssos
752 3916 941 3972 maria
977 3922 1035 3975 et
1071 3916 1295 3993 abyssi,
1331 3918 1417 3975 ita
1452 3916 1613 3993 quod
1638 3916 1681 3976 J
1684 3917 1915 3976 ehovah
1950 3917 2131 3976 faciat
2165 3919 2226 3975 in
2258 3915 2374 3975 illis
2402 3912 2544 3990 quic-

462 4009 605 4089 quid
637 4011 801 4084 vult,
859 4020 918 4070 et
964 4031 1080 4073 non
1127 4016 1343 4075 adduci
1393 4029 1651 4093 possunt
1687 4017 1763 4076 ad
1806 4017 2198 4090 credendum,
2253 4014 2409 4093 quod
2458 4023 2546 4086 per

463 4109 709 4173 Coelum
771 4112 1137 4191 intelligatur
1188 4114 1437 4177 Coelum
1471 4117 1853 4195 Angelicum,
1918 4135 2033 4195 per
2068 4118 2318 4179 Terram
2362 4114 2443 4173 ibi
2480 4105 2548 4167 illi

459 4214 562 4289 qui
599 4211 756 4272 infra
792 4221 954 4290 sunt,
997 4221 1057 4274 et
1089 4232 1199 4292 per
1225 4216 1418 4299 Maria
1456 4225 1515 4277 et
1548 4236 1661 4294 per
1690 4219 1941 4295 abyssos
1977 4218 2067 4280 illi
2099 4220 2201 4298 qui
2227 4217 2306 4277 ibi
2337 4223 2394 4275 in
2430 4209 2546 4269 ulti-
