2791 4778
465 392 574 445 3513
872 378 1368 437 APOCALYPSOE
1410 379 1848 439 ennean.
1911 381 1959 449 ς.
2004 387 2130 442 399.

460 560 650 619 supra
684 558 752 598 n:
807 539 971 598 253.
1063 537 1247 615 Apud
1294 538 1563 597 Eundem
1627 535 1964 613 „Jehovak
2009 541 2213 601 erexit
2255 539 2556 602 Testimo-

459 642 640 703 nium
667 640 737 700 in
762 637 1017 708 Jacobo,
1042 644 1102 698 et
1128 637 1367 718 Leyem
1394 639 1464 698 in
1489 634 1785 699 Israele“
1814 639 2050 700 Psalm:
2086 640 2449 702 LXXVIII:
2497 644 2559 717 53

257 752 422 815 [581]
461 761 573 822 per
607 740 906 801 Jacobum
942 744 1002 799 et
1044 739 1335 798 Israelem
1373 739 1742 815 significatur
1775 739 2082 814 Ecclesia,
2134 759 2245 818 per
2276 738 2558 801 Jacobum

458 842 738 904 Ecclesia
774 847 1051 914 externa,
1110 847 1169 899 et
1216 857 1326 917 per
1374 839 1666 898 Israelem
1715 840 1995 899 Ecclesia
2034 844 2302 916 interna,
2364 860 2431 902 ac
2462 861 2558 919 per

460 944 896 1005 Testimonium
944 948 1004 1000 et
1053 957 1163 1017 per
1197 939 1423 1016 Legem
1459 940 1827 1015 significatur
1861 940 2166 1012 Verbum,
2211 960 2326 1018 per
2373 943 2554 1001 Testi-

456 1046 719 1103 monium
754 1041 913 1119 quod
957 1041 1039 1099 ibi
1088 1039 1262 1099 docet
1307 1040 1467 1098 bona
1523 1042 1710 1112 vitae,
1768 1046 1827 1100 et
1866 1058 1979 1117 per
2022 1042 2248 1119 Legem
2286 1042 2445 1119 quod
2485 1042 2558 1101 ibi

457 1144 633 1204 docet
686 1161 832 1201 vera
877 1141 1209 1208 doctrinae:
1281 1142 1562 1215 quoniam
1606 1139 1694 1198 illi
1742 1143 1846 1217 qui
1896 1142 1955 1199 in
2006 1151 2255 1201 externa
2297 1143 2553 1203 Ecclesia

456 1252 627 1319 sunt,
667 1246 727 1301 in
761 1243 916 1302 bono
946 1245 1104 1301 vitae
1141 1246 1280 1299 sunt
1307 1240 1635 1299 secundum
1671 1258 1817 1299 vera
1863 1241 2200 1314 doctrinae,
2253 1255 2317 1301 et
2352 1244 2437 1302 illi
2467 1244 2556 1318 qui

453 1348 515 1403 in
551 1347 784 1402 interna
834 1341 1110 1402 Ecclesia
1156 1343 1216 1398 in
1257 1342 1419 1399 veris
1470 1340 1776 1400 doctrinae
1824 1349 1993 1417 sunt,
2048 1343 2382 1403 secundum
2418 1360 2555 1419 quae

455 1445 608 1515 vita,
671 1442 807 1501 ideo
854 1442 926 1499 de
989 1439 1221 1502 ,Iacobo
1280 1441 1497 1500 dicitur
1562 1440 2028 1516 Testimonium,
2094 1451 2153 1501 et
2206 1444 2280 1504 de.
2344 1443 2555 1503 Israele

451 1544 599 1603 Lex.
651 1542 832 1619 Apud
865 1541 1135 1602 Eundem
1174 1539 1299 1613 „Si
1326 1539 1780 1601 custodiverint
1795 1539 1936 1622 filii
1963 1544 2064 1603 tui
2073 1543 2318 1623 foeda-s·
2345 1562 2553 1616 meum,

451 1650 510 1705 et
556 1642 984 1704 testimonium
1033 1639 1203 1720 quod
1240 1639 1462 1702 docebo
1503 1658 1638 1714 eoa,
1691 1642 1886 1702 etiam
1908 1639 2053 1723 filii
2093 1644 2194 1705 tui
2239 1644 2313 1704 in
2364 1648 2551 1705 aeter-

451 1764 604 1804 num
655 1742 950 1803 sedebunt
1000 1761 1192 1821 cuper
1247 1741 1470 1802 throno
1514 1741 1673 1802 tibi“
1749 1742 1989 1803 Psalm:
2052 1742 2382 1805 CXXXII:
2448 1748 2519 1802 12
2536 1763 2552 1819 3

450 1844 602 1903 haec
639 1844 713 1901 de
749 1843 1017 1915 Davide,
1069 1842 1178 1902 sed
1229 1861 1338 1921 per
1373 1840 1670 1900 Davidem
1716 1843 1797 1901 ibi
1843 1845 2191 1922 intelligitur
2230 1846 2550 1919 Dominus;

448 1961 560 2021 per
593 1943 747 2003 filios
787 1945 918 2021 ejus
955 1942 1366 2019 intelliguntur
1402 1944 1505 2019 qui
1538 1943 1763 2002 faciunt
1798 1953 2129 2022 praecepta
2162 1946 2406 2005 Domini
2418 1966 2434 2021 3
2482 1944 2549 2004 de

448 2043 543 2104 his
589 2045 832 2118 dicitur,
896 2046 949 2102 si
985 2043 1416 2103 custodiverint
1447 2042 1554 2101 filii
1590 2046 1676 2102 tui
1710 2044 1921 2103 foedus
1958 2064 2156 2105 meum
2195 2054 2257 2105 et
2292 2050 2549 2106 testimo·

446 2147 611 2205 nium
657 2163 885 2219 meum,
952 2162 1062 2221 per
1107 2144 1318 2203 foedus
1369 2143 1567 2202 simile
1611 2144 1964 2222 intelligitur
2010 2146 2170 2224 quod
2220 2164 2407 2224 supra
2452 2164 2550 2224 per

446 2245 663 2323 legem,
694 2263 910 2323 nempe
934 2262 1138 2303 verum
1166 2244 1491 2317 doctrinae,
1531 2250 1591 2302 et
1612 2262 1722 2321 per
1748 2247 2154 2305 testimonium
2182 2247 2378 2308 simile
2408 2246 2552 2324 quod

448 2363 635 2424 supra
657 2364 768 2425 per
793 2346 1216 2420 testimonium,
1248 2361 1465 2423 nempe
1492 2343 1713 2404 bonum
1737 2347 1894 2405 vitae
1925 2347 2255 2408 secundum
2282 2366 2426 2408 vera
2446 2348 2543 2407 do-

447 2449 692 2508 ctrinae.
736 2446 967 2507 Similia
984 2464 1093 2523 per
1118 2446 1330 2506 foedus
1360 2453 1422 2504 et
1450 2449 1791 2505 testimonia
1815 2448 2225 2524 significantur
2253 2450 2414 2526 apud
2428 2450 2547 2508 Da-

447 2548 645 2607 videm
682 2548 917 2607 Psalm:
954 2547 1157 2606 XXV:
1212 2549 1318 2606 10.
1358 2545 1639 2605 Pluribus
1668 2549 1729 2605 in
1763 2546 1911 2607 locis
1950 2549 2224 2607 dicuntur
2261 2551 2545 2610 Testimo-

446 2651 564 2721 nia,
602 2656 661 2708 et
685 2649 861 2707 simul
891 2648 1038 2721 Lex,
1073 2648 1440 2723 Praecepta,
1479 2645 1784 2722 Mandata,
1817 2647 2060 2708 Statuta
2091 2658 2151 2708 et
2178 2649 2452 2719 Judicia,
2482 2665 2545 2707 ac

445 2746 529 2805 ibi
551 2765 662 2823 per
691 2748 1060 2807 Testimonia
1096 2754 1155 2807 et
1183 2747 1466 2806 Mandata
1500 2746 1908 2823 significantur
1931 2767 2084 2826 quae
2111 2749 2327 2810 docent
2358 2753 2543 2822 vitam,

443 2865 555 2925 per
580 2846 803 2924 Legem
834 2857 893 2906 ct
920 2848 1256 2925 Praecepta
1292 2866 1447 2924 quae
1476 2847 1692 2906 docent
1719 2848 2063 2924 doctrinam,
2093 2868 2203 2926 per
2234 2850 2464 2910 Statuta
2488 2855 2545 2909 et

445 2945 488 3006 J
492 2945 685 3004 udicia
711 2964 865 3022 quae
893 2946 1109 3006 docent
1133 2951 1303 3023 rituS,
1332 2954 1402 3006 ut
1427 2951 1487 3007 in
1511 2946 1606 3005 his
1634 2950 2041 3026 sequentibus,
2082 2951 2245 3026 apud
2262 2950 2542 3012 Davidem

448 3043 639 3121 „Le-x
694 3043 968 3106 Jehovae
1022 3046 1306 3126 perfecta
1359 3065 1647 3108 recreans
1696 3048 2010 3125 animam,
2096 3049 2539 3111 Testimonium

443 3143 717 3206 Jehovae
756 3146 1025 3227 firmum
1082 3146 1430 3226 sapientem
1476 3145 1747 3209 reddens
1788 3149 2143 3230 simplicem
2161 3194 2178 3223 ,
2240 3149 2539 3212 Mandata

444 3242 718 3307 Jelwvae
754 3253 925 3308 recta
960 3244 1381 3327 laetificantia
1417 3266 1550 3323 cor,
1595 3256 2002 3330 praeceptum
2027 3248 2305 3313 Jehovae
2318 3266 2537 3332 purum

442 3343 824 3409 illuminans
872 3344 1113 3423 oculos,
1181 3347 1454 3409 Judioia
1500 3347 1776 3410 Jehovcoe
1825 3352 2092 3426 veritae,
2150 3352 2344 3435 jueta
2406 3352 2535 3411 eunt

443 3443 688 3509 eimul“
717 3448 948 3508 Psalm:
986 3449 1176 3509 XIX:
1221 3452 1280 3509 8.
1312 3451 1369 3507 9.
1405 3454 1431 3506 1
1452 3451 1529 3508 O:
1562 3450 1724 3526 apud
1749 3451 2021 3511 Eundem
2050 3450 2300 3527 „Beati
2324 3447 2534 3530 inteyri

440 3549 550 3610 via
581 3547 980 3611 ambulantes
1014 3550 1085 3609 in
1120 3548 1294 3628 Leye
1321 3546 1595 3609 Jehovae
1612 3594 1627 3623 ‚
1684 3549 1850 3610 beati
1882 3550 2302 3614 custodientes
2346 3550 2533 3614 Teati·

438 3647 657 3710 monia
706 3649 963 3729 Ipsina,
1027 3651 1098 3710 in
1154 3654 1281 3711 toto
1321 3647 1508 3710 corde
1551 3655 1861 3728 quaerunt
1902 3652 2164 3732 Ipsum,
2235 3652 2341 3714 Tu
2365 3667 2532 3732 prae-

441 3749 667 3828 cepisti
712 3750 1038 3811 Mandata
1077 3754 1193 3812 tua
1234 3747 1324 3810 ad
1359 3749 1842 3812 custodiendum
1889 3751 2108 3827 valde;
2163 3754 2411 3815 utinam
2443 3747 2531 3810 di-

438 3849 743 3928 riyantur
794 3849 934 3910 viae
978 3868 1151 3911 meae
1199 3849 1288 3910 ad
1340 3849 1825 3912 custodiendum
1863 3851 2128 3914 Statuta
2180 3859 2297 3915 tua
2309 3875 2336 3927 ;
2412 3859 2535 3913 tuno

437 3967 561 4008 non
589 3948 923 4029 pudefiant
966 3950 1218 4029 quando
1274 3950 1546 4028 respicio
1599 3949 1689 4010 ad
1739 3953 1954 4013 omnia
2008 3953 2361 4034 Praecepta
2405 3957 2532 4013 tua:

438 4048 767 4122 confitebor
812 4047 964 4107 Tibi
1013 4047 1083 4106 in
1126 4048 1509 4108 rectitudine
1554 4048 1793 4127 cordio,
1863 4073 2057 4133 quum
2097 4054 2381 4117 didicero
2424 4049 2531 4113 Ju-

429 4137 614 4195 -dicia
649 4138 959 4216 justitiae
1011 4146 1202 4202 tuae“
1262 4145 1501 4205 Psalm:
1552 4148 1784 4211 CXIX:
1861 4156 1888 4212 1
1938 4154 2014 4213 ad
2062 4160 2130 4229 7,
2197 4158 2419 4231 pariter
2464 4149 2533 4208 ibi

437 4231 623 4288 Vcrs:
682 4238 765 4289 12
800 4237 876 4292 ad
909 4236 1019 4294 15.
1066 4239 1493 4301 88-.89.151
1534 4246 1609 4304 ad
1645 4250 1818 4326 1563
1885 4260 1944 4312 et
1980 4254 2139 4314 alibi.
