2791 4778
404 342 642 398 CAPUT
685 340 854 408 QUIN
858 341 1028 401 TUM.
1835 341 2045 397 VERS:
2089 355 2143 405 1.
2304 356 2372 407 11

224 503 410 562 ,malo
446 508 588 562 sunt
622 501 939 577 oppositae
991 505 1132 558 sunt
1165 498 1368 576 Plagis
1416 516 1570 577 quae
1607 498 1769 576 apud
1802 498 1938 559 illos
1989 500 2090 574 qui
2122 502 2184 559 in
2217 501 2373 562 bono

243 609 424 676 sunt,
452 593 542 663 'et
575 603 664 660 sic
707 601 785 659 ad
821 617 1026 659 eorum
1068 599 1335 659 dextram
1366 606 1528 659 sunt
1563 617 1710 659 vera
1753 602 1812 658 in
1875 598 2063 658 densa
2097 600 2371 678 caligine,

243 703 364 763 sed
407 702 565 761 falsa
620 704 777 761 sicut
825 702 886 758 in
947 702 1204 759 maximo
1250 700 1502 758 lumine:
1570 698 1729 776 quod
1782 700 2008 775 Plagae
2052 700 2114 757 in
2147 699 2371 761 Mundo

242 801 553 880 spirituali
585 800 705 860 illis
742 801 844 876 qui
876 801 938 859 in
974 799 1130 858 malo
1167 805 1307 858 sunt
1334 801 1647 877 oppositae
1685 801 1803 858 sint
1829 798 2033 876 Plagis
2075 817 2228 879 quae
2253 800 2373 860 illis

245 905 356 980 qui
396 903 458 960 in
502 901 660 960 bono
712 905 879 974 sunt,
935 899 1211 958 videatur
1256 902 1319 958 in
1375 898 1578 975 Opere
1628 898 1702 958 de
1740 897 1941 959 Coeno
1982 915 2060 959 m·
2097 899 2372 960 Inrmmo

243 1002 750 1062 n2151.152:
809 1016 1028 1073 causa,
1068 1017 1137 1058 n:
1184 1002 1344 1058 122.
1391 1000 1551 1058 123.

406 1104 569 1162 299.
624 1100 868 1160 Librum
917 1101 1206 1175 scriptum
1255 1100 1414 1158 intus
1463 1105 1522 1158 et
1558 1116 1596 1158 a
1628 1106 1833 1175 tergo,
1889 1099 2046 1175 quod
2081 1099 2373 1176 significet

245 1207 474 1261 statum
507 1204 667 1261 vitae
707 1202 968 1259 omnium
1003 1202 1064 1258 in
1101 1197 1286 1259 Coelo
1323 1205 1384 1258 et
1419 1200 1479 1256 in
1514 1205 1710 1272 terra,
1740 1190 1832 1258 'in
1867 1202 2162 1258 communi
2218 1206 2277 1259 et
2310 1203 2372 1259 in

244 1302 619 1379 particulari,
660 1307 895 1361 constat
927 1317 1006 1359 ‚ex
1032 1298 1463 1376 significatione
1499 1298 1661 1371 libri,
1697 1299 1794 1358 hic
1827 1298 1965 1357 libri
1995 1302 2176 1369 vitae,
2213 1302 2373 1376 quod

246 1403 331 1461 sit
362 1402 523 1478 quod
549 1419 586 1459 a
602 1401 859 1459 Domino
885 1401 1234 1476 inscriptum
1257 1415 1368 1459 seu
1398 1398 1813 1475 implantatum
1845 1405 1938 1460 est
1959 1399 2212 1459 hominis
2239 1403 2370 1478 spi-

245 1503 413 1570 ritui,
436 1503 552 1560 hoc
581 1505 692 1576 est,
731 1501 894 1560 cordi
923 1506 983 1559 et
1009 1500 1262 1574 animae,
1301 1515 1414 1558 seu
1440 1500 1598 1576 quod
1623 1500 1799 1574 idem,
1839 1499 1998 1576 quod
2026 1500 2156 1577 ejus
2187 1503 2373 1561 amori

248 1606 315 1658 et
342 1601 507 1674 fidei,
548 1601 622 1658 de
658 1600 783 1677 vqua
813 1617 995 1675 supra
1021 1618 1090 1659 n:
1128 1603 1157 1659 l
1178 1602 1299 1674 993
1336 1600 1478 1659 iude
1505 1617 1612 1676 per
1639 1599 1851 1658 librum
1877 1600 1977 1658 hic
2004 1600 2372 1675 significatur

244 1706 449 1760 status
488 1703 649 1760 vitae
696 1702 954 1759 omnium
994 1701 1053 1758 in
1086 1699 1269 1760 Coelo
1314 1706 1374 1758 et
1413 1703 1697 1769 interra,
1734 1705 1794 1758 ct
1819 1717 1930 1777 per
1956 1702 2242 1776 scriptum
2281 1703 2367 1759 si-

243 1801 560 1877 gnificatur
596 1800 753 1876 quod
787 1799 1202 1877 implantatum
1241 1806 1337 1859 est
1369 1818 1407 1858 a
1440 1800 1697 1859 Domino
1708 1819 1725 1875 3
1782 1800 1941 1876 quod
1976 1800 2237 1860 scribere
2275 1803 2363 1859 si-

247 1901 488 1978 gnificet
522 1901 915 1976 implantare,
965 1900 1241 1958 videatur
1277 1903 1456 1959 etiam
1494 1917 1680 1976 supra
1713 1917 1779 1958 n:
1822 1903 2000 1975 2223
2057 1906 2118 1958 et
2171 1919 2246 1959 ex
2280 1903 2369 1959 si-

245 2001 624 2078 gnificatione
663 2003 921 2060 intus-et
948 2019 984 2058 a
1011 2009 1202 2077 tergo,
1238 2000 1400 2076 quod
1426 2002 1504 2058 sit
1541 1999 1700 2076 quod
1730 2007 1822 2069 est
1849 2000 2013 2060 cordi
2049 2007 2108 2059 et
2134 2004 2367 2059 animae

185 2161 189 2165 .
244 2119 356 2160 seu
391 2104 580 2161 amori
614 2107 675 2160 et
697 2101 858 2174 fidei,
893 2118 1060 2160 amor
1096 2103 1252 2160 enim
1290 2106 1383 2159 est
1417 2102 1575 2159 intus
1612 2100 1776 2177 apud
1808 2099 2104 2160 hominem
2144 2107 2204 2159 et
2238 2101 2369 2178 spi-

243 2203 451 2276 ritum,
509 2202 650 2278 quia
683 2202 826 2262 facit
865 2202 996 2280 ejus
1026 2203 1240 2276 vitam,
1278 2199 1429 2259 fides
1473 2207 1708 2276 autem,
1749 2202 1862 2259 nisi
1896 2202 1957 2259 in
1994 2201 2126 2277 ejus
2164 2218 2365 2259 amore

244 2304 350 2377 sit,
405 2318 526 2361 non
577 2308 670 2362 est
718 2305 878 2360 intus
929 2301 1090 2378 apud
1123 2301 1328 2376 illum,
1384 2299 1497 2360 sed
1529 2307 1670 2376 post
1728 2317 1840 2360 seu
1892 2318 1928 2360 a
1963 2307 2131 2375 tergo
2146 2320 2162 2375 3
2217 2299 2369 2360 fides

245 2383 405 2461 enim
467 2419 624 2479 quae
659 2402 808 2461 fides
869 2418 1117 2477 prorsus
1156 2420 1338 2460 unum
1387 2401 1532 2460 facit
1570 2419 1704 2461 cum
1743 2418 1975 2474 amore,
2031 2417 2170 2459 nam
2207 2402 2371 2475 quod

240 2502 420 2561 homo
459 2508 619 2559 amat
662 2501 776 2560 hoc
811 2501 952 2561 fidei
987 2502 1117 2577 ejus
1155 2508 1279 2576 est,
1336 2501 1498 2578 quod
1533 2507 1734 2560 autem
1768 2518 1886 2560 non
1922 2505 2083 2557 amat
2119 2517 2238 2559 non
2275 2517 2370 2559 est

242 2600 385 2660 fidei
420 2601 583 2678 ejus;
619 2606 873 2676 apparet
899 2601 1135 2677 quidem
1171 2601 1332 2683 quod
1367 2604 1447 2661 sit
1481 2601 1630 2661 fides
1667 2601 1829 2678 quod
1864 2600 2081 2677 aliquis
2119 2617 2195 2659 ex
2232 2617 2375 2666 rne-⁴

243 2702 435 2775 moria
469 2703 690 2776 cogitat
738 2707 797 2761 et
841 2718 916 2759 ex
952 2700 1220 2760 doctrina
1272 2701 1481 2776 docet,
1538 2702 1648 2761 sed
1684 2703 1735 2761 si
1770 2701 1946 2760 modo
1995 2717 2070 2759 ex
2111 2702 2368 2760 naturali

242 2817 446 2860 amore
496 2807 556 2859 et
600 2818 719 2860 non
756 2819 828 2860 ex
866 2801 1163 2878 spirituali
1210 2801 1272 2861 id
1306 2807 1501 2873 amat,
1556 2809 1648 2861 est
1701 2802 1875 2861 modo
1912 2803 2081 2861 visus
2132 2804 2365 2878 cogita-

237 2901 413 2959 tionis
442 2904 673 2961 externi
699 2902 970 2977 hominis‚
1012 2904 1115 2978 qui
1139 2904 1308 2961 visus
1335 2905 1620 2961 mentitur
1642 2902 1839 2972 fidem,
1876 2901 1987 2961 sed
2020 2901 2174 2961 haec
2196 2903 2366 2972 fides,

238 3004 377 3076 quia
410 3007 506 3061 est
540 3001 767 3079 absque
804 3005 929 3061 vita
963 3003 1314 3079 priusquam
1346 3003 1702 3079 implantata
1738 3010 1829 3062 est
1863 3006 2097 3061 interno
2139 3002 2368 3061 homini

237 3106 298 3159 et
333 3102 463 3177 ejus
500 3104 716 3173 amori,
766 3120 885 3161 non
922 3109 1015 3161 est
1060 3107 1122 3162 in
1155 3103 1393 3161 homine
1444 3104 1555 3164 sed
1589 3111 1728 3178 post
1764 3103 1932 3161 illum
1971 3118 2086 3161 seu
2120 3120 2159 3161 a
2194 3110 2364 3178 tergo

236 3200 368 3276 ejus
381 3220 398 3276 3
452 3201 602 3261 fides
637 3202 990 3280 implantata
1023 3206 1256 3263 interno
1292 3203 1517 3261 homini
1555 3209 1614 3261 et
1651 3204 1781 3279 ejus
1825 3204 2043 3277 amori,
2100 3210 2193 3261 est
2228 3218 2364 3262 cre-

238 3298 380 3359 dere
416 3307 478 3361 et
512 3319 714 3363 amare
752 3321 965 3362 verum
1003 3304 1145 3377 quia
1181 3309 1275 3362 est
1309 3321 1548 3377 verum,
1605 3311 1665 3362 et
1699 3320 1817 3361 non
1853 3319 2056 3361 amare
2103 3302 2165 3361 id
2197 3306 2367 3378 prin-

240 3400 516 3476 cipaliter
566 3409 812 3479 propter
850 3404 1067 3460 samam
1113 3401 1460 3462 eruditionis
1516 3409 1576 3462 et
1617 3403 1753 3463 inde
1797 3403 2084 3462 honorem
2122 3408 2225 3460 aut
2265 3403 2363 3460 lu-

240 3517 433 3560 crum:
490 3519 566 3561 ex
600 3502 694 3562 his
731 3510 1011 3562 constare
1046 3509 1279 3578 potest,
1339 3502 1482 3579 quid
1515 3503 1884 3579 significatur
1929 3518 2042 3579 per
2077 3501 2366 3577 scriptum

236 3601 394 3660 intus
432 3608 493 3662 et
521 3620 559 3661 a
585 3609 774 3680 tergo,
813 3602 1029 3679 Agitur
1065 3604 1126 3660 in
1161 3602 1274 3661 hoc
1314 3600 1526 3678 Capite
1565 3603 1638 3662 de
1677 3620 1747 3662 co
1768 3647 1784 3677 ,
1827 3601 1986 3679 quod
2015 3599 2195 3660 Solus
2230 3600 2361 3659 Do-

236 3700 430 3758 minus
463 3704 617 3761 sciat
651 3710 847 3763 status
885 3706 1045 3762 vitae
1082 3705 1344 3762 omnium
1381 3705 1445 3763 in
1472 3705 1772 3786 communi
1808 3708 1870 3761 et
1895 3701 2269 3778 singulorum
2304 3702 2365 3761 in

239 3799 599 3873 particulari,
636 3809 696 3862 et
732 3802 893 3879 quod
924 3819 1100 3861 nemo
1127 3810 1369 3879 praeter
1404 3804 1647 3881 Ipsum;
1686 3803 1800 3863 hoc
1837 3804 2363 3879 repraesentative

237 3898 469 3956 sistitur
516 3917 626 3976 per
668 3902 914 3962 Librum
977 3903 1298 3978 scriptum,
1367 3921 1543 3978 quem
1602 3904 1806 3963 nullus
1853 3905 2049 3980 potuit
2104 3905 2362 3979 aperire,

237 3996 441 4073 legere
477 4004 539 4057 et
571 4001 903 4078 inspicere,
961 4020 1141 4079 quam
1178 3999 1359 4062 Solus
1395 4001 1633 4081 Agnus,
1688 4005 1801 4065 hoc
1840 4008 1962 4079 est,
2031 4003 2365 4062 Dominus:

239 4097 400 4172 quod
435 4115 610 4159 nemo
645 4099 757 4162 hoc
792 4104 963 4175 sciat,
1000 4120 1179 4179 quarn
1207 4101 1386 4163 Solus
1415 4102 1704 4163 Dominus
1741 4112 1835 4165 est
1877 4105 2019 4182 qnia
2055 4109 2151 4163 est
2180 4101 2363 4161 Solus

231 4197 434 4276 DeuS,
494 4205 555 4259 et
593 4203 731 4278 quia
766 4203 1043 4263 formavit
1082 4202 1330 4264 Coelum
1369 4204 1725 4283 Angelicum
1762 4205 1837 4263 ad
1873 4206 2190 4281 imaginem
2234 4200 2358 4274 Sui,
