2791 4778
408 336 646 392 CAPUT
689 336 1030 403 QUINTUM.
1734 337 1946 393 VERS:
1989 348 2045 400 2.
2091 350 2143 401 3.
2302 348 2371 402 13

232 515 438 576 supra
490 516 558 555 n:
605 498 767 565 257,
817 499 901 555 ita
936 512 1173 572 quoque
1209 512 1491 571 prorsus»,
1546 497 1685 573 qnia
1719 495 1831 557 hoc
1869 505 1961 556 est
1997 498 2176 574 plene
2214 506 2278 559 et
2313 503 2374 558 in

235 605 457 658 totum.
1988 655 1992 657 Α

411 698 570 756 301.
628 696 804 755 Vers:
851 699 912 755 2.
951 696 1010 755 3.
1063 694 1159 755 Ec
1194 692 1336 755 vidi
1371 692 1693 774 Anyelum
1713 695 1957 776 fortem
1986 696 2376 777 praedican-

235 804 376 858 tem
398 814 541 858 voce
580 814 849 875 mayaco,
887 795 1033 874 quie
1069 799 1165 854 eat
1207 793 1449 873 digmus
1483 794 1732 874 aperire
1770 792 2003 858 librum
2044 803 2104 858 et
2141 794 2378 861 solvere

240 893 484 977 eiyilla
529 896 683 979 ejaa.
776 894 874 954 Et
920 912 1097 955 nemo
1140 894 1359 973 potuit
1417 894 1487 954 in
1524 891 1738 969 Coelo,
1789 914 1899 956 nec
1948 916 2140 977 cuper
2182 902 2372 971 terra,

240 1015 441 1076 neque
494 998 607 1058 sub
665 1000 869 1073 tma,
936 993 1185 1073 aperire
1246 990 1482 1054 librum
1528 1012 1638 1055 nec
1675 994 1982 1075 inspicere
2044 1015 2205 1058 eum.
2301 999 2379 1056 Et

241 1097 376 1159 vidi
410 1092 703 1173 Angelum
740 1097 953 1154 fortem
987 1093 1435 1170 praedicantem
1468 1111 1619 1154 voce
1656 1113 1904 1172 magna,
1944 1096 2244 1173 significat
2277 1099 2376 1156 in-

243 1196 475 1255 fluxum
510 1196 751 1255 Domini
783 1198 844 1254 in
883 1194 1160 1253 Coelum:
1219 1196 1350 1270 quis
1388 1200 1481 1253 est
1518 1194 1733 1270 dignus
1773 1198 2008 1272 aperire
2062 1197 2278 1256 librum
2316 1204 2379 1257 et

249 1297 492 1356 solvere
529 1296 727 1372 sigilla
763 1296 926 1372 ejus,
983 1295 1279 1383 significat
1313 1309 1453 1351 num
1477 1293 1648 1353 'ullus
1685 1293 1770 1353 ibi
1804 1296 1940 1355 talis
1979 1303 2088 1365 est,
2125 1304 2191 1355 ut
2224 1298 2379 1356 sciat

247 1402 314 1455 et
347 1397 644 1473 percipiat
704 1402 896 1453 status
947 1397 1108 1456 vitae
1146 1395 1447 1453 omnium:
1504 1400 1564 1454 et
1598 1411 1773 1454 nemo
1822 1398 2018 1472 potuit
2066 1398 2129 1454 in
2166 1395 2373 1472 Coelo,

250 1512 371 1554 nec
409 1511 594 1572 super
627 1500 819 1564 terra,
870 1510 1064 1570 neque
1118 1494 1231 1552 sub
1266 1500 1454 1568 terra,
1512 1496 1748 1569 aperire
1783 1494 1998 1554 librum
2035 1512 2145 1555 nec
2180 1497 2375 1573 inspi-

252 1611 397 1654 cere
436 1611 588 1666 eum,
628 1593 920 1669 significat
954 1594 1492 1653 manifestationem
1529 1594 1688 1670 quod
1722 1613 1797 1655 ne
1826 1595 2011 1654 hilum
2041 1595 2259 1672 aliquis
2302 1595 2378 1655 de

254 1701 423 1754 statu
459 1696 620 1753 vitae
661 1697 919 1752 omnium
968 1695 1027 1752 in
1072 1695 1366 1754 communi
1418 1700 1475 1752 et
1522 1694 1888 1770 singulorum
1933 1697 1994 1754 in
2028 1695 2379 1773 particulari

253 1812 333 1854 ex
368 1812 436 1855 se
478 1796 632 1853 sciat
670 1800 730 1853 et
764 1796 1078 1871 percipiat.

416 1897 574 1953 302.
631 1895 707 1952 Et
733 1895 855 1953 vidi
881 1892 1180 1970 Angelum
1216 1894 1430 1952 fortem
1465 1892 1911 1968 praedicantem
1946 1912 2095 1958 voce
2133 1912 2376 1972 magna,

258 1995 416 2072 quod
469 1994 765 2070 significet
816 1995 1287 2072 explorationem
1343 2010 1418 2051 ex
1468 1992 1692 2051 influxu
1727 1996 1968 2053 Domini
2011 1997 2072 2053 in
2110 1994 2376 2068 Coelum,

255 2101 489 2155 constat
539 2112 613 2153 ex
651 2095 1081 2170 significatione
1119 2088 1335 2169 Angeli
1383 2093 1583 2163 fortia,
1643 2093 1802 2170 quod
1850 2096 1928 2152 sit
1969 2093 2245 2168 Coelum,
2303 2093 2378 2153 de

257 2213 375 2272 qua
410 2196 682 2270 sequitur
695 2214 710 2268 3
768 2200 828 2252 et
886 2212 960 2253 ex
1022 2192 1458 2268 significatione
1522 2193 1875 2267 praedicare
1943 2212 2117 2265 voce,
2140 2212 2373 2271 magna,

258 2294 418 2372 quod
454 2298 533 2353 sit
569 2294 902 2370 exploratio
940 2311 1012 2354 ex
1047 2293 1273 2351 influxu
1307 2291 1575 2366 Domini,
1616 2293 1947 2370 exploratio
1983 2310 2200 2371 nempe
2239 2312 2379 2353 num

260 2396 476 2471 aliquis
513 2397 665 2454 scire
700 2397 893 2470 possit
926 2401 1121 2454 status
1149 2396 1307 2453 vitae
1346 2395 1607 2451 omnium
1641 2396 1705 2451 in
1733 2393 1900 2453 coelo
1940 2400 2001 2453 et
2032 2396 2288 2454 interra
2321 2396 2384 2453 in

263 2496 553 2553 communi
594 2500 653 2551 et
686 2496 747 2550 in
782 2494 1148 2569 particulari,
1190 2509 1327 2551 nam
1363 2493 1438 2552 de
1469 2509 1544 2551 ea
1566 2510 1633 2552 re
1668 2493 1765 2551 hic
1803 2496 2017 2570 agitur3
2054 2492 2167 2552 hoc
2194 2495 2381 2570 signi-

260 2593 473 2653 ficatur
499 2610 609 2668 per
633 2592 1002 2668 praedicare,
1037 2610 1108 2652 ac
1141 2593 1398 2651 influxus
1428 2592 1671 2651 Domini
1699 2610 1811 2669 per
1838 2609 2049 2653 vocem
2084 2610 2380 2670 magnam3

261 2710 375 2771 per
412 2709 620 2751 vocem
656 2695 840 2763 enim,
892 2710 1024 2752 cum
1070 2692 1143 2751 de
1179 2693 1471 2766 Domino,
1528 2692 1894 2769 significatur
1946 2710 2117 2752 omne
2153 2692 2383 2753 Verum

261 2792 483 2867 Verbi,
525 2792 830 2852 doctriuae
869 2799 929 2851 et
962 2792 1099 2852 fidei
1133 2792 1208 2850 ab
1244 2791 1420 2869 Ipso;
1478 2799 1538 2851 et
1574 2810 1706 2852 cum
1744 2792 1819 2852 de
1848 2791 2031 2861 Coelo
2069 2800 2129 2853 ot
2161 2793 2375 2853 Eccle—

259 2895 380 2964 sia,
437 2896 623 2951 omnis
664 2895 942 2968 cogitatio
981 2899 1041 2951 et
1076 2892 1311 2951 affectio
1348 2892 1505 2966 inde,
1547 2899 1606 2951 et
1641 2895 1782 2969 quia
1816 2909 2007 2963 omne,
2045 2893 2206 2970 quod
2243 2893 2375 2953 An-

265 2992 382 3070 geli
416 2996 474 3051 in
515 2992 728 3062 Coelo,
767 3000 827 3051 et
860 2992 1128 3052 homines
1165 2994 1224 3050 in
1262 2991 1479 3068 quibus
1518 2998 1611 3051 est
1644 2992 1946 3067 Ecclesia,
1987 2993 2148 3069 quod
2171 3009 2380 3052 verum

266 3099 325 3151 et
357 3092 577 3151 bonum
614 3096 737 3166 est,
795 3094 1056 3169 cogitant
1093 3098 1152 3150 et
1190 3108 1306 3168 quo
1343 3090 1700 3167 afficiuntur,
1758 3098 1871 3152 est.
1886 3109 1960 3151 ex
1994 3093 2221 3151 influxu
2247 3093 2379 3152 Do-
2419 3097 2579 3159 [351]

261 3193 430 3266 mini,
469 3192 605 3251 ideo
642 3194 692 3249 is
730 3210 841 3268 per
867 3209 1077 3250 vocem
1114 3209 1387 3267 magnam
1424 3191 1519 3250 hic
1549 3193 1942 3268 significatur,
1980 3199 2183 3251 notum
2222 3194 2379 3252 enim

264 3298 381 3367 est,
422 3292 579 3368 quod
614 3307 789 3349 nemo
823 3294 1017 3368 possit
1053 3308 1128 3350 ex
1157 3295 1357 3349 amore
1393 3290 1534 3349 boni
1562 3291 1716 3349 affici
1741 3291 1929 3366 bono,
1971 3295 2033 3351 et
2068 3309 2142 3352 ex
2176 3308 2379 3350 amore
2451 3297 2466 3314 ⁸

265 3395 389 3451 veri
425 3394 691 3468 cogitare
725 3408 932 3448 verum
985 3408 1059 3450 ex
1095 3407 1194 3465 se,
1250 3390 1360 3448 sed
1395 3391 1554 3466 quod
1599 3390 1661 3449 id
1696 3392 1903 3449 influat
1951 3408 1983 3449 e
2020 3390 2218 3461 coelo,
2267 3389 2381 3450 hoe

267 3497 383 3567 est,
436 3508 549 3567 per
587 3490 821 3550 coelum
860 3508 897 3548 a
930 3490 1217 3563 Domino,
1273 3496 1332 3546 et
1369 3492 1509 3566 quia
1552 3492 1637 3548 ita
1673 3497 1798 3559 eet,
1848 3506 1960 3567 per
2005 3504 2213 3548 vocem
2248 3506 2380 3547 ma-

263 3608 434 3666 gnam
469 3590 843 3667 significatur
877 3590 1136 3648 influxus
1171 3588 1445 3647 Domini:
1486 3589 1644 3665 quod
1680 3588 1818 3649 Vox
1851 3590 1912 3646 in
1947 3587 2151 3646 Verbo
2189 3590 2380 3663 signi-

262 3688 399 3748 ficet
430 3707 640 3748 verum
676 3689 895 3758 Verbi,
932 3689 1234 3748 doctrinae
1273 3695 1333 3747 et
1365 3688 1538 3760 fidei,
1596 3695 1717 3746 tum
1758 3705 1929 3749 omne
1965 3690 2382 3749 annuntiatum

268 3804 342 3845 ex
365 3787 588 3862 Verbo,
623 3788 901 3847 videatur
934 3805 1119 3864 supra
1154 3806 1222 3847 n:
1257 3790 1420 3863 261,
1462 3795 1523 3847 et
1557 3790 1618 3846 in
1654 3789 1928 3850 AncAms
1968 3787 2381 3849 conflemus

264 3905 333 3944 n:
370 3886 581 3945 3563.
621 3889 831 3946 6971.
876 3889 1088 3947 8813.
1128 3890 1352 3946 9926:
1394 3894 1455 3947 et
1492 3886 1648 3964 quod
1683 3887 1977 3964 significet
2010 3888 2412 3950 affectionem‘

261 3987 388 4045 veri
434 3990 495 4043 et
540 3984 682 4042 boni
727 3988 1109 4060 interiorem,
1176 3993 1238 4046 et
1297 3986 1435 4046 inde
1474 3987 1921 4064 cogitationem,
1988 4006 2076 4047 nt·
2119 3990 2383 4048 10454.

261 4085 441 4163 Quod
477 4076 746 4160 Angelus
796 4085 967 4144 fortis
1017 4086 1314 4162 significet
1364 4075 1600 4146 coelum
1615 4131 1632 4162 ,
1690 4094 1784 4146 est
1834 4090 1977 4164 quia
2024 4087 2384 4148 Universum

260 4184 505 4245 Coelum
546 4183 900 4261 Angelicum
947 4202 1146 4245 coram
1190 4187 1448 4246 Domino
1499 4183 1591 4247 eet
1639 4188 1796 4246 sicut
1842 4203 1999 4245 unus
2035 4186 2229 4246 Homo
2278 4191 2382 4243 aut
