2791 4778
502 423 610 475 500
916 402 1432 492 «APOCALYPSiS
1475 400 1903 458 EXPLICATA.
1969 400 2014 467 §.
2047 406 2162 463 412.

497 569 873 636 videbuntur
909 566 1124 647 facies
1176 581 1350 624 meae
1398 563 1632 623 vacue“
1682 560 1881 619 Exod:
1926 556 2154 617 XXIII:
2213 555 2310 613 15.
2385 552 2524 611 Inte-

497 676 656 734 riora
690 669 1017 742 Ecclesiae,
1054 666 1244 725 Verbi
1293 671 1354 724 et
1390 663 1603 724 Cultus
1654 663 1830 720 etiam
1868 658 2246 736 significantur
2276 672 2372 731 per
2400 653 2525 711 hacc

499 773 661 852 apud
690 771 902 831 Mosen
941 765 1325 846 „Loquutus
1369 770 1464 824 est
1490 759 1772 823 Jehovah
1803 758 1893 820 ad
1918 757 2144 832 Mosen,
2178 754 2367 835 facies
2388 770 2526 812 meae

499 873 676 936 ibunt
688 914 705 947 ,
769 869 960 931 donec
1005 867 1273 948 quietem
1319 863 1569 939 dedero*
1596 862 1749 923 tibi.-
1824 868 1969 921 tunc
2017 857 2181 919 dimit
2223 855 2423 923 Moses,
2474 851 2525 912 ei

499 993 623 1036 non
672 970 887 1052 facies
945 975 1092 1030 tuae
1137 973 1284 1028 eunt
1301 1011 1319 1041 ,
1394 985 1469 1025 ne
1515 961 1846 1024 ascendere
1880 960 2097 1041 facias
2146 976 2250 1017 nos
2299 952 2519 1015 eme‘

498 1077 694 1136 Exod:
747 1070 1056 1132 XXXIII:
1122 1072 1228 1126 14.
1293 1070 1411 1141 153
1477 1066 1591 1124 hoc
1641 1064 1860 1123 dictum
1911 1068 2002 1120 est
2047 1059 2120 1117 ad
2164 1059 2360 1127 Mosen,
2404 1054 2517 1129 quia

500 1176 663 1252 apud
715 1180 953 1250 gentem
998 1169 1163 1228 illam
1203 1168 1468 1227 Verbum
1508 1162 2001 1225 conscribendum
2052 1167 2194 1231 erat,
2246 1164 2295 1215 et
2332 1169 2520 1231 quoque

497 1280 559 1336 in
602 1274 921 1334 Historicis
969 1270 1157 1330 Verbi
1196 1268 1268 1328 de
1322 1275 1501 1344 gente
1538 1266 1671 1337 illa,
1740 1266 1882 1339 quia
1932 1261 2088 1338 apud
2130 1260 2277 1318 illam
2307 1253 2526 1314 Ecclesia

498 1373 865 1436 instituenda
902 1380 1057 1444 erat,
1129 1387 1282 1448 quae
1320 1369 1471 1428 foret
1507 1353 1785 1425 Ecclesia
1829 1361 2364 1439 Repraesentativa‚
2410 1370 2525 1413 con·

499 1480 718 1537 sistens
768 1477 829 1532 in
880 1474 1140 1532 externis
1191 1488 1346 1547 quac
1401 1464 1953 1544 correspondebant
2009 1463 2264 1536 internis3
2332 1459 2529 1534 propter

497 1578 650 1637 haec
685 1575 901 1634 dicitur
929 1573 1089 1650 quod
1123 1573 1307 1631 facies
1344 1587 1514 1628 meae
1557 1568 1755 1640 ibunt,
1796 1566 1875 1622 de
1915 1563 2119 1640 quibus
2155 1562 2308 1638 plura
2332 1556 2529 1616 videan-

497 1685 594 1737 tur
643 1678 702 1733 in
750 1674 1026 1733 AncAms
1074 1671 1492 1731 Connnsrmus
1557 1686 1628 1726 n:
1697 1669 1961 1725 10567.
2023 1664 2270 1735 10568,
2324 1658 2410 1716 ubi
2450 1652 2529 1713 illa

498 1777 798 1853 explicata
830 1781 985 1832 sunt.
1078 1771 1196 1831 Sed
1242 1772 1379 1846 quia
1419 1770 1581 1829 Gens
1630 1766 1736 1826 illa
1777 1767 1974 1825 solum
2010 1768 2068 1823 in
2105 1764 2337 1821 externis
2367 1754 2524 1828 Verbi,

494 1876 804 1937 Ecclesiae
835 1880 895 1933 et
920 1873 1130 1933 Cultus
1167 1876 1320 1945 erat,
1362 1878 1423 1928 et
1453 1885 1703 1946 prorsus
1728 1884 1851 1925 non
1878 1870 1937 1925 in
1964 1866 2227 1935 internis,
2263 1862 2377 1919 ideo
2407 1855 2524 1914 Mosi

495 1995 612 2036 non
642 1976 843 2054 datum
873 1980 963 2032 est
989 1973 1192 2032 videre
1224 1973 1438 2031 faciem
1466 1971 1726 2038 Domini,
1757 1968 1869 2025 sed
1891 1967 2079 2026 solum
2107 1972 2331 2040 tergum,
2356 1970 2522 2017 secun-

497 2079 632 2136 dum
662 2077 813 2136 haec
851 2074 1011 2152 apud
1042 2074 1253 2132 Mosen
1305 2070 1565 2147 „Dixit
1599 2067 1813 2129 Moses
1829 2089 1870 2142 ,⁴
1893 2065 2137 2126 ostende
2175 2062 2318 2124 mihi
2349 2072 2527 2138 quae-30

493 2176 774 2258 ylorz‘am
815 2184 1022 2250 tuam,
1066 2175 1171 2234 cai
1201 2172 1407 2242 dixit,
1445 2171 1593 2251 Eyo
1618 2167 1977 2249 praeterire
2000 2166 2242 2247 faciam
2276 2176 2419 2221 omne
2444 2155 2525 2213 bo-

494 2299 646 2341 num
680 2296 886 2338 meum
913 2293 1124 2336 coram
1152 2281 1227 2344 te,
1264 2280 1321 2333 et
1335 2272 1718 2352 praedicabo
1754 2289 1980 2331 nomen
1999 2266 2257 2329 Jehovae
2277 2276 2450 2323 coram
2470 2259 2529 2323 te,

492 2400 617 2441 non
630 2378 875 2459 poteris
905 2375 1114 2438 videre
1139 2375 1369 2436 Facies
1401 2394 1591 2450 meas,
1621 2372 1774 2452 quia
1800 2388 1929 2432 non
1957 2367 2182 2430 videbit
2206 2364 2301 2425 Me
2319 2362 2466 2422 homo
2486 2358 2531 2414 et

494 2480 696 2541 vivet:
749 2497 991 2559 ponam
1045 2481 1102 2536 te
1146 2477 1217 2538 in
1246 2475 1576 2556 foramine
1605 2480 1857 2552 petrae,
1931 2477 1990 2530 et
2031 2470 2295 2548 obteyam
2324 2472 2534 2523 manum

494 2600 699 2643 meam
729 2599 920 2660 super
945 2585 1001 2640 te
1028 2597 1226 2657 usque
1244 2577 1398 2637 dum
1408 2575 1853 2655 praeterivero,
1879 2577 1944 2632 et
1971 2591 2107 2631 cum
2133 2582 2404 2630 removero
2426 2576 2534 2620 ma—

491 2702 645 2743 num
672 2700 875 2742 meam
911 2679 1150 2740 videbis
1177 2675 1536 2758 posteriora
1560 2693 1717 2745 mea,
1755 2679 1824 2734 at
1837 2672 2056 2752 facies·
2084 2654 2244 2730 bneae
2263 2684 2368 2726 non
2391 2659 2531 2723 vide-
2644 2672 2646 2743 l

494 2783 774 2844 buntur“
813 2781 1011 2841 Exod:
1057 2778 1365 2840 XXXIII:
1418 2780 1500 2836 18
1534 2777 1608 2834 ad
1635 2777 1756 2852 233
1812 2774 1908 2833 hic
1947 2766 2401 2850 repraesentabat
2431 2760 2532 2820 Mo-

493 2898 594 2940 ses
653 2883 907 2942 Gentem
955 2883 1146 2956 illam,
1214 2880 1407 2957 qualis
1468 2884 1561 2938 est
1614 2878 1813 2951 quoad
1857 2874 2218 2932 intellectum
2261 2865 2443 2935 Verbi,
2487 2862 2531 2916 et

490 2980 628 3040 inde
680 2981 876 3055 quoad
911 2981 1246 3039 Ecclesiam
1284 2987 1340 3038 et
1382 2979 1651 3049 Cultum,
1707 2975 1865 3053 quod
1901 2990 2115 3050 nempe
2151 2971 2329 3030 solum
2358 2969 2409 3024 in
2436 2962 2528 3020 Ex-

491 3083 676 3140 ternis
713 3079 940 3154 absque
976 3078 1264 3152 InterniS,
1322 3080 1586 3137 Externa
1630 3075 2233 3154 repraesentabantur
2266 3074 2320 3127 et
2350 3057 2525 3141 signifi-

492 3179 780 3239 cabantur
814 3196 923 3254 per
958 3180 1294 3254 posteriora
1331 3179 1606 3237 Jehovae
1648 3196 1803 3260 quae
1850 3178 1981 3233 visa
2017 3175 2196 3242 Mosi‚
2244 3185 2307 3228 ac
2338 3167 2525 3226 interna

487 3299 599 3357 per
647 3280 945 3339 anteriora
997 3286 1055 3338 et
1102 3297 1213 3355 per
1258 3280 1505 3356 facicn13
1564 3279 1722 3356 quod
1757 3279 2000 3336 Interna
2050 3291 2201 3351 quae
2246 3271 2416 3330 insunt
2442 3275 2521 3319 ex-

483 3383 670 3442 ternis
706 3381 923 3456 Verbi,
980 3380 1290 3440 Ecclesiae
1343 3386 1405 3440 et
1442 3380 1682 3452 Cultus,
1748 3396 1866 3436 non
1915 3378 2043 3433 visa
2091 3377 2206 3432 sint
2242 3388 2341 3430 nec
2383 3355 2525 3422 videri

484 3485 787 3562 potuerint
840 3468 1020 3542 Genti
1067 3482 1184 3554 illi,
1256 3479 1822 3559 repraesentabatur
1876 3483 1936 3535 et
1994 3474 2406 3553 significabatur
2446 3470 2524 3537 pel·

486 3584 644 3662 quod
678 3583 881 3645 Moses
917 3586 1154 3660 positus
1203 3584 1381 3642 fuerit
1427 3583 1487 3639 in
1533 3580 1820 3640 foramine
1868 3565 2102 3654 petrae,
2161 3579 2219 3632 et
2263 3588 2363 3649 per
2394 3564 2522 3645 obtq-

487 3688 741 3744 ctionem
791 3701 1002 3744 manus
1053 3701 1243 3760 usquc
1301 3682 1438 3740 dum
1488 3681 1906 3758 praeteriverit
1940 3673 2238 3738 Jehovah:
2291 3667 2387 3730 sed
2414 3665 2526 3721 haec

384 3796 387 3797 ’
484 3784 740 3862 amplius
772 3783 1069 3859 explicata
1112 3790 1247 3840 sunt
1288 3785 1349 3839 in
1376 3783 1653 3840 ARcANis
1690 3779 2103 3840 connsvmus
2131 3793 2198 3832 n:
2245 3765 2446 3830 10573
2471 3751 2527 3815 &d

283 3894 443 3960 [674]
497 3886 755 3944 10584.
844 3884 1170 3941 Praeterea
1222 3881 1408 3940 facies
1461 3882 1734 3941 ‚Jehovae
1783 3896 1892 3937 seu
1940 3877 2202 3942 Domini,
2254 3871 2380 3948 quia
2421 3857 2527 3922 sunt

478 3983 722 4042 Interna
766 3981 984 4054 Verbi,
1041 3980 1347 4039 Ecclesiae
1395 3988 1455 4039 et
1492 3981 1736 4050 Cultus,
1787 3986 1925 4038 sunt
1959 3976 2270 4056 praecipue
2315 3969 2530 4027 Externa

474 4082 535 4136 in
585 4080 800 4153 quibus
847 4080 1118 4150 Inte-rna,
1201 4081 1478 4152 quoniam
1522 4080 1766 4140 Interna
1818 4096 1885 4138 se
1950 4077 2204 4155 spectari
2249 4068 2445 4131 faciunt
2481 4058 2528 4114 iu

473 4174 778 4245 ΕΧῒθΥΠῘΒ,
830 4180 984 4234 sicut
1018 4176 1261 4232 Interna
1295 4176 1547 4237 hominis
1587 4183 1645 4237 in
1692 4180 1847 4238 facie
1887 4188 1944 4239 et
1982 4176 2237 4235 vultibus
2267 4171 2383 4248 ejus
2396 4183 2409 4239 3
2444 4151 2529 4218 sed

423 4304 426 4309 ·
477 4268 639 4327 Gens
690 4270 950 4330 Judaica
1005 4272 1139 4330 talis
1204 4281 1332 4332 erat
1379 4282 1444 4333 ut
1498 4280 1673 4337 modo
1726 4280 1986 4338 Externa
2046 4268 2416 4354 spectaverit,
2482 4256 2529 4312 0²
