2791 4778
297 473 302 479 ι
403 409 513 461 290
823 397 1309 453 APOCALYPSIS
1352 397 1780 454 EXPLICATA.
1860 399 1903 467 §.
1950 408 2077 461 376.

402 560 551 635 illis3
610 557 891 616 sacerdos
932 563 989 613 et
1026 556 1323 633 propheta
1377 563 1577 614 errant
1626 574 1736 632 per
1787 558 2067 631 siceram,
2125 557 2508 616 absorbentur

405 679 440 718 a
488 662 656 733 vino,
714 658 995 716 aberrant
1052 674 1164 733 per
1204 657 1440 727 vinum,
1490 656 1785 734 significat
1822 661 1924 733 qui
1963 660 2022 715 in
2075 657 2342 716 doctrina
2371 658 2508 716 boni

404 766 463 818 et
501 761 630 818 veri
667 774 802 817 essc
843 757 1062 816 debent
1099 756 1258 833 quod
1293 757 1478 823 tales,
1542 763 1602 816 et
1637 758 1940 817 abstracte
1979 776 2014 815 a
2050 761 2322 834 personis
2359 757 2510 835 quod

400 864 536 938 ipsa
593 860 862 918 doctrina
913 858 1146 916 illorum
1198 858 1273 914 sit
1315 858 1452 916 talis
1468 877 1484 933 3
1555 864 1755 917 errant
1806 859 1961 918 inter
2004 858 2311 931 videntes,
2368 861 2505 918 titu-

399 962 545 1020 bant
571 960 820 1037 judici0,
861 958 1155 1034 significat
1183 959 1341 1033 quod
1375 976 1492 1016 non
1529 958 1772 1016 videant
1808 976 1951 1017 vera
1990 977 2144 1035 quae
2174 960 2506 1035 intelligen-

399 1066 551 1121 tiae:
593 1060 751 1137 quod
788 1058 933 1117 talia
968 1060 1373 1134 significentur
1402 1077 1512 1134 per
1551 1077 1623 1117 ea
1659 1059 1878 1129 verba,
1927 1076 2104 1118 nemo
2140 1061 2346 1119 videre
2372 1067 2505 1137 pot-

402 1170 495 1221 est
530 1164 645 1220 nisi
675 1179 747 1219 ex
777 1172 956 1217 sensu
997 1158 1312 1235 spirituali,
1354 1160 1583 1235 absque
1624 1177 1693 1217 co
1724 1177 1844 1218 non
1879 1164 2066 1220 scitur
2094 1161 2254 1237 quod
2282 1160 2511 1221 Corona

400 1269 459 1321 et
487 1261 685 1339 Caput
718 1260 1051 1336 significent
1084 1259 1570 1337 intelligentiam,
1628 1260 1789 1335 quod
1828 1260 1973 1319 ebrii
2009 1261 2346 1339 significent
2375 1260 2509 1319 illos

400 1366 501 1439 qui
537 1364 838 1421 insaniunt
874 1364 934 1418 in
972 1360 1415 1436 spiritualibus,
1474 1360 1633 1437 quod
1680 1361 1963 1436 Ephraim
2009 1362 2382 1421 intellectum
2412 1361 2510 1420 hic

396 1464 650 1522 hominis
696 1463 1000 1539 proprium
1045 1477 1156 1518 seu
1206 1479 1279 1519 ex
1325 1469 1545 1535 semet,
1604 1461 1763 1535 quod
1800 1460 1975 1520 vallis
2025 1462 2323 1539 significet
2355 1463 2508 1520 infe-

396 1567 554 1622 riora
593 1565 835 1632 mentiS,
893 1578 1047 1637 quae
1088 1567 1228 1619 sunt
1264 1561 1564 1620 naturalia
1601 1569 1658 1618 et
1694 1562 2027 1638 sensualia,
2087 1570 2146 1622 et
2196 1563 2356 1639 quod
2410 1578 2513 1622 sa-

394 1666 603 1723 cerdos
658 1670 716 1722 et
763 1663 1057 1739 propheta
1111 1661 1438 1720 doctrinam
1484 1661 1629 1719 boni
1676 1668 1735 1720 et
1783 1664 1930 1719 veri.
2011 1663 2194 1739 Apud
2243 1663 2514 1723 Eundem

395 1761 881 1837 „Cttnbtamini‚
934 1761 1392 1834 admiramini,
1460 1762 1874 1839 obstupescite
1920 1769 1978 1822 et
2030 1763 2483 1842 vociferamini
2487 1783 2514 1836 ;

390 1862 691 1923 inebriati
738 1868 889 1922 szmt
944 1869 1003 1923 et
1053 1881 1177 1922 non
1225 1862 1402 1937 virw,
1471 1861 1747 1922 titubant
1795 1867 1854 1921 et
1891 1882 2013 1923 non
2053 1863 2300 1935 sicera;
2361 1882 2516 1925 nam

390 1961 617 2042 effudit
673 1980 863 2041 super
912 1981 1022 2022 vos
1083 1958 1368 2024 Jehovah
1416 1962 1722 2043 spiritum
1763 1960 2244 2035 somnolentiae,
2304 1971 2384 2024 et*
2410 1983 2513 2025 oc-

389 2062 583 2124 clusit
629 2060 841 2123 oculos
893 2069 1160 2134 vestros,
1206 2064 1554 2143 prophetas
1602 2069 1662 2123 et
1711 2065 1927 2142 capita
1973 2069 2213 2139 vestra,
2289 2063 2514 2126 viden-

390 2171 481 2226 tes
522 2165 809 2225 obteoeit“
848 2164 1095 2223 XXIX:
1145 2166 1202 2221 9.
1244 2167 1363 2240 103
1403 2166 1555 2223 haec
1585 2163 1745 2223 dicta
1782 2172 1921 2223 sunt
1950 2166 2022 2223 de
2060 2166 2178 2223 illis
2210 2167 2309 2242 qui
2338 2183 2517 2242 pror-

386 2282 489 2325 sus
527 2266 671 2324 nihil
710 2268 836 2324 veri
874 2271 1123 2340 possunt
1151 2265 1387 2339 videre,
1430 2282 1563 2323 cum
1598 2266 1844 2323 audiunt
1874 2271 1933 2324 et
1969 2283 2039 2325 ex
2072 2265 2277 2324 Verbo
2306 2266 2516 2342 legunt

385 2366 533 2427 illud
547 2391 562 2444 3
613 2369 713 2443 qui
756 2366 907 2426 tales
947 2372 1116 2435 sunt,
1154 2366 1432 2425 dicuntur
1464 2365 1742 2425 inebriati
1779 2383 1894 2425 non
1933 2367 2105 2437 vinc,
2146 2383 2216 2426 ac
2253 2367 2516 2426 titubant

187 2467 347 2529 [537]
392 2477 450 2529 et
498 2487 615 2528 non
674 2471 897 2537 sicera,
954 2468 1153 2525 vinum
1206 2470 1265 2525 in
1320 2470 1526 2543 specie
1576 2466 1869 2543 significat
1912 2483 2116 2526 verum
2178 2469 2512 2543 spiritualis

391 2579 450 2627 et
485 2570 622 2629 inde
661 2568 967 2626 rationalis
1003 2567 1290 2641 hominiS,
1344 2585 1414 2625 ac
1453 2568 1649 2626 sicera
1685 2586 1891 2626 verum
1929 2568 2219 2627 naturalis
2255 2568 2514 2627 hominis

388 2671 551 2745 inde3
610 2672 748 2745 quia
795 2668 948 2727 tales
987 2668 1428 2744 intelliguntur,
1486 2668 1620 2726 idco
1672 2667 1916 2743 dicitur,
1976 2669 2181 2727 effudit
2229 2669 2514 2729 Jehovah

392 2787 575 2845 supcr
608 2786 717 2827 vos
755 2772 1027 2845 spiritum
1066 2768 1526 2841 somnolentiae,
1595 2774 1654 2825 et
1705 2768 1956 2827 occlusit.
2005 2769 2213 2828 oculos
2253 2776 2508 2844 vesu-oa,

392 2871 636 2944 spiritus
687 2870 1116 2928 somnolentiae
1174 2877 1267 2928 est
1319 2869 1485 2927 nulla
1539 2870 1880 2944 percepti0,
1949 2878 2009 2927 et
2069 2868 2296 2929 occlusi
2351 2870 2511 2929 oculi

392 2977 531 3027 sunt.
587 2968 783 3026 nullus
833 2969 1199 3045 intellectus;
1254 2970 1579 3045 prophetas
1637 2975 1695 3028 et
1749 2972 1947 3044 capita
1998 2976 2203 3028 vestra
2261 2970 2506 3042 obtexit,

392 3068 684 3145 significat
719 3066 853 3125 illos
884 3072 984 3143 qui
1020 3072 1078 3127 in
1119 3070 1387 3128 doctrina
1415 3071 1568 3143 veri,
1629 3076 1686 3127 et
1720 3069 1859 3127 inde
1887 3072 2194 3145 sapientes
2235 3076 2295 3129 et
2331 3069 2511 3128 intel-

391 3171 647 3245 ligentes
697 3175 930 3240 essent,
1010 3170 1344 3248 prophetae
1409 3169 1744 3246 significant
1794 3169 1927 3228 illos
1985 3173 2084 3246 qui
2132 3172 2190 3227 in
2226 3170 2510 3228 ¹doctrina

393 3271 521 3327 veri
569 3275 709 3326 sunt
772 3273 829 3327 et
878 3270 1175 3329 abstracte
1242 3273 1437 3347 ipsam
1491 3270 1848 3343 doctrinam,
1918 3273 2121 3346 capita.
2171 3270 2509 3347 significant

394 3374 721 3448 sapientes,
762 3379 818 3429 ct
857 3371 1156 3430 abstracte
1194 3373 1569 3447 sapientiam,
1627 3388 1695 3430 ac
1729 3371 2000 3429 videntes
2038 3371 2373 3447 significant
2411 3372 2505 3428 in·-

392 3472 755 3551 telligenteS,
811 3478 869 3530 et
913 3471 1214 3530 abstracte
1263 3471 1746 3548 intelligentiam3
1816 3471 2128 3530 admiratio
2158 3488 2346 3548 super
2385 3476 2502 3538 tam

393 3578 561 3652 gravi
596 3572 946 3649 stupiditate
985 3572 1339 3631 describitur
1374 3590 1485 3648 per
1528 3574 1912 3644 cunctamini,
1952 3572 2355 3647 admiramini,
2394 3571 2501 3630 ob-

393 3676 755 3751 stupescite,
807 3689 877 3731 ac
920 3672 1265 3731 lamentatio
1316 3689 1503 3747 super
1550 3672 1654 3730 illa
1697 3690 1808 3749 per
1866 3672 2301 3748 vociferamini3
2356 3671 2501 3731 tales

394 3783 532 3834 sunt
564 3775 652 3833 illi
689 3777 789 3850 qui
825 3774 885 3830 in
919 3776 1043 3831 vita
1080 3772 1236 3841 mali,
1275 3779 1332 3830 et
1369 3773 1543 3830 simul
1579 3775 1638 3830 in
1681 3773 1987 3849 principiis
2024 3772 2160 3831 falsi
2197 3781 2356 3847 sunt,
2407 3779 2500 3830 ut-

396 3891 627 3948 cunque
676 3874 890 3932 eruditi
948 3873 1322 3946 creduntur,-
1356 3890 1468 3948 per
1524 3876 1707 3931 vitam
1770 3872 1909 3930 mali
1959 3875 2115 3931 enim
2175 3873 2504 3932 occluditur

392 3974 703 4051 perceptio
750 3974 920 4044 boni,
976 3991 1046 4033 ex
1096 3992 1215 4049 qua
1267 3975 1391 4031 vita
1441 3979 1500 4031 et
1545 3973 1652 4032 lux
1701 3974 2044 4049 cogitationi
2096 3980 2218 4046 est,
2291 3981 2353 4032 et
2400 3987 2504 4050 per

392 4073 685 4148 principia
718 4073 856 4132 falsi
901 4073 1231 4132 occluditur
1277 4073 1617 4133 intellectus
1656 4077 1816 4148 veri,
1873 4073 2030 4131 unde
2075 4074 2280 4133 vident
2316 4074 2503 4132 solum

398 4192 471 4229 ex
519 4174 780 4232 sensuali
831 4174 1095 4246 homine,
1168 4181 1226 4231 et
1275 4175 1423 4232 nihil
1470 4192 1541 4233 ex
1591 4175 1907 4250 spirituali.
2009 4175 2189 4250 Apud
2236 4174 2501 4232 Eundem

402 4271 650 4346 „Canes
677 4271 994 4351 obfirmati
1033 4274 1282 4342 anima,
1330 4293 1455 4333 non
1494 4274 1704 4333 sciunt
1741 4273 2100 4334 satietatem
2114 4295 2145 4346 ,·
2196 4273 2503 4352 iidemque
