2791 4778
432 341 667 399 CAPUT
710 341 1052 410 QUINTUM.
1781 341 1992 395 VERS:
2039 351 2129 404 12.
2289 355 2394 406 149

262 503 370 565 sic
411 500 683 564 liberabo
725 521 868 579 voa,
924 508 997 563 ut
1031 501 1183 563 sitis
1223 498 1643 561 Benedictio“
1694 499 1877 561 VIII:
1917 504 2023 578 133
2059 502 2210 564 haec
2238 503 2399 566 dicta

262 611 417 665 sunt
452 605 525 664 de
560 605 837 664 Ecclesia
871 604 1215 677 devastata,
1254 607 1316 661 et
1347 601 1425 660 de
1458 600 1735 661 Ecclesia
1767 601 2155 661 instauranda
2191 622 2228 663 a
2260 605 2393 665 Do·-

263 707 464 782 min03
504 704 713 764 domus
742 704 1019 764 ,Jehudae
1059 709 1119 763 et
1153 703 1364 761 domus
1394 702 1639 761 Israelis
1676 703 2011 779 significant
2039 704 2390 782 Ecclesiam,

257 807 367 866 hic
415 807 474 864 in
521 812 776 881 utroque
826 821 1040 880 sensn3
1096 803 1371 862 Ecclesia
1408 803 1725 862 devastata
1770 803 1984 861 dicitur
2031 804 2391 880 maledictiO,

262 908 420 983 quia
453 906 535 964 ibi
562 906 783 963 malum
821 911 881 964 et
906 905 1158 977 falsum,
1202 910 1264 960 at
1300 903 1574 962 Ecclesia
1609 904 1998 962 instauranda
2033 904 2248 965 dicitur
2280 906 2392 966 be-

259 1007 562 1079 nedictio,
604 1007 744 1082 quia
779 1006 860 1063 ibi
893 1005 1113 1065 bonum
1153 1010 1212 1064 et
1247 1021 1471 1061 verum.
1526 1003 1709 1080 Apud
1737 1003 2029 1064 Davidem
2068 1004 2390 1079 „Jelzovae

259 1102 491 1177 salue,
530 1125 722 1186 super
751 1102 1065 1185 populum
1103 1110 1283 1165 tuum
1319 1103 1697 1165 Benedictio
1725 1107 1886 1164 tua“
1916 1104 2151 1165 Psalm:
2177 1106 2289 1166 111:
2330 1110 2389 1184 95

250 1206 604 1266 benedictio
637 1202 912 1265 Jehovae
958 1223 1141 1282 super
1176 1204 1464 1280 populum
1516 1220 1721 1279 suum,
1776 1204 2070 1280 significat
2100 1206 2389 1268 inausum

262 1315 331 1367 et
370 1310 777 1384 receptionem
812 1305 951 1364 boni
990 1313 1049 1365 et
1084 1307 1240 1379 veri3
1279 1304 1542 1382 populus
1569 1305 1844 1365 Jehovae
1882 1304 2156 1365 dicuntur
2191 1310 2292 1384 qui
2327 1311 2387 1367 in

256 1409 427 1467 bono
474 1406 770 1485 spirituali
817 1413 988 1476 sunt,
1045 1406 1319 1464 videatur
1363 1422 1549 1482 supra
1601 1425 1669 1465 n:
1725 1407 1887 1465 331.
1943 1406 2126 1482 Apud
2174 1407 2387 1468 Mosen

258 1507 588 1583 „Faciam
623 1513 683 1568 te
716 1508 786 1567 in
818 1512 1063 1586 yentem
1102 1523 1430 1584 maynam,
1474 1512 1533 1566 et
1576 1505 1929 1566 benedicam
1972 1506 2117 1583 tibi,
2160 1513 2233 1569 ut
2247 1508 2388 1588 fiae

263 1607 656 1668 benedictio:
709 1608 907 1668 etiam
942 1605 1299 1667 benedicam
1333 1605 1825 1667 benedicentibus
1868 1606 2020 1680 tibi,
2075 1615 2134 1668 et
2184 1605 2382 1668 male-

257 1707 617 1769 dicentibus
658 1708 775 1769 tibi
808 1705 1213 1782 maledicam,
1265 1714 1326 1768 et
1361 1705 1793 1768 benedicentur
1832 1706 1902 1769 in
1939 1714 1997 1769 te
2035 1726 2246 1769 omne-9
2259 1709 2382 1790 sa-

261 1806 491 1870 miliae
531 1812 778 1870 terrae“
836 1809 1065 1869 Genes:
1102 1807 1262 1867 XII:
1320 1812 1379 1866 2.
1427 1810 1503 1867 3:
1551 1809 1714 1887 apud
1747 1809 2016 1868 Eundem
2054 1808 2385 1883 „Benedi-

254 1917 440 1971 cetur
489 1911 558 1971 in
596 1907 713 1970 illo
769 1909 1055 1969 omnibus
1097 1908 1388 1988 yeiztibus
1436 1915 1639 1969 terrae
1658 1912 1696 1943 ‘⁸'
1762 1909 1924 1969 Gen:
1960 1909 2211 1970 XVIII:
2260 1913 2382 1985 185

254 2012 416 2070 haec
454 2011 528 2071 de
563 2010 907 2070 Abrahamo
943 2010 1100 2068 dicta
1136 2017 1302 2083 sunt,
1343 2017 1404 2068 et
1436 2027 1546 2085 per
1581 2010 1747 2069 illum
1786 2012 1844 2068 in
1881 2027 2161 2087 supremo
2197 2027 2385 2072 sensu

257 2112 621 2188 intelligitur
654 2111 985 2181 Dominus,
1040 2117 1102 2169 et
1148 2111 1207 2167 in
1242 2125 1425 2168 sensu
1460 2113 1800 2188 respectivo
1835 2111 2109 2186 Regnum
2143 2110 2386 2171 Domini

258 2212 529 2272 coeleste
560 2219 620 2270 et
646 2211 920 2283 Ecclesia
947 2210 1227 2269 coelestis
1243 2229 1259 2284 3
1297 2211 1434 2269 inde
1463 2217 1632 2287 patet
1659 2211 1800 2286 quid
1827 2210 2138 2287 significat,
2165 2212 2382 2270 faciam

258 2321 322 2373 te
360 2315 420 2371 in
463 2320 701 2388 gentem
748 2329 1053 2387 magnam,
1107 2319 1166 2370 et
1212 2310 1565 2370 benedicam
1614 2311 1719 2369 tibi
1766 2319 1830 2370 ut
1864 2312 1974 2370 fias
2024 2311 2379 2387 benedictio,

263 2414 428 2490 quod
465 2432 678 2490 nempe
713 2420 779 2472 ut
812 2413 894 2471 ibi
928 2414 1210 2472 Divinum
1244 2412 1476 2470 Bonum
1515 2418 1576 2471 et
1609 2413 1894 2471 Divinum
1929 2412 2176 2487 Verum,
2232 2429 2381 2487 gens

264 2531 487 2588 magna
508 2515 718 2573 dicitur
745 2515 819 2572 de
838 2514 1055 2572 Divino
1085 2513 1269 2581 Bone,
1304 2513 1578 2570 videatur
1601 2530 1787 2588 supra
1816 2532 1872 2571 n:
1900 2514 2060 2587 331,
2102 2519 2161 2570 et
2187 2512 2377 2571 bene-

263 2614 453 2672 dictio
494 2614 564 2672 de
598 2615 815 2674 Divino
853 2614 1043 2689 Ver03
1092 2615 1440 2673 benedicam
1483 2612 1975 2672 benedicentibus
2014 2614 2145 2685 tibi,
2191 2614 2412 2689 signi-‘

188 2784 193 2789 ,
260 2715 409 2773 ficat
445 2715 596 2789 quod
629 2716 912 2774 Divinum
951 2714 1177 2773 Verum
1234 2717 1344 2773 crit
1378 2712 1497 2772 illis
1549 2716 1648 2791 qui
1684 2716 2010 2790 recipiunt,
2064 2722 2124 2773 ct
2161 2714 2379 2774 salsum

236 2814 403 2873 ¹mali
438 2815 554 2874 illis
585 2818 684 2891 qui
711 2834 830 2875 non
855 2816 1181 2891 recipiunt3
1219 2814 1651 2874 benedicentur
1684 2817 1745 2873 in
1780 2823 1838 2875 te
1872 2833 2076 2875 omnes
2115 2815 2375 2874 familiae

259 2924 488 2989 terrae,
546 2921 606 2974 et
641 2916 1028 2975 benedicetur
1063 2917 1122 2973 in
1160 2915 1262 2974 illo
1300 2916 1573 2975 omnibus
1608 2916 1885 2992 gentibus
1922 2924 2145 2993 terrae,
2185 2917 2372 2993 signi-

253 3016 399 3076 ficat
435 3034 509 3076 ex
545 3018 887 3092 receptione
923 3016 1124 3074 Divini
1155 3015 1300 3074 Veri
1336 3022 1398 3074 et
1428 3016 1633 3075 Divini
1666 3017 1821 3076 Boni
1855 3017 2085 3077 coelum
2145 3021 2205 3075 ct
2238 3017 2377 3076 seli-

257 3119 410 3176 citas
448 3124 696 3175 aeterna
728 3116 880 3186 illis,
915 3116 1177 3175 familiae
1215 3125 1411 3187 terrae
1446 3115 1781 3193 significant
1814 3118 1950 3178 illos
1989 3119 2091 3195 qui
2124 3120 2183 3176 in
2216 3120 2373 3175 veris

259 3235 332 3277 ex
368 3216 525 3276 bono
574 3225 742 3290 sunt,
799 3217 1060 3276 familiae
1119 3225 1259 3275 sunt
1294 3233 1471 3290 vera,
1523 3226 1732 3292 gentes
1769 3226 1909 3277 sunt
1942 3219 2128 3289 bona,
2184 3219 2375 3301 bene-⁴

255 3318 435 3375 dictio
496 3316 791 3392 significat
852 3317 1012 3393 quod
1070 3318 1206 3376 inde
1269 3316 1387 3375 illis
1438 3317 1670 3377 coelum
1718 3326 1779 3378 et
1819 3319 2074 3378 felicitas
2111 3324 2373 3376 aeterna.

257 3416 463 3478 Simile
500 3417 867 3494 significatur
901 3436 1010 3494 per
1044 3416 1520 3476 benedictionem
1553 3417 1797 3477 Israelis
1837 3426 1894 3476 et
1928 3418 2171 3490 Jacobi,
2212 3417 2375 3491 apud

251 3517 522 3576 Eundem
565 3516 1060 3591 „Benedicentes
1095 3516 1213 3577 tibi
1247 3514 1628 3591 benedictus,
1685 3523 1744 3578 et
1775 3514 2216 3577 maledicentes
2257 3515 2376 3575 tibi

254 3613 684 3678 maledictus“
731 3618 923 3678 Num:
954 3618 1186 3677 XXIV:
1228 3621 1296 3678 9:
1336 3624 1397 3676 et
1432 3618 1593 3694 apud
1626 3619 1898 3676 Eundem
1935 3615 2141 3692 „Erit
2167 3634 2375 3677 semen

253 3723 436 3778 tuum
478 3717 645 3778 sicut
670 3715 897 3798 pulvi-s·
935 3724 1166 3794 terme,
1212 3726 1270 3779 et
1295 3716 1611 3796 erepandet
1647 3739 1713 3778 se
1753 3736 1972 3778 versus
1999 3715 2373 3778 occidentem

252 3824 313 3878 et
356 3836 577 3878 versus
617 3818 916 3879 orientem
953 3825 1013 3878 et
1049 3837 1269 3879 versus
1307 3818 1785 3898 septentrionem
1822 3823 1882 3878 et
1918 3838 2141 3879 versu-9
2176 3817 2368 3879 meri-

254 3915 468 3990 diem;
521 3924 580 3979 et
641 3918 1076 3980 benedicentur
1111 3919 1180 3979 in
1222 3926 1279 3979 te
1323 3937 1533 3979 omnes
1555 3917 1866 3998 familiae
1908 3925 2137 3995 terrae,
2195 3924 2255 3980 et
2301 3919 2372 3982 in

252 4018 489 4078 semine
529 4022 686 4079 tuo“
732 4019 974 4080 Genese
1010 4020 1310 4080 XXVIII:
1350 4022 1433 4105 34
1452 4040 1469 4095 3
1506 4037 1617 4096 per
1649 4020 1940 4080 Israelem
1978 4029 2037 4081 et
2071 4022 2370 4083 Jacobum

249 4121 429 4178 etiam
465 4123 526 4179 in
562 4137 845 4197 supremo
882 4137 1064 4180 sensu
1100 4121 1448 4196 intelligitur
1479 4119 1805 4194 Dominus,
1842 4141 1914 4181 ac
1950 4125 2010 4181 in
2046 4140 2228 4182 sensu
2263 4140 2365 4179 re-

246 4222 518 4297 spectivo
567 4220 838 4298 Regnum
877 4221 1119 4281 Domini
1174 4220 1517 4298 spirituale,
1589 4229 1647 4281 et
1682 4221 1956 4283 Ecclesia
2017 4220 2365 4299 spiritualiS,
