2791 4778
396 354 643 411 CAPUT
686 353 1033 421 QUINTUM.
1759 355 1971 412 VERS:
2017 366 2108 417 12.
2267 369 2374 423 143

230 515 691 575 benedictiones
718 516 777 572 in
805 521 1197 590 perpetuum3
1230 514 1676 574 benedictiones
1701 516 1844 576 boni
1879 517 2214 594 significant
2232 538 2378 579 vera
2426 503 2432 510 ’

226 636 312 676 ex
347 617 535 690 bono;
591 631 812 674 corona
873 616 1002 674 auri
1066 616 1274 691 optimi
1326 615 1626 692 significat
1673 616 1895 676 bonum
1945 636 2023 676 ex
2079 635 2196 695 quo
2233 620 2372 696 illa3

219 719 431 778 honor
456 722 519 774 et
544 716 736 791 gloria
764 713 1103 790 significant
1128 714 1412 774 Divinum
1441 715 1679 776 Bonum
1708 724 1769 776 et
1792 704 2079 788 Divinum
2109 718 2369 779 Verum:

223 817 404 896 quod
451 834 562 894 per
596 815 892 873 Davidem
947 818 1006 873 in
1045 815 1247 874 Verbo
1298 817 1666 892 intelligatur
1715 817 2040 891 DominuS,
2096 819 2372 879 videatur

217 935 429 995 supra
462 935 532 975 n:
576 917 745 988 2053
802 915 1072 974 similiter
1106 932 1216 991 per
1251 916 1479 994 Regem
1516 920 1574 976 in
1600 917 1891 993 Psalmis,
1930 937 2001 977 n:
2044 920 2168 978 31:
2211 921 2370 996 quod

216 1035 352 1098 per
411 1033 691 1076 coronam
722 1016 974 1091 Regum
1038 1016 1406 1092 significetur
1440 1017 1724 1076 Divinum
1760 1018 1993 1078 Bonum
2015 1062 2033 1093 ‚
2073 1037 2146 1078 n:
2191 1023 2368 1079 272:

214 1118 517 1181 similiter
542 1134 653 1193 per
679 1134 908 1189 aurum,
948 1134 1017 1174 n:
1060 1119 1236 1175 242:
1277 1124 1337 1175 et
1373 1117 1533 1195 quod
1561 1137 1671 1195 per
1698 1119 1985 1178 honorem
2021 1126 2081 1176 et
2114 1119 2371 1196 gloriam

219 1220 530 1280 Divinum
554 1216 785 1276 Bonum
817 1223 877 1274 et
903 1217 1184 1274 Divinum
1211 1216 1438 1277 Verum
1456 1263 1473 1292 ‚
1514 1236 1583 1277 n:
1628 1221 1790 1277 288.
1845 1220 1936 1277 Ex
1962 1220 2055 1278 his
2085 1227 2362 1281 constare

218 1324 476 1399 potest,
518 1317 661 1395 quid
694 1316 989 1394 significat
1024 1316 1390 1377 Benedictus
1407 1362 1425 1392 ,
1465 1335 1597 1377 cum
1636 1318 1709 1378 de
1738 1320 2028 1394 Domine,
2067 1326 2136 1378 ut
2170 1322 2227 1378 in
2264 1337 2366 1380 se-

224 1419 563 1497 quentibus
598 1418 691 1476 his
727 1417 875 1476 loeis
915 1414 1308 1496 „Discipuli
1346 1437 1586 1499 mayna
1626 1437 1767 1479 voce
1799 1417 2177 1496 clamabant,
2230 1420 2365 1481 Be-

221 1518 529 1583 nedictus
584 1517 694 1597 qui
738 1516 907 1578 venit
951 1518 1101 1578 Rex
1156 1517 1225 1577 in
1269 1518 1546 1580 Nomine
1583 1517 1861 1581 Domini
1881 1524 1920 1555 “
1979 1520 2138 1580 Luc:
2188 1521 2365 1582 XIX:

230 1625 280 1682 3
300 1626 357 1680 7.
401 1621 521 1679 38:
565 1616 833 1694 „Turba
875 1614 1219 1692 clamabat,
1271 1616 1535 1680 Osanna
1560 1617 1739 1681 Filio
1766 1619 2066 1682 Davidie
2084 1664 2100 1694 ,
2154 1620 2363 1682 Bene-

229 1721 456 1784 dictus
530 1718 644 1799 qui
707 1720 881 1779 venit
928 1719 998 1779 in
1041 1717 1318 1779 Nomine
1366 1718 1649 1782 Domini
1670 1723 1705 1754 “
1777 1722 2008 1781 Matth:
2059 1716 2241 1782 XXI:
2306 1725 2363 1780 9.

223 1823 438 1883 Marc:
476 1820 599 1879 XI:
647 1824 705 1879 9.
754 1824 858 1879 10.
918 1819 1072 1879 Joh:
1104 1819 1259 1879 XII:
1300 1824 1407 1878 12.
1445 1822 1553 1880 13:
1598 1820 1843 1894 „Jeeus
1869 1821 2066 1892 dixit,
2110 1840 2235 1882 non
2260 1819 2369 1882 Me

224 1920 535 1984 videbitis
563 1919 851 1999 posthac,
893 1919 1085 1980 donec
1111 1918 1368 1994 dicati-9,
1402 1917 1793 1983 Benedictus
1834 1922 2098 1986 Veniens
2125 1922 2195 1982 in
2221 1921 2361 1982 No-

222 2023 408 2085 mine
433 2020 760 2082 Domini“
800 2020 1029 2079 Matth:
1064 2020 1314 2080 XXIII:
1351 2024 1464 2081 39.
1521 2010 1680 2080 Lu'c:
1720 2022 1905 2082 XIII:
1944 2025 2051 2085 35.
2110 2020 2363 2098 „Prin-

225 2144 380 2203 cepe
438 2120 837 2183 sacerdotum
894 2120 1312 2199 interroyavit
1363 2120 1616 2196 Jecum‚
1708 2121 1886 2183 Tune
1941 2141 2009 2183 es
2063 2120 2364 2186 almetas

224 2221 459 2286 Filius
509 2220 850 2283 Benedicti
871 2225 907 2254 “
964 2222 1162 2280 Marc:
1198 2220 1370 2280 XIV:
1418 2226 1540 2298 613
1594 2223 1961 2284 Benedictus
2005 2226 2255 2282 veniens
2303 2226 2362 2283 in

228 2325 496 2385 Nomine
523 2324 796 2399 Domini,
837 2321 1536 2399 significatglorificatus
1576 2324 1715 2399 quia
1751 2324 1824 2381 ab
1862 2323 2007 2402 Ipso
2043 2341 2215 2383 omne
2244 2324 2361 2382 Di·-

232 2430 447 2486 vinum
479 2424 709 2484 Verum
759 2432 819 2482 et
865 2424 1147 2482 Divinum
1184 2423 1446 2496 Bonum,
1505 2423 1737 2482 Nomen
1772 2425 2013 2483 Domini
2067 2424 2363 2501 significat
2417 2435 2422 2440 ·

240 2543 423 2584 omne
455 2542 564 2600 per
594 2524 755 2600 quod
790 2524 1034 2591 colitur,
1089 2531 1149 2582 et
1184 2525 1325 2600 quia
1370 2541 1543 2582 omne
1592 2524 1651 2582 id
1687 2541 1753 2583 se
1791 2526 1976 2584 refert
2024 2524 2103 2583 ad
2142 2524 2364 2583 bonum

239 2627 474 2686 amoris
512 2633 568 2682 et
601 2624 672 2682 ad
701 2642 907 2683 verum
946 2624 1115 2696 fidei,
1154 2625 1288 2683 ideo
1325 2624 1477 2683 haec
1513 2641 1623 2700 per
1647 2623 1877 2684 Nomen
1903 2625 2142 2684 Domini
2168 2626 2357 2702 signi-

234 2726 529 2799 ficantur3
567 2725 722 2802 quod
744 2724 977 2785 Nomen
1003 2725 1244 2783 Domini
1271 2724 1567 2800 significet
1593 2742 1764 2785 omne
1800 2743 1910 2803 per
1941 2726 2101 2803 quod
2128 2725 2360 2800 colitur,

232 2827 517 2886 videatur
562 2843 748 2902 supra
795 2844 864 2884 n:
913 2828 1071 2883 102.
1120 2827 1278 2883 135.
1329 2830 1490 2885 148.
1543 2829 1720 2902 2243
1779 2835 1839 2885 et
1875 2826 2034 2902 quod
2067 2826 2361 2886 Dominus

230 2929 475 2987 dicatur
524 2925 817 2984 Dominus
868 2943 940 2983 ex
987 2926 1206 2984 Divino
1255 2925 1459 2996 Bono,
1512 2929 1572 2984 in
1618 2928 1893 2999 AncAMs
1944 2926 2361 2988 contusi-mus

228 3048 304 3088 n:
347 3029 564 3086 4973.
612 3029 822 3085 9167.
868 3027 1082 3083 9194.
1158 3025 1337 3101 Apud
1373 3026 1585 3085 Mosen
1627 3025 2152 3101 „Malchizedech
2185 3027 2362 3111 bene-
2409 3078 2414 3084 .

229 3126 421 3190 dixit
455 3127 736 3187 Abi-amo
749 3170 766 3201 ,
821 3131 879 3185 et
917 3124 1124 3201 dixit,
1178 3124 1568 3188 Benedictus
1608 3126 1932 3190 Abramuc
1968 3127 2116 3188 Deo
2141 3125 2359 3187 Altis-

226 3228 430 3304 simO,
503 3225 880 3287 Poseessori
931 3223 1103 3286 O'oeli
1163 3232 1220 3283 et
1278 3224 1513 3286 Terrae
1524 3247 1551 3298 ;
1618 3232 1676 3285 et
1727 3224 2116 3289 Benedictus
2169 3227 2361 3287 Deus

226 3326 650 3401 Altis-simus,
710 3327 846 3404 Qui
901 3326 1179 3388 tradidit
1229 3325 1436 3386 hostes
1490 3332 1634 3387 tuoe
1679 3328 1750 3388 in
1805 3347 2064 3389 manum
2120 3333 2299 3388 tuam
2319 3328 2360 3360 “

230 3430 474 3490 Genes:
512 3428 687 3488 XIV:
735 3431 841 3486 18.
877 3431 983 3486 19.
1022 3430 1145 3502 203
1184 3427 1279 3485 hic
1316 3427 1531 3486 dicitur
1557 3429 1923 3488 Benedictus
1961 3427 2130 3485 Deus
2158 3426 2355 3501 Altis-7

228 3532 455 3600 simus,
494 3530 595 3605 qui
631 3528 877 3588 tradidit
912 3529 1117 3587 hostes
1154 3535 1291 3586 tuos
1340 3529 1401 3585 in
1437 3546 1677 3588 manum
1712 3536 1912 3601 tuam,
1965 3533 2027 3585 et
2062 3525 2356 3601 significat

229 3630 398 3705 quod
432 3630 782 3705 glorificatio
822 3635 881 3686 et
916 3630 1237 3704 gratiarum
1276 3629 1431 3686 aetio
1469 3630 1548 3687 sit
1572 3629 1699 3705 Ipsi
1726 3634 2069 3706 propterea.
2107 3626 2205 3684 Illi
2236 3627 2355 3685 ita-

228 3747 351 3805 que
401 3733 502 3805 qui
537 3732 830 3806 recipiunt
864 3729 1149 3787 Divinum
1181 3728 1414 3788 Bonum
1463 3735 1524 3787 et
1559 3730 1847 3787 Divinum
1885 3728 2114 3789 Verum
2153 3744 2190 3784 a
2225 3727 2354 3785 Do-

226 3832 391 3889 mino
404 3874 424 3905 ,
478 3836 772 3890 vocantur
816 3827 1183 3902 Benedicti,
1245 3830 1480 3888 Psalm:
1534 3823 1881 3890 XXXVII:
1940 3832 2051 3888 22.
2119 3827 2355 3887 Psalm:

230 3928 424 3989 CXV:
475 3932 583 3990 15.
640 3930 864 3990 Matth:
902 3927 1107 3990 XXV:
1153 3932 1262 3989 34.
1317 3929 1639 4007 Quod-per
1673 3929 2188 4000 Benedictionem‚
2224 3946 2360 3988 cum

226 4031 305 4089 de
342 4030 613 4104 homine,
668 4049 785 4090 non
835 4030 996 4089 aliud
1044 4031 1411 4106 intelligatur
1449 4049 1628 4106 quam
1664 4032 1931 4106 receptio
1967 4030 2173 4090 Divini
2209 4029 2358 4090 Veri

227 4139 292 4190 et
324 4132 533 4191 Divini
566 4131 748 4205 Boni,
802 4150 875 4190 ex
915 4148 1099 4190 causa
1135 4133 1276 4206 quia
1321 4132 1381 4189 in
1418 4132 1536 4190 illis
1576 4139 1668 4190 est
1706 4129 1957 4190 Coelum
2003 4139 2061 4189 et
2097 4129 2355 4190 felicitas

223 4239 507 4306 aeterna,
560 4238 837 4291 constare
874 4238 1074 4308 potest
1123 4248 1158 4288 a
1195 4232 1585 4306 sequentibus
1623 4231 1802 4305 loeis;
1862 4230 2022 4306 apud
2057 4228 2356 4287 Davidem
