2791 4778
458 401 565 452 196
899 386 1388 441 APOCALYPSIS
1433 385 1864 443 EXPLICATA,
1922 387 1966 453 §.
2014 394 2142 446 357.

453 547 757 623 inscripsit
790 547 1272 605 lamentationem
1322 546 1398 603 ad
1449 543 1780 604 docendum
1830 544 1983 604 filios
2034 543 2309 604 Jehudae
2346 562 2532 613 arcum,

454 668 565 727 per
601 646 761 725 quod
798 646 1164 722 significatur
1201 645 1276 703 ad
1312 647 1648 704 docendum
1697 646 1833 704 illos
1875 647 2199 704 doctrinam
2252 647 2374 702 veri
2405 643 2534 720 quod

457 768 531 807 ex
566 749 739 807 bono.
814 749 1026 822 Pugna
1061 746 1222 805 illius
1274 748 1401 805 veri
1450 754 1657 805 contra
1704 745 1860 821 falsa
1905 753 1964 803 et
2009 745 2167 803 mala
2216 744 2536 803 describitur

453 852 513 908 in
548 849 970 906 lamentatione
1007 847 1113 904 illa
1145 864 1255 924 per
1295 847 1446 905 haec
1486 846 1672 905 verba
1723 844 1923 920 „Sine
1969 844 2285 924 sanquine
2323 844 2534 924 confos-

453 968 699 1021 sornm,
748 945 884 1006 ,εἰπε
918 945 1110 1024 adipe
1140 946 1423 1026 fortium
1465 944 1679 1006 Arcas
1719 945 2111 1005 Jonatham‘s
2147 964 2274 1003 non
2319 943 2536 1005 recessit

452 1056 830 1121 retrorsum,
900 1054 959 1106 et
1008 1044 1278 1124 yladz'us
1331 1043 1556 1106 Saulis
1606 1064 1730 1105 non.
1780 1046 1978 1106 rediit
2015 1045 2343 1106 {naniam-‘⁶‘
2379 1046 2536 1103 Vers:

455 1153 542 1208 22
595 1150 705 1221 ibi;
762 1149 1007 1223 sanguis
1062 1148 1471 1205 confessorum
1523 1146 1818 1221 significat
1869 1147 2025 1204 falsa
2072 1149 2233 1205 vic-ta
2286 1154 2347 1204 et
2391 1145 2537 1203 dissi·

452 1256 623 1326 pata,
677 1248 862 1324 adeps
900 1249 1136 1305 fortium
1173 1247 1465 1322 significat
1502 1246 1660 1304 mala
1696 1247 1967 1305 similiter
1980 1267 1995 1321 3
2035 1247 2194 1322 quod
2228 1246 2380 1304 haec
2413 1246 2540 1303 victa

455 1356 514 1408 et
553 1350 839 1424 dissipata
876 1350 993 1405 sint
1027 1365 1136 1422 per
1172 1346 1499 1404 doctrinam
1539 1350 1665 1405 veri
1708 1347 1868 1422 quod
1905 1364 1978 1405 ex
2013 1346 2203 1420 bono,
2273 1344 2541 1422 significa-

453 1458 551 1509 tur
585 1466 695 1526 per
732 1447 890 1523 quod
916 1448 1110 1506 Arcus
1138 1447 1496 1506 Jonathanis
1524 1464 1639 1503 non
1675 1449 1926 1506 recessit
1953 1453 2305 1520 retrorsum,
2347 1455 2404 1505 et
2433 1444 2541 1521 gla-

453 1551 584 1610 dius
623 1548 821 1608 Saulis
861 1566 978 1605 non
1007 1547 1182 1604 rediit
1207 1549 1487 1618 inaniter,
1543 1564 1719 1605 arcus
1758 1547 2115 1605 Jonathanis
2156 1553 2250 1607 est
2290 1546 2544 1613 doctrina,

454 1657 514 1708 et
548 1649 781 1726 gladius
821 1647 1019 1706 Saulis
1059 1654 1150 1704 est
1185 1665 1393 1705 verum
1433 1664 1503 1704 ex
1540 1646 1717 1705 bono.
1781 1647 1960 1722 Apud
1997 1637 2301 1704 Duvidem
2341 1644 2544 1720 „Deus

452 1750 626 1809 docet
653 1765 881 1805 mimas
920 1766 1093 1805 meas
1131 1744 1377 1816 bellum,
1420 1751 1479 1805 et
1507 1745 1696 1825 ponit
1736 1766 1955 1806 arcam
1994 1765 2254 1806 ameum
2297 1744 2545 1806 brachiis

451 1848 657 1908 mei8“
710 1847 941 1905 Psalm:
982 1847 1228 1906 XVIII:
1274 1848 1399 1920 35;
1455 1864 1566 1922 per
1611 1846 1832 1906 bellum
1892 1847 1970 1905 ibi
2020 1847 2395 1923 significatur
2435 1843 2545 1904 bel·

450 1950 571 2007 lum
610 1949 668 2005 in
706 1947 1000 2024 spirituali
1035 1965 1244 2018 sensu,
1295 1948 1456 2023 quod
1506 1952 1598 2005 est
1646 1957 1852 2005 contra
1901 1947 2059 2004 mala
2107 1956 2166 2004 ‘et
2213 1947 2404 2022 falsa,
2454 1946 2547 2004 hoc

448 2049 670 2108 bellum
700 2047 874 2106 docet
908 2048 1075 2105 Deus
1088 2069 1104 2123 3
1146 2055 1204 2107 et
1240 2065 1349 2124 per
1385 2065 1591 2106 arcum
1620 2065 1870 2106 aeneum
1901 2047 2268 2123 significatur
2306 2039 2549 2105 doctrina

451 2150 789 2222 charitatis,
830 2149 982 2206 hanc
1019 2148 1187 2205 Deus
1226 2150 1392 2224 ponit
1431 2147 1723 2220 brachiis,
1780 2147 1895 2206 hoc
1934 2155 2052 2221 est,
2109 2146 2208 2204 dat
2249 2155 2313 2204 ut
2354 2148 2546 2206 valeat.

447 2250 627 2326 Apud
661 2250 900 2326 Esajam
946 2247 1164 2322 „Quis
1200 2248 1524 2336 emicavit,
1542 2249 1618 2308 ab
1657 2246 1941 2321 Oriente,
1985 2266 2165 2326 quem
2202 2246 2552 2329 injustitia

446 2349 690 2412 vocavit
729 2349 818 2410 ad
856 2347 1169 2427 sequelam
1210 2348 1344 2424 sui,
1387 2337 1568 2409 dedit
1595 2365 1806 2409 coram
1834 2347 1991 2428 Ipso
2018 2352 2263 2426 yenteS,
2312 2354 2378 2408 et
2403 2347 2552 2427 reqi-

443 2453 557 2513 bus
604 2450 931 2510 domi-nari
955 2449 1150 2528 fecit,
1221 2448 1401 2508 dedit
1447 2449 1615 2510 sicut
1649 2447 1974 2527 pulverem
2026 2445 2252 2527 yladz’o
2303 2468 2456 2518 suo,
2503 2452 2552 2507 et

444 2553 609 2612 sicut
675 2548 986 2630 stipulam
1039 2547 1387 2628 impulsam
1454 2569 1607 2610 arca
1663 2552 1825 2609 δυσί(
1891 2551 2068 2608 XLI:
2140 2553 2211 2624 23
2281 2549 2436 2610 haec
2494 2548 2553 2607 de

422 2653 733 2724 Domino,
796 2659 856 2709 et
909 2651 981 2709 de
1046 2650 1248 2727 Ipsius
1313 2650 1568 2708 dominio
1616 2667 1801 2725 super
1850 2650 2006 2707 mala
2058 2657 2117 2707 et
2166 2649 2354 2720 falsa,
2415 2651 2556 2708 dicta

448 2758 611 2824 sunt3
667 2767 775 2825 per
812 2759 1018 2824 gentes
1058 2767 1206 2825 quas
1246 2750 1409 2808 dedit
1464 2765 1661 2808 coram
1707 2750 1876 2826 Ipso,
1944 2749 2354 2825 significantur
2395 2751 2555 2821 mala,

450 2859 509 2907 et
559 2867 667 2924 per
726 2866 901 2924 reges
941 2850 1155 2924 quibus
1195 2850 1484 2908 dominari
1530 2850 1671 2908 fecit
1707 2850 2114 2925 significantur
2163 2851 2355 2923 salsa3
2416 2849 2558 2927 quod

447 2950 599 3008 haec
655 2956 715 3007 et
763 2948 864 3006 illa
923 2967 1034 3025 per
1081 2950 1364 3007 Divinum
1425 2967 1594 3008 suum
1664 2950 1890 3009 Verum
1954 2959 2014 3006 et
2070 2966 2180 3025 per
2241 2951 2559 3010 doctrinam

445 3048 584 3107 inde
623 3051 778 3106 sicut
823 3050 990 3107 nihili
1027 3048 1306 3124 dissipet,
1372 3050 1739 3125 significatur
1786 3069 1896 3126 per
1941 3050 2102 3108 dedit
2142 3053 2297 3109 sicut
2345 3052 2555 3127 pulve-

449 3166 574 3207 rem
630 3149 827 3224 gladio
877 3166 1014 3222 suo,
1083 3155 1140 3206 et
1175 3151 1330 3208 sicut
1366 3149 1646 3224 stipulam
1683 3150 2000 3226 impulsam
2040 3168 2182 3235 arcu
2232 3167 2374 3226 suo,
2435 3151 2555 3228 gla-

449 3250 581 3307 dius
629 3266 773 3308 suus
830 3258 920 3307 est
968 3250 1250 3307 Divinum
1297 3250 1522 3309 Verum
1574 3258 1633 3308 et
1683 3268 1855 3309 arcus
1908 3269 2052 3309 suus
2104 3258 2198 3308 est
2248 3251 2556 3324 Doctrina;

450 3350 609 3427 quod
672 3351 830 3409 mala
896 3360 954 3408 et
1014 3350 1169 3408 falsa
1225 3351 1647 3427 dispergantur
1689 3353 1865 3419 *sicut
1924 3351 2120 3425 nihili,
2199 3352 2559 3427 significatur

447 3469 558 3528 per
620 3455 773 3511 sicut
842 3451 1181 3527 pulverem,
1243 3459 1303 3508 et
1371 3454 1524 3508 sicut
1586 3452 1867 3527 stipulam
1927 3452 2275 3527 impulsam:
2354 3453 2559 3510 dicitur

448 3553 609 3629 quod
661 3554 819 3611 mala
873 3560 932 3610 et
994 3552 1145 3610 falsa
1198 3555 1280 3609 ita
1335 3551 1787 3627 dispergantur,
1869 3568 1938 3610 ac
2000 3552 2351 3628 intelligitur
2407 3548 2558 3636 quod

445 3655 531 3710 ita
565 3653 651 3711 illi
689 3656 789 3729 qui
822 3655 881 3710 in
922 3652 1089 3711 malis
1130 3660 1188 3712 et
1238 3652 1374 3709 inde
1425 3651 1591 3709 salsis
1643 3660 1780 3710 sunt
1830 3654 1887 3709 in
1938 3651 2129 3709 altera
2163 3654 2302 3710 vita.
2381 3648 2559 3728 Apud

451 3751 796 3810 Sachariam
856 3798 891 3826 „
919 3751 1221 3812 Visitabz't
1257 3750 1540 3811 Jehomh
1577 3770 1833 3831 yreyem
1874 3771 2090 3825 saum,
2158 3750 2418 3811 domum
2456 3749 2560 3810 Je-

449 3847 685 3923 hudae,
733 3857 791 3910 et
814 3858 1006 3928 ponet
1048 3870 1151 3909 eos
1199 3850 1364 3910 sicut
1404 3842 1627 3928 equum
1664 3849 1914 3931 yleriae
1953 3870 2107 3911 suae
2140 3851 2211 3910 i‘n
2248 3848 2436 3920 bello,
2484 3865 2557 3909 em

447 3946 565 4009 illo
608 3946 978 4026 anyulaon's,
1035 3969 1114 4009 σω
1152 3947 1268 4008 illo
1307 3946 1562 4025 σίαυιιε,
1624 3969 1704 4011 em
1742 3948 1859 4012 illo
1903 3970 2093 4011 arcus
2132 3948 2324 4011 belli“
2361 3952 2455 4011 X:
2500 3951 2554 4008 3.

454 4051 527 4122 43
565 4048 676 4105 hoc
716 4048 1075 4124 explicatum
1117 4049 1389 4106 videatur
1426 4051 1482 4105 in
1519 4050 1789 4110 Articulo
1827 4069 1961 4109 mox
1997 4052 2418 4126 praecedente,
2461 4049 2557 4108 ubi

450 4152 646 4224 agitur
682 4149 754 4207 de
791 4148 1219 4223 significatione
1259 4151 1429 4225 equi3
1482 4168 1591 4226 per
1629 4168 1835 4209 arcum
1871 4152 2014 4210 belli
2050 4152 2414 4227 significatur
2451 4167 2554 4208 ve·

2669 3796 2672 3839 i

450 4268 576 4306 rum
636 4266 908 4326 pugnans
959 4267 1027 4308 ex
1082 4251 1364 4310 doctrina.
1458 4251 1638 4324 Apud
1699 4251 1997 4309 Habakuk
2065 4251 2287 4327 „Num
2326 4247 2559 4328 fluviis
