2791 4778
382 340 621 395 CAPUT
675 341 989 398 SEXTUM.
1739 343 1920 397 VERS
1938 364 1950 395 ε
1999 354 2084 405 15·
2242 353 2350 405 473

235 504 377 561 inter
418 502 530 559 illa
568 511 707 562 sunt
755 501 892 560 talis
942 504 1179 578 generis
1216 520 1461 562 muscae
1513 510 1574 563 et
1622 521 1797 581 apes3
1860 520 2105 562 muscae
2141 506 2201 562 in
2240 521 2348 562 ex-

231 605 532 662 tremitate
594 603 911 660 fluviorum
982 603 1243 678 Aegypti
1309 604 1555 662 trahunt
1620 589 2203 682 correspondentiam
2278 623 2352 664 ex

232 705 581 766 enascentia
629 721 831 762 eorum
871 720 946 761 ex
992 703 1223 761 foetore
1267 703 1620 780 fluviorum3
1678 706 1836 781 quod
1879 707 2139 774 dicatur,
2194 706 2355 781 quod

226 806 466 864 venient
524 811 585 862 et
641 806 956 878 quiescent
1009 805 1070 861 in
1129 804 1324 862 fluviis
1380 804 1817 864 desolationum
1879 813 1938 864 et
1999 809 2058 864 in
2120 806 2350 865 fissuris

225 912 562 980 petrarum,
621 904 917 980 significat
960 904 1118 979 quod
1168 903 1322 963 salsa
1369 906 1829 965 scientificorum
1880 913 1940 964 et
1975 907 2110 965 inde
2147 905 2348 964 *ratio-

227 1008 522 1065 ciniorum
564 1005 868 1063 resideant
896 1004 999 1062 ubi
1025 1003 1191 1062 nulla
1216 1022 1360 1064 vera
1397 1014 1537 1066 sunt
1572 1013 1630 1065 et
1667 1007 1769 1065 ubi
1804 1006 1952 1066 fides
1989 1006 2143 1080 salsi,
2185 1006 2350 1063 fluvii

225 1106 668 1165 desolationum
717 1113 852 1163 sunt
891 1105 991 1163 ubi
1040 1105 1203 1163 nulla
1242 1124 1417 1179 vera,
1475 1114 1535 1167 et
1590 1107 1842 1166 fissurae
1894 1115 2199 1184 petrarum
2250 1106 2351 1164 ubi

224 1208 364 1266 fides
406 1206 553 1265 falsi
565 1228 582 1281 3
642 1204 802 1281 quod
854 1208 915 1262 in
952 1205 1226 1265 omnibus
1263 1207 1539 1283 virgultis
1579 1218 1637 1266 et
1671 1210 1729 1265 in
1766 1208 2038 1266 omnibus
2076 1208 2351 1265 ductibus

221 1308 527 1384 significat
579 1306 736 1383 quod
787 1324 899 1382 per
949 1306 1054 1364 illa
1105 1305 1457 1366 falsificatae
1511 1310 1628 1365 sint
1677 1310 2042 1384 cognitiones
2094 1320 2154 1367 et
2200 1326 2343 1384 per-
2393 1301 2551 1362 [656]

229 1412 547 1485 captiones
586 1410 741 1479 veri,
801 1407 1059 1484 virgulta
1086 1415 1226 1465 sunt
1261 1397 1627 1484 cognitiones
1667 1412 1824 1481 veri,
1877 1415 1937 1468 et
1972 1409 2184 1468 ductus
2214 1416 2353 1468 sunt

222 1512 687 1592 percep-tioneS,
761 1525 913 1581 quae
968 1508 1361 1567 falsificantur
1415 1527 1486 1568 ex
1543 1510 1713 1568 falsis
1766 1527 1951 1585 supra
2009 1513 2349 1568 memoratis

224 1609 359 1667 dum
406 1593 691 1683 influunt,
776 1608 936 1683 quod
992 1602 1143 1667 haec
1199 1626 1421 1668 arcana
1468 1610 1587 1669 illis
1642 1611 1844 1670 verbis
1894 1613 2103 1683 insint,
2175 1627 2348 1668 nemo

221 1712 334 1769 nisi
373 1729 448 1769 ex
493 1726 678 1768 sensu
717 1711 981 1782 interno,
1041 1717 1099 1768 et
1137 1710 1316 1769 simul
1353 1729 1421 1769 ex
1461 1712 1679 1771 inundo
1716 1713 2013 1788 spirituali
2050 1702 2253 1770 videre
2292 1717 2352 1769 et

224 1812 377 1869 scire
418 1816 641 1887 potest.
697 1810 877 1884 Apud
911 1811 1180 1869 Eundem
1220 1809 1609 1885 „Palatium
1648 1812 1771 1873 erit
1806 1812 2139 1888 desertum,
2177 1808 2347 1873 mul—

224 1910 437 1972 titudo
486 1909 666 1972 wrhz’s
716 1907 1041 1985 derelicta,
1107 1909 1313 1971 clivus
1358 1919 1425 1972 et
1465 1911 1721 1991 specula
1755 1918 1937 1973 erunt
1978 1934 2167 1993 super
2207 1932 2347 1991 spe-

227 2008 436 2072 luncis
478 2011 562 2071 in*
589 2017 911 2071 aeternum
965 2030 1162 2090 usque
1180 2057 1196 2086 ,
1263 2011 1584 2090 yaudium
1643 2031 2031 2090 onagrorum
2088 2021 2148 2073 et
2183 2033 2347 2091 pas-

227 2123 423 2172 cuum
454 2115 767 2192 yreyum“
807 2112 1090 2170 XXXII:
1141 2116 1258 2186 143
1313 2129 1424 2188 per
1459 2112 1609 2169 haec
1650 2112 2003 2170 describitur
2038 2112 2348 2171 Ecclesiae

231 2215 492 2273 vastatio
528 2212 757 2286 totaliS,
813 2212 913 2271 ubi
944 2230 1060 2269 non
1097 2211 1352 2289 amplius
1391 2211 1632 2288 aliquod
1667 2212 1888 2270 bonum
1921 2215 2082 2271 vitae
2128 2229 2198 2270 ac
2234 2229 2344 2270 ve-

235 2331 375 2369 rum
415 2312 734 2389 doctrinae3
791 2313 898 2372 sed
937 2330 1130 2389 usque
1173 2329 1348 2372 nemo
1391 2315 1545 2371 scire
1582 2319 1784 2389 potest
1819 2313 1962 2397 quid
1998 2313 2102 2372 illa
2150 2311 2343 2370 invol-

245 2419 420 2486 vunt,
482 2416 589 2473 nisi
638 2417 739 2491 qui
787 2416 901 2473 scit
961 2421 1186 2474 statum
1246 2432 1447 2473 rerum
1512 2417 1572 2472 in
1627 2415 1847 2472 Mundo
1898 2415 2220 2491 spirituali,
2289 2420 2348 2496 et

239 2514 411 2572 simul
449 2531 689 2574 sensum
727 2518 1055 2592 internum3
1113 2515 1446 2575 devastatio
1484 2518 1666 2574 totius
1703 2514 2015 2573 Ecclesiae
2058 2515 2344 2591 intelligi-

235 2621 330 2672 tur
363 2605 478 2692 'per
515 2616 801 2692 palatium
841 2617 954 2675 erit
993 2617 1324 2689 desertum,
1387 2621 1448 2672 et
1482 2615 1796 2674 multitudo
1836 2615 1998 2673 urbis
2040 2615 2343 2687 derelicta,
2398 2609 2409 2620 ⁶

226 2716 518 2790 palatium
557 2718 849 2793 significat
883 2723 1066 2774 totam
1117 2716 1448 2775 Ecclesiam
1488 2715 1684 2792 quoad
1726 2732 1869 2772 vera
1914 2733 1985 2774 ex
2035 2715 2220 2791 bone,
2276 2732 2346 2775 ac

227 2816 539 2877 desertum
583 2819 876 2894 significat
924 2835 1040 2875 non
1077 2817 1294 2874 bonum
1343 2818 1481 2890 quia
1529 2834 1648 2873 non
1696 2833 1934 2891 verum,
1990 2816 2129 2876 inde
2167 2817 2343 2894 pala-

224 2919 372 2976 tium
426 2921 540 2976 erit
575 2918 875 2977 desertum
905 2918 1201 2994 significat
1227 2916 1558 2975 Ecclesiam
1590 2917 2009 2996 devastatani;‚
2031 2919 2347 2980 multitudo

220 3019 389 3078 urbis
432 3019 725 3095 significat
764 3020 961 3087 omnia
996 3036 1143 3076 vera
1180 3017 1510 3092 doctrinae,
1569 3019 1711 3077 urbs
1743 3016 1899 3078 enim
1927 3028 2021 3080 est
2058 3022 2343 3095 doctrina,

223 3128 282 3178 et
317 3119 643 3178 multitudo
682 3119 896 3177 dicitur
933 3119 1006 3178 de
1043 3122 1222 3195 veris,
1264 3137 1422 3196 quae
1464 3120 1749 3180 derelicta
1778 3122 2070 3192 dicuntur,
2107 3121 2343 3199 quando

220 3238 336 3280 non
380 3228 559 3293 sunt3
629 3220 786 3294 quod
836 3219 1024 3278 clivus
1076 3227 1136 3278 et
1182 3217 1434 3297 specula
1482 3231 1650 3280 erunt
1696 3240 1881 3299 super
1933 3223 2235 3298 speluncis
2285 3224 2347 3281 in

219 3328 537 3380 aeternum
576 3338 765 3396 usque
784 3364 801 3393 ,
851 3321 1143 3397 significat
1182 3321 1343 3396 quod
1378 3322 1650 3396 amplius
1674 3322 1840 3379 nulla
1874 3322 2148 3380 Ecclesia
2186 3320 2343 3397 apud

216 3420 356 3480 illos
400 3423 545 3494 erit,
603 3423 741 3497 quia
786 3439 904 3480 non
935 3423 1051 3479 nisi
1088 3440 1261 3498 quam
1306 3420 1529 3477 malum
1565 3423 1723 3477 vitae
1766 3427 1827 3478 et
1860 3421 2075 3477 falsum
2120 3421 2341 3478 doctri-

218 3538 365 3597 nae,
427 3521 754 3597 speluncae
811 3522 1147 3597 significant
1180 3521 1315 3593 illa,
1375 3537 1448 3577 ex
1489 3534 1674 3576 causa
1709 3520 1848 3593 quia
1884 3518 2036 3576 tales
2072 3519 2345 3578 habitant

217 3624 277 3680 in
316 3621 659 3699 spelunciS,
726 3630 1011 3698 utsupra
1052 3621 1270 3680 dictum
1317 3628 1410 3679 est
1426 3640 1442 3696 3
1512 3626 1569 3677 et
1619 3620 1759 3693 quia
1812 3617 1966 3675 tales
2012 3621 2070 3676 in
2116 3618 2340 3677 Mundo

219 3723 528 3800 spirituali
562 3725 622 3780 in
661 3723 972 3799 profundis
1009 3721 1307 3794 habitant,
1365 3729 1426 3780 et
1462 3736 1647 3796 supra
1681 3724 1961 3794 teguntur
1996 3736 2031 3775 a
2074 3717 2243 3776 clivis
2283 3726 2344 3776 et

219 3821 492 3900 speculis
508 3868 524 3898 ,
575 3826 659 3881 ita
697 3823 1029 3882 absconditi
1078 3821 1154 3879 ab
1189 3820 1306 3879 illis
1346 3825 1449 3896 qui
1498 3838 1683 3897 supra
1730 3821 1902 3879 terris
1945 3819 2025 3877 ibi
2073 3835 2337 3877 commo-

218 3930 466 3997 rantur,
529 3924 665 3982 ideo
703 3941 823 3982 non
859 3923 1032 3982 modo
1074 3921 1288 3981 dicitur
1328 3923 1489 3998 quod
1534 3921 1725 3982 clivus
1765 3927 1824 3981 et
1869 3920 2120 3997 specula
2169 3926 2344 3979 erunt

220 4039 412 4099 super
476 4022 812 4099 spelunciS,
895 4024 1005 4083 sed
1069 4027 1248 4083 etiam
1310 4022 1471 4099 quod
1523 4024 1805 4099 gaudium
1872 4005 2228 4098 onagrorum
2283 4025 2345 4078 et

222 4139 520 4199 pascuum
555 4141 804 4201 gregum
815 4144 832 4200 3
886 4125 946 4182 in
979 4123 1084 4182 illo
1119 4123 1339 4183 Mundo
1379 4127 1558 4182 etiam
1604 4130 1743 4193 sunt
1789 4122 2030 4182 Inferna
2064 4121 2241 4199 plura
2282 4122 2342 4180 in

224 4223 533 4298 profundis
585 4242 835 4302 prorsus
889 4224 1237 4285 abscondita
1293 4243 1404 4302 per
1465 4231 1692 4296 terras,
1768 4230 1975 4301 petras
2042 4232 2101 4284 et
2156 4223 2341 4283 colles
