2791 4778
513 371 625 424 366
948 362 1438 420 APOCALYPSIS
1480 361 1910 418 EXPLICATA.
1965 362 2012 431 §.
2056 372 2178 425 395.

511 538 749 600 quoque
795 523 966 598 virgo
1015 522 1169 583 Zion
1216 527 1276 582 et
1318 523 1487 597 virgo
1523 519 1977 598 Hierosolyma3
2032 536 2212 598 quare
2246 523 2411 581 etiam
2438 522 2568 584 filiae

510 626 670 701 regis
707 624 1249 699 repraesentabant
1284 639 1433 681 vera
1466 621 1799 682 affectionis
1840 620 1998 680 illius
2033 638 2142 699 per
2175 628 2401 694 vestes,
2447 626 2569 683 etin

509 724 806 784 communi
856 740 970 800 per
1025 731 1230 801 togas,
1310 738 1467 799 quae
1525 721 1663 780 inde
1724 721 1933 781 frustis
1999 724 2336 800 variegatae
2404 729 2565 801 erant;

517 826 676 884 sicut
722 825 900 882 etiam
947 828 1478 902 repraesentantur
1516 839 1661 880 vera
1712 839 1787 881 ex
1831 822 1988 882 bono
2038 840 2148 883 seu
2182 840 2321 883 vera
2356 842 2424 882 ex
2452 823 2569 884 affe-

517 928 714 985 ctione
761 941 873 1002 per
905 932 1109 984 vestes
1146 926 1437 1002 virginum
1484 924 1544 981 in
1582 921 1796 996 Coelo;
1854 941 2008 999 quae
2048 941 2194 985 vera
2225 925 2457 1001 amplius
2485 923 2569 984 de·

519 1025 864 1085 scribuntur
891 1043 1002 1103 per
1042 1031 1245 1085 vestes
1280 1024 1441 1083 filiae
1467 1023 1652 1099 Regis
1682 1023 1844 1098 apud
1865 1023 2162 1084 Davidem
2187 1025 2395 1084 Psalm:
2418 1023 2568 1085 21va

520 1128 632 1185 10.
679 1128 786 1185 11.
848 1129 957 1184 14.
1021 1130 1128 1186 15.
1232 1125 1529 1202 Quoniam
1592 1122 1817 1183 Luctus
1879 1127 1940 1182 in
1998 1126 2281 1201 Antiquis
2336 1124 2567 1185 Ecclesiis

512 1226 887 1304 significabat
932 1226 1156 1285 luctum
1204 1225 1609 1302 spiritualem,
1666 1225 1767 1300 qui
1817 1233 1915 1283 est
1957 1232 2211 1302 propter
2257 1224 2560 1302 deprivatio-

514 1344 649 1386 nem
703 1329 859 1398 veri,
934 1345 1117 1403 quare
1172 1327 1323 1386 haec
1375 1324 1947 1401 repraesentabatur
1993 1328 2057 1384 in
2104 1326 2270 1385 luctu
2322 1333 2444 1385 tunc
2486 1340 2570 1401 per

513 1426 677 1503 quod
721 1424 1086 1503 disruperint
1121 1434 1295 1504 togas
1332 1441 1477 1485 suas
1522 1443 1635 1485 seu
1670 1425 1857 1501 pallia
1892 1442 2038 1501 sua3
2094 1432 2164 1485 ut
2202 1433 2419 1486 constat
2446 1423 2572 1501 apud

506 1526 767 1586 Hiobum
805 1523 1015 1600 „Cum
1058 1524 1233 1588 ffiob
1273 1525 1584 1586 amiserat
1628 1524 1875 1600 omnia,
1938 1531 2090 1587 tuno
2131 1526 2428 1602 suiv-exit,
2473 1522 2570 1585 soi·

511 1624 614 1687 dit
652 1631 870 1706 toyam
913 1643 1130 1699 suam,
1193 1634 1253 1688 et
1292 1625 1508 1698 dimit,
1558 1624 1775 1687 ‘nudus
1813 1643 2114 1706 eyressus
2151 1648 2294 1690 sum
2327 1646 2401 1688 ex
2434 1630 2571 1687 utero

508 1727 742 1789 matris
792 1745 995 1803 meae,
1060 1732 1121 1787 et
1179 1726 1397 1788 nudus
1442 1728 1771 1787 miei-taff
1846 1726 1905 1786 1:
1967 1732 2082 1789 20.
2156 1733 2279 1789 21:
2362 1734 2417 1787 et
2463 1722 2570 1784 alibi

508 1870 547 1903 „
564 1826 725 1889 Tres
774 1825 970 1888 amici
1019 1825 1254 1903 Hiobi,
1311 1845 1457 1889 cum
1491 1826 1787 1887 viderunt
1828 1846 1995 1903 eum,
2049 1827 2362 1908 fleverunt
2390 1833 2442 1888 et
2471 1823 2566 1886 sci·

507 1927 737 1989 derunt
781 1924 1000 2006 pallia
1044 1931 1215 1990 sua“
1277 1928 1368 1987 II:
1414 1931 1538 2003 123
1593 1925 1754 2005 quod
1802 1927 2145 1991 discindere
2193 1936 2388 1991 vestes
2430 1925 2569 1985 fuerit

505 2031 1083 2105 repraesentativum
1127 2029 1326 2089 luctus
1362 2034 1613 2105 propter
1654 2044 1862 2087 verum
1903 2028 2143 2092 laesum
2190 2037 2293 2090 aut
2338 2026 2568 2104 deperdi-

506 2137 663 2204 tum,
736 2129 1014 2188 videatur
1066 2149 1136 2190 n:
1203 2131 1431 2188 4763:
1522 2134 1582 2186 et
1643 2134 1967 2204 praeterea
2028 2133 2196 2208 apud
2244 2128 2570 2190 Ezechielem

506 2228 957 2306 „Descendent
991 2229 1261 2310 desuper
1299 2228 1548 2290 thronis
1588 2228 1731 2288 suis
1777 2246 1990 2291 omnes
2020 2232 2347 2311 principes
2387 2226 2568 2296 marie,

501 2338 563 2394 et
598 2330 893 2414 abjicient
934 2328 1150 2410 pallia
1187 2349 1309 2393 sua
1324 2375 1343 2402 ,
1393 2334 1455 2389 et
1492 2332 1692 2391 vestes
1717 2330 2131 2409 acupicturae
2184 2350 2335 2396 suae
2363 2327 2567 2399 emunit,
2658 2394 2659 2403 χ

496 2432 840 2495 terroribus
893 2431 1266 2507 induentur,
1322 2451 1513 2511 super
1565 2438 1737 2492 terra
1791 2430 2142 2494 sedebunW
2187 2433 2416 2497 XXVI:
2468 2428 2563 2501 163
2658 2434 2659 2439 ’

495 2533 648 2593 haec
675 2534 833 2592 dicta
868 2539 1008 2592 sunt
1042 2532 1117 2592 de
1156 2532 1334 2610 Tyro,
1373 2551 1484 2609 per
1512 2549 1689 2608 quam
1717 2533 2088 2609 significatur
2119 2536 2386 2595 Ecclesia
2412 2523 2569 2608 quoad

497 2636 868 2710 cognitiones
921 2636 1048 2693 veri
1091 2641 1150 2692 et
1201 2634 1368 2702 boni,
1421 2632 1518 2692 hic
1564 2632 1839 2692 Ecclesia
1899 2634 2003 2694 ubi
2072 2635 2216 2696 illae
2276 2631 2568 2711 deperditae

498 2741 637 2793 sunt
653 2752 670 2810 3
727 2733 884 2809 quod
934 2752 1051 2793 non
1101 2733 1356 2812 amplius
1411 2734 1529 2792 illis
1577 2750 1723 2790 vera
1771 2735 1891 2792 sint
1944 2753 2056 2812 per
2113 2754 2272 2820 quae
2323 2729 2564 2799 Ecclesia,

495 2832 865 2910 sigulficatur
903 2852 1010 2909 per
1048 2835 1206 2911 quod
1257 2834 1620 2894 descendent
1654 2833 1919 2912 desuper
1967 2836 2204 2897 thronis
2251 2837 2367 2896 suis
2401 2841 2563 2892 omues

495 2934 799 3009 principes
835 2935 1047 3006 maris,
1105 2936 1409 3012 principes
1446 2936 1626 2993 maris
1663 2941 1803 2993 sunt
1839 2952 1985 2993 vera
2027 2937 2352 2997 scientifica
2383 2933 2561 3011 prima·

497 3033 618 3102 ria,
670 3031 1036 3091 descendere
1074 3033 1333 3111 desuper
1367 3035 1598 3094 thronis
1634 3034 1929 3111 significat
1967 3036 2133 3113 quod
2169 3038 2274 3097 illa
2307 3029 2564 3111 deperdita

497 3134 644 3208 sint,
701 3140 763 3191 et
795 3131 932 3192 inde
970 3128 1129 3210 quod
1154 3152 1271 3194 non
1307 3135 1511 3212 aliqua
1546 3135 1941 3212 intelligentia
1954 3156 1970 3212 3
2010 3117 2213 3198 simile
2253 3134 2559 3214 significatur

496 3249 607 3310 per
637 3232 796 3309 quod
831 3233 1111 3311 abjicient
1158 3235 1344 3311 pallia
1391 3252 1534 3309 sua,
1593 3241 1653 3293 et
1704 3243 1925 3295 exuent
1972 3244 2178 3298 vestes
2228 3238 2559 3314 acupicturae

499 3350 675 3410 suae,
742 3333 929 3411 pallia
979 3342 1119 3394 sunt
1169 3353 1316 3395 vera
1367 3339 1428 3395 in
1479 3338 1806 3411 communi,
1866 3343 1924 3396 et
1973 3344 2180 3398 vestes
2235 3338 2556 3414 acupicturae

496 3441 637 3494 sunt
691 3436 1058 3513 cognitiones
1110 3438 1270 3511 veri;
1335 3436 1639 3495 damnatio
1701 3436 1839 3496 inde
1885 3438 2256 3513 significatur
2298 3454 2401 3516 per
2439 3422 2556 3507 qui)d

494 3536 823 3597 terroribus
875 3536 1218 3610 induentur,
1275 3552 1462 3614 super
1515 3542 1677 3597 terra
1724 3537 2039 3596 sedebunt.
2129 3539 2307 3616 Apud
2349 3531 2555 3597 Micham

497 3635 838 3718 „Populus
872 3656 1048 3698 meus
1071 3655 1196 3716 pro
1236 3636 1412 3697 hoste
1457 3636 1583 3698 sibi
1622 3638 1856 3698 statuit
1883 3644 2147 3716 propter
2193 3646 2436 3709 vestem,
2484 3633 2553 3688 80·

492 3755 649 3817 yam
696 3736 1046 3800 extrahitis
1094 3756 1138 3798 a
1186 3736 1663 3798 transeuntibus
1713 3755 1956 3812 secure,
2023 3731 2353 3801 reducibus
2403 3722 2551 3794 bell2‘“

492 3835 581 3895 II:
627 3842 696 3913 83
753 3856 863 3915 per
905 3839 1057 3898 haec
1093 3856 1209 3898 non
1246 3838 1633 3916 significatur,
1671 3838 1835 3913 quod
1869 3838 1973 3897 filii
2007 3838 2256 3899 Israelis
2290 3854 2392 3916 pro
2421 3831 2554 3891 hosio

491 3940 813 3996 statuerint
846 3945 1092 4014 propter
1126 3948 1375 4013 vestem,
1433 3944 1494 3998 et
1530 3936 1691 4014 quod
1723 3941 2089 3998 extraxerint
2116 3948 2309 4018 togam
2335 3956 2369 3996 a
2393 3941 2548 3993 trans-

493 4036 771 4093 euntibus
821 4053 1063 4106 secure,
1134 4038 1245 4097 sed
1294 4038 1454 4114 quod
1501 4055 1610 4114 pro
1656 4039 1910 4097 inimicis
1960 4038 2272 4099 habuerint
2316 4038 2438 4098 illos
2478 4022 2553 4103 qul

490 4146 638 4186 vera
670 4130 902 4205 loquuti
938 4140 1106 4203 sunt,
1165 4141 1225 4191 et
1259 4134 1703 4208 deprivaverint
1741 4141 1903 4197 omni
1945 4158 2090 4199 vero
2145 4141 2279 4201 illos
2316 4137 2407 4216 qui
2433 4131 2549 4189 bene

492 4225 795 4297 vixerunt,
855 4234 912 4284 et
957 4227 1369 4288 discusserunt
1417 4233 1598 4308 falsa,
1656 4238 1843 4295 vestis
1896 4246 1991 4298 est
2038 4258 2278 4316 verum,
2332 4245 2455 4311 toga
2484 4225 2555 4285 0⁸⁸
