2791 4778
406 370 635 427 CAPUT
674 371 967 428 SEXTUM
1773 372 1956 427 VERS
1975 393 1987 425 ε
2033 382 2086 437 4.
2249 385 2360 437 213

250 536 464 590 ventus
496 531 1060 608 intelligentiumet
1106 530 1499 606 sapientium,
1554 529 1658 589 ubi
1694 529 2010 606 perplures
2050 536 2193 591 eunt
2227 551 2357 594 me·
2397 541 2402 544 '

248 631 584 706 ditabundi,
641 638 700 691 et
735 649 869 690 cum
908 630 1125 706 aliquis
1164 646 1236 689 eo
1267 632 1460 698 venit,
1515 637 1806 706 apparent
1847 632 1901 688 ei
1939 633 2079 706 equi
2103 632 2163 690 in
2189 636 2359 695 vario

245 731 474 806 colore,
533 738 595 790 et
626 735 790 790 varie
827 729 1154 807 phalerati,
1214 737 1274 788 et
1310 746 1551 805 quoque
1588 746 1825 804 currus,
1867 736 1927 789 et
1962 730 2145 807 aliqui
2183 736 2356 808 equi-

241 837 437 891 tantes
478 838 541 891 et
574 830 759 908 aliqui
792 830 1073 889 sedentes
1111 834 1171 887 in
1207 846 1417 905 curru3
1471 830 1560 888 illi
1595 831 1773 889 etiam
1811 847 1944 889 cum
1979 833 2355 908 interrogan-

240 936 333 990 tur
365 949 515 990 num
545 934 811 1007 equitent
836 947 1021 1005 super
1049 931 1219 1005 equis
1257 945 1327 988 ac
1364 929 1662 987 vehantur
1694 930 1754 986 in
1790 930 2092 1005 curribus,
2149 931 2353 993 dicunt

238 1031 394 1107 quod
448 1049 597 1105 non,
654 1031 763 1090 sed
813 1030 971 1106 quod
1008 1029 1231 1089 vadant
1277 1030 1672 1105 meditantes3
1725 1029 1864 1089 inde
1915 1033 2094 1088 etiam
2140 1035 2353 1109 patuit,

236 1131 376 1207 quid
404 1149 523 1208 per
558 1147 746 1207 equos
784 1137 844 1190 et
875 1147 987 1206 per
1022 1145 1232 1188 currus
1272 1128 1671 1205 significatur:
1726 1129 1836 1187 sed
1883 1130 1959 1188 de
2005 1130 2118 1190 hac
2153 1149 2220 1191 re
2260 1134 2356 1191 vi-

234 1231 494 1291 deantur
529 1231 709 1307 plura
741 1233 803 1288 in
839 1229 1149 1306 Opusculo
1188 1228 1261 1287 de
1297 1230 1474 1295 Eono
1509 1229 1717 1288 Anno:
1774 1247 1845 1288 ex
1882 1230 1976 1288 his
2012 1247 2168 1289 nunc
2206 1250 2353 1292 con-

232 1337 393 1390 stare
445 1337 676 1406 potest,
727 1329 885 1388 unde
938 1335 1030 1388 est
1081 1329 1239 1405 quod
1283 1328 1548 1388 Johanni
1594 1331 1709 1389 visi
1751 1332 1869 1388 sint
1914 1330 2069 1404 Equi
2118 1332 2354 1407 quando

233 1438 454 1506 aperta
506 1435 646 1488 sunt
696 1429 897 1505 sigilla
943 1428 1135 1498 Libri,
1192 1434 1251 1486 et
1299 1444 1539 1504 quoque
1586 1430 1726 1505 quid
1779 1430 2140 1506 significant:
2196 1432 2357 1508 quod

228 1531 382 1607 Equi
420 1531 514 1589 illi
547 1531 660 1588 visi
695 1532 843 1603 sint,
905 1535 998 1588 est
1045 1529 1186 1605 quia
1238 1531 1435 1597 omnia
1479 1531 1816 1606 spiritualia
1852 1528 2037 1588 Verbi
2074 1533 2133 1588 in
2170 1548 2356 1599 sensu

227 1632 359 1709 ejus
397 1632 615 1689 literae
652 1632 944 1688 sistuntur
990 1646 1101 1705 per
1145 1628 1291 1686 talia
1342 1646 1498 1705 quae
1539 1629 2009 1708 correspondent
2045 1647 2154 1689 seu
2195 1649 2351 1707 quae

225 1737 719 1807 repraesentant,
774 1736 834 1789 et
858 1729 996 1788 inde
1032 1727 1397 1807 significant,
1451 1736 1511 1788 et
1553 1729 1666 1790 hoc
1716 1748 1791 1790 ex
1838 1746 2024 1788 causa
2068 1738 2135 1788 ut
2175 1732 2353 1791 Divi-

223 1847 374 1890 num·
400 1830 487 1888 ibi
522 1831 580 1886 in
618 1829 840 1888 ultimis
886 1831 992 1903 sit,
1049 1834 1108 1904 et
1156 1827 1292 1887 inde
1345 1829 1619 1905 plenum,
1685 1837 1753 1891 ut
1799 1847 1986 1906 supra
2031 1831 2351 1907 aliquoties

224 1930 454 1989 dictum
491 1935 601 1989 est.
659 1928 835 2005 Quod
878 1929 1074 1987 rufum
1103 1945 1215 1987 seu
1241 1928 1485 1988 rubrum
1510 1930 1805 2007 significet
1832 1930 2008 2007 quale
2035 1934 2127 1990 rei
2153 1933 2353 2007 quoad

220 2029 485 2105 bonum,
531 2035 806 2088 constare
843 2032 1022 2087 etiam
1047 2033 1253 2104 potest
1285 2047 1321 2086 a
1348 2031 1741 2106 sequentibus
1776 2030 1870 2089 his
1905 2030 2054 2090 locis
2090 2034 2153 2090 in
2187 2033 2348 2092 Ver-

221 2129 333 2207 bo;
395 2128 558 2205 apud
594 2128 808 2189 Mosen
849 2128 1036 2204 „Qui
1062 2126 1242 2190 lavat
1277 2129 1349 2189 in
1385 2130 1530 2190 vino
1570 2129 2018 2191 indumentum
2047 2149 2254 2207 suum,
2292 2138 2354 2195 et

220 2230 296 2291 in
334 2228 653 2309 sanquine
685 2247 957 2289 uvarum
983 2226 1264 2292 velamen
1291 2248 1515 2291 suum:
1560 2229 1746 2292 ruber
1769 2228 1972 2290 oculis
1994 2249 2162 2308 prae
2186 2230 2350 2306 vim,

222 2334 284 2391 et
337 2326 526 2389 albus
576 2327 793 2391 dentes
824 2348 990 2409 prae
1033 2327 1241 2391 lacte“
1306 2329 1543 2393 Genes:
1580 2329 1822 2388 XLIX:
1871 2333 1978 2388 11.
2023 2331 2144 2407 123
2197 2328 2351 2391 haec

225 2433 292 2490 in
325 2431 682 2509 prophetico
723 2430 970 2489 Israelis
1000 2433 1189 2506 patris
1226 2430 1299 2490 de
1336 2429 1651 2500 Jehudah,
1687 2435 1749 2488 et
1781 2447 1893 2506 per
1926 2429 2226 2489 Jehudam
2266 2431 2351 2492 ibi

227 2530 575 2605 intelligitur
606 2530 899 2589 Dominus
939 2530 1140 2606 quoad
1174 2530 1397 2593 bonum
1433 2533 1679 2604 amoris,
1735 2536 1796 2589 et
1827 2533 1890 2588 in
1924 2546 2108 2588 sensu
2134 2546 2347 2607 respe-

225 2632 394 2689 ctivo
432 2629 695 2706 Regnum
736 2630 998 2689 coeleste
1033 2631 1305 2705 Do1uini3
1361 2630 1504 2706 quid
1538 2648 1649 2707 per
1683 2629 1920 2706 singula
1953 2629 2035 2688 ibi
2066 2631 2128 2687 in
2163 2646 2347 2690 sensu

219 2730 528 2807 spirituali
561 2729 960 2808 significatur,
1012 2732 1286 2790 videatur
1319 2733 1381 2789 in
1427 2731 1700 2790 AncAms
1740 2729 2186 2806 CoELus'rmus,
2243 2732 2346 2791 ubi

219 2829 528 2906 explicata
563 2838 732 2907 sunt3
770 2830 1000 2889 Divina
1036 2833 1335 2906 sapientia
1370 2848 1525 2908 quae
1563 2849 1638 2889 ex
1671 2830 1892 2889 Divino
1927 2830 2114 2906 Bono,
2153 2834 2342 2909 signi-

211 2930 437 2993 ficatur
460 2948 572 3006 per
606 2931 787 2990 ruber
814 2930 1003 2989 oculis
1037 2947 1186 3006 prae
1222 2933 1375 3005 vino,
1416 2949 1486 2989 ac
1521 2931 1745 2990 Divina
1768 2929 2162 3007 intellige-,ntia
2187 2951 2343 3008 quae
2415 2946 2422 2951 “

214 3048 295 3091 ex
351 3031 572 3090 Divino
624 3030 784 3090 Vero
835 3048 945 3105 per
994 3032 1167 3089 albus
1215 3030 1426 3091 dentes
1474 3049 1620 3108 prae
1682 3031 1858 3089 lacte.
1948 3032 2019 3091 In
2083 3031 2339 3092 Threnis

212 3128 431 3206 „Albi
491 3135 671 3190 erant
729 3129 1048 3191 Naziraei
1103 3148 1267 3210 prae
1343 3131 1512 3202 nive,
1599 3128 1863 3191 candidi
1938 3138 2121 3191 erant
2179 3151 2344 3211 prae

210 3227 415 3303 lacte,
478 3229 821 3291 rubuerunt
875 3249 1024 3290 ossa
1060 3249 1224 3312 prae
1267 3230 1702 3310 mamantiffi
1764 3229 1887 3290 IV:
1934 3236 1998 3306 ’ἲς
2054 3249 2164 3308 per
2210 3234 2340 3292 Na-

207 3333 454 3390 ziraeos
523 3331 1089 3406 repraesentabatur
1155 3330 1449 3390 Dominus
1513 3331 1710 3406 quoad
1767 3329 2053 3388 Divinum
2104 3332 2338 3391 Huma-

208 3448 393 3504 num,
455 3430 732 3488 videatur
772 3447 958 3508 supra
983 3449 1051 3488 n:
1110 3432 1219 3489 66.
1281 3433 1417 3491 196
1465 3432 1535 3489 f.:
1590 3448 1773 3507 quare
1822 3432 1999 3487 etiam
2048 3446 2159 3505 per
2201 3431 2339 3489 illos

206 3532 275 3589 in
327 3546 514 3589 sensu
571 3533 908 3606 respectivo
962 3530 1410 3607 significabatur
1467 3530 1689 3592 bonurn
1754 3530 1973 3588 amoris
2034 3528 2336 3603 coelestis,

212 3632 362 3707 quia
410 3630 522 3688 hoc
571 3629 790 3689 bonum
839 3647 875 3689 a
928 3630 1148 3689 Divino
1197 3632 1475 3690 Humano
1526 3631 1768 3688 Domini
1816 3627 2155 3687 immediate
2188 3645 2337 3703 pro·
2425 3616 2428 3619 ¹

213 3729 376 3788 cedit
388 3750 406 3806 3
495 3732 1074 3806 repraesentativum
1138 3731 1270 3808 ejus
1342 3732 1404 3788 in
1463 3730 1737 3789 Ecclesia
1799 3731 1883 3786 ita
1951 3728 2336 3804 describitur;

209 3847 425 3888 verum
472 3830 631 3888 illius
694 3829 836 3889 boni
881 3831 1249 3906 significatur
1295 3849 1408 3906 per
1461 3829 1581 3887 albi
1633 3835 1802 3888 erant
1850 3846 1997 3905 prae
2044 3832 2208 3903 nive,
2279 3838 2340 3890 et

213 3929 454 3989 candidi
485 3946 635 4008 prae
675 3929 862 4005 lacte,
912 3947 983 3990 ac
1018 3931 1236 3989 bonum
1275 3933 1406 3991 veri
1459 3947 1572 4007 per
1619 3930 1952 3990 rubuerunt
2003 3947 2143 3990 ossa
2188 3950 2338 4008 prae

210 4031 554 4106 margaritis
567 4049 584 4106 3
649 4046 790 4089 ossa
826 4033 979 4089 enim
1019 4031 1351 4107 significant
1389 4047 1539 4090 vera
1571 4033 1633 4089 in
1661 4047 1770 4091 suo
1806 4030 2032 4107 ultim0,
2071 4034 2156 4090 ita
2193 4050 2340 4092 vera

205 4130 268 4189 in
306 4133 466 4190 omni
502 4132 848 4206 complexu,
889 4148 1024 4189 nam
1061 4134 1122 4189 in
1149 4131 1372 4191 ultimis
1410 4137 1550 4190 sunt
1585 4133 1782 4190 omnia
1816 4133 1993 4191 simul
2031 4138 2091 4192 et
2124 4131 2334 4207 plene3

207 4230 373 4314 quod
397 4231 505 4289 illa
542 4249 617 4291 ex
643 4231 797 4292 bono
834 4234 970 4306 sint,
1010 4237 1072 4292 et
1107 4250 1346 4315 quoque
1380 4231 1559 4307 bona,
1599 4231 1966 4309 significatur
1999 4249 2110 4308 per
2145 4230 2338 4297 rubu*
