2791 4778
392 377 504 431 192
830 364 1319 424 APOCALYPSIS
1360 363 1794 424 mucan.
1850 362 1900 433 §-
1943 370 2074 429 ³5⁶.

384 528 578 606 possit
611 538 878 601 pugnare
915 529 1125 582 contra
1158 521 1318 581 mala
1353 528 1415 580 et
1443 520 1625 592 falsa,
1677 526 1739 579 et
1773 518 2070 594 dissipare
2115 517 2219 576 illa
2270 518 2501 596 absque

388 626 657 685 doctrina
692 640 763 681 ex
801 623 1034 697 Verbo,
1091 628 1365 681 constare
1399 626 1603 697 potest
1640 635 1715 677 ex
1749 636 1857 688 eo,
1912 618 2069 694 quod
2116 634 2192 676 ex
2238 617 2507 678 doctrina

385 726 575 786 videri
610 725 842 799 possint
879 739 1021 781 vera
1067 725 1127 781 in
1164 739 1276 781 sua
1317 721 1452 779 luce
1504 727 1566 778 et
1613 721 1674 777 in
1709 735 1822 778 suo
1859 718 2091 788 ordine,
2148 734 2266 775 non
2305 725 2507 777 autem

388 842 466 884 ex
492 823 696 883 Verbo
733 821 961 898 absque
990 821 1273 893 doctrina,
1315 820 1475 896 quod
1499 826 1670 896 patet
1707 837 1782 879 ex
1813 834 1951 876 mox
1976 816 2473 877 antecedentibus
2490 838 2505 894 ;

389 931 452 983 et
485 926 538 983 si
570 940 688 981 non
714 931 966 998 possunt
992 921 1182 980 videri
1213 938 1370 994 vera,
1411 936 1521 977 nec
1550 926 1808 995 possunt
1835 917 2024 976 videri
2049 916 2206 974 falsa
2233 925 2295 974 et
2324 918 2501 992 mala,

388 1030 529 1083 sunt
562 1024 718 1080 enim
761 1022 911 1080 haec
966 1022 1246 1096 opposita
1280 1020 1425 1094 illis3
1482 1024 1543 1078 et
1577 1025 1778 1077 tamen
1831 1020 2019 1075 omnis
2059 1033 2267 1092 pugna
2301 1025 2512 1076 contra

388 1123 549 1183 mala
583 1128 643 1181 et
677 1121 830 1179 falsa
869 1128 961 1179 est
996 1138 1069 1179 ex
1105 1122 1285 1190 veris,
1320 1119 1435 1178 hoc
1474 1124 1567 1177 est
1600 1135 1712 1195 per
1749 1133 1965 1188 veraa
1998 1117 2295 1190 Domin03
2354 1134 2507 1194 qua-

388 1229 638 1300 propter
673 1223 774 1296 qui
807 1220 954 1297 legit
983 1219 1249 1279 Verbum
1277 1218 1505 1294 absque
1536 1218 1834 1289 doctrina,
1863 1215 2038 1275 facile
2062 1232 2339 1291 pugnare
2371 1223 2508 1292 pot-

390 1329 484 1382 est
518 1338 628 1398 pro
663 1320 817 1378 falso
853 1328 1062 1379 contra
1097 1336 1303 1377 verum
1355 1323 1417 1377 et
1450 1334 1559 1396 pro
1595 1316 1751 1376 malo
1804 1323 2009 1375 contra
2041 1314 2299 1389 bonum,
2362 1333 2505 1374 con-

388 1420 674 1480 firmando
712 1419 814 1477 illa
849 1436 960 1495 per
994 1420 1298 1477 sinistram
1331 1418 1888 1494 interpretationem
1946 1422 2008 1474 et
2044 1414 2512 1490 applicationem

389 1536 607 1592 sensus
641 1519 851 1578 literae
881 1518 1105 1592 Verbi3
1144 1518 1280 1576 inde
1317 1521 1604 1592 sequitur,
1645 1516 1806 1592 quod
1840 1514 2018 1575 homo
2054 1532 2175 1572 non
2210 1515 2505 1574 reforme-

387 1626 504 1694 tur,
541 1620 895 1679 rel'ormatur
922 1620 1077 1677 enim
1105 1634 1215 1695 per
1242 1617 1691 1694 dissipationem
1726 1616 2020 1675 malorum
2054 1621 2113 1672 et
2137 1614 2277 1674 inde
2312 1615 2505 1674 falso·

389 1737 520 1779 rum
555 1736 665 1795 per
694 1736 839 1776 vera
867 1718 1172 1796 applicata
1195 1719 1374 1775 vitae.
1432 1717 1563 1776 Hoc
1600 1733 1757 1773 nunc
1796 1722 1914 1788 est,
1956 1713 2117 1791 quod
2154 1714 2503 1790 intelligitur

387 1835 502 1896 per
563 1816 720 1899 quod
770 1819 935 1877 visus
976 1818 1182 1894 Equus
1235 1816 1447 1890 albus,
1515 1824 1575 1875 et
1617 1815 1835 1874 sedens
1895 1831 2080 1890 super
2124 1813 2227 1873 illo
2271 1814 2508 1873 habens

389 1934 624 1991 arcum,
662 1934 773 1993 per
799 1917 1033 1993 Equum
1071 1916 1271 1976 album
1302 1918 1458 1974 enim
1493 1914 1859 1992 significatur
1893 1913 2235 1973 intellectus
2276 1916 2406 1971 veri
2435 1932 2511 1973 ex

270 2017 281 2024 ’
387 2016 628 2088 Verbo,
681 2023 741 2073 et
787 2034 896 2093 per
932 2018 1153 2075 Arcum
1205 2014 1571 2091 significatur
1619 2015 1887 2073 doctrina
1922 2013 2231 2071 charitatis
2263 2015 2509 2074 'etinde

187 2132 350 2195 [473]
390 2117 554 2189 fidei,
612 2133 686 2174 ex
722 2134 839 2192 qua
875 2124 1170 2192 pugnatur
1217 2121 1423 2173 contra
1457 2115 1618 2173 mala
1672 2121 1732 2173 et
1764 2113 1949 2186 salsa,
2008 2130 2078 2170 ac
2134 2113 2506 2189 dissipantur

389 2217 510 2277 illa.
555 2216 818 2277 Tsa‘mo:
863 2215 1038 2291 Quod
1067 2232 1237 2273 nemo
1264 2215 1457 2291 possit
1492 2215 1719 2291 absque
1751 2214 2018 2271 doctrina
2053 2228 2087 2271 e
2117 2212 2319 2271 Verbo
2348 2217 2510 2273 intra

384 2317 747 2389 Ecclesiam,
803 2315 901 2374 ubi
942 2314 1207 2373 Verbum
1246 2322 1364 2385 est,
1402 2314 1534 2372 fieri
1569 2315 1932 2391 spiritualis,
1988 2319 2269 2372 constare
2305 2320 2515 2391 potest

385 2435 458 2477 ex
494 2419 614 2476 illis
665 2434 819 2491 quae
869 2432 1024 2474 nunc
1078 2415 1235 2473 dicta
1270 2420 1436 2487 sunt,
1491 2415 1655 2490 quod
1714 2408 2232 2490 nempe'Verbum
2274 2415 2511 2490 absque
2559 2446 2564 2453 «

385 2517 655 2577 doctrina
690 2534 805 2574 non
839 2515 1236 2591 intelligatur,
1294 2520 1354 2572 et
1389 2514 1549 2590 quod
1599 2514 1825 2590 absque
1872 2513 2144 2572 doctrina
2189 2531 2262 2572 ex
2299 2513 2511 2573 Verbo

387 2633 507 2676 non
542 2619 732 2692 possit
767 2616 1034 2691 pugnari
1062 2621 1267 2672 cont-ra
1300 2613 1461 2671 mala
1498 2622 1558 2671 et
1590 2613 1770 2690 falsa3
1808 2613 1987 2672 homo
2026 2615 2180 2671 enim
2215 2615 2513 2689 spiritua-

381 2715 458 2774 lis
503 2715 567 2772 fit
616 2733 725 2789 per
763 2716 944 2773 vitam
997 2714 1325 2772 secundum
1364 2713 1585 2771 Divina
1610 2712 1807 2786 Vera,
1867 2730 2021 2789 quae
2058 2730 2173 2770 non
2209 2716 2325 2773 scit
2359 2714 2515 2771 abs-

386 2829 503 2889 que
543 2812 841 2886 doctrina,
901 2820 961 2871 et
1007 2831 1117 2890 per
1153 2814 1543 2871 remotionem
1578 2811 1868 2870 malorum
1906 2818 1967 2871 et
2000 2812 2304 2887 falsorum,
2346 2829 2515 2889 quae

389 2929 501 2972 nec
536 2911 601 2968 fit
637 2911 864 2987 absque
901 2911 1198 2984 doctrina,
1236 2920 1305 2969 ut
1339 2929 1527 2989 supra
1563 2912 1786 2970 dictum
1822 2919 1944 2986 est3
1986 2918 2044 2970 et
2078 2912 2308 2988 absque
2347 2913 2514 2972 dua·-

383 3011 498 3071 bus
524 3010 642 3068 illis
669 3010 843 3069 homo
871 3028 987 3068 non
1018 3011 1388 3080 reformatur,
1432 3014 1519 3069 ita
1545 3029 1664 3069 non
1690 3011 1754 3069 fit
1781 3011 2127 3089 spiritualiS,
2166 3012 2276 3070 sed
2303 3018 2518 3070 manet

382 3109 708 3182 naturali8‚
749 3114 809 3166 et
836 3109 1143 3167 confirmat
1162 3111 1342 3170 vitam
1369 3128 1542 3168 suam
1567 3111 1900 3169 naturalem
1935 3129 2044 3186 per
2080 3127 2325 3170 sensum
2360 3112 2513 3171 lite-

382 3226 488 3268 rae
524 3208 745 3284 Verbi,
803 3209 904 3284 qui
941 3217 1033 3267 est
1067 3209 1388 3284 naturalis,
1445 3212 1683 3269 sinistre
1718 3210 2166 3286 interpretando
2204 3219 2265 3269 et
2299 3211 2516 3286 appli-

384 3309 573 3369 cando
608 3309 792 3368 illum.
844 3307 1012 3367 Intra
1035 3309 1369 3368 Ecclesiam
1406 3309 1510 3368 ubi
1537 3309 1805 3369 Verbum
1832 3310 2061 3384 dicitur,
2101 3313 2243 3385 quia
2275 3310 2364 3368 illi
2398 3314 2520 3386 qui

384 3415 554 3469 extra
588 3410 919 3470 Ecclesiam
955 3416 1095 3468 sunt
1131 3426 1247 3487 non
1283 3407 1508 3467 habent
1534 3409 1830 3480 Verbum,
1868 3416 1929 3468 et
1962 3410 2099 3467 inde
2134 3409 2281 3467 nihil
2307 3410 2520 3468 sciunt

381 3509 459 3569 de
493 3510 769 3580 Domino,
807 3515 866 3567 et
899 3527 1072 3568 nemo
1110 3507 1442 3586 spiritualis
1489 3508 1555 3565 fit
1590 3511 1704 3567 nisi
1741 3527 1777 3566 a
1812 3509 2068 3568 Domino
2081 3529 2098 3585 3
2154 3508 2264 3566 sed
2310 3525 2516 3585 usque

379 3625 583 3668 omnes
620 3609 703 3668 illi
743 3610 843 3685 qui
877 3608 1075 3668 Deum
1111 3614 1445 3685 agnoscunt
1485 3615 1554 3666 et
1579 3603 1787 3666 colunt
1823 3608 1936 3667 sub
1970 3608 2167 3666 forma
2202 3608 2512 3683 Humana,

379 3715 442 3766 et
474 3710 682 3766 vivunt
715 3710 776 3765 in
812 3707 1101 3766 charitate
1162 3706 1494 3767 secundum
1542 3706 1892 3782 religiosum
1942 3707 2311 3767 concordans
2365 3724 2515 3766 cum

379 3805 602 3878 Verb0,
658 3807 735 3863 ad
770 3807 1141 3882 spiritualem
1178 3803 1805 3884 vitam'recipiendam
1838 3814 2279 3883 praeparantur
2309 3825 2346 3865 a
2370 3806 2517 3867 Do-

379 3906 558 3972 min0,
612 3918 787 3977 quam
825 3906 1006 3962 etiam
1040 3906 1337 3979 recipiunt
1368 3906 1430 3961 in
1460 3906 1650 3965 altera
1676 3908 1816 3980 vita,
1857 3905 1931 3964 de
1970 3923 2092 3981 qua
2123 3924 2189 3965 re
2228 3907 2516 3971 videatur

375 4003 441 4062 in
474 3999 672 4077 Opere
721 4002 797 4060 de
848 4000 1056 4062 cono
1109 4021 1186 4060 ur
1221 4001 1496 4062 Iuruano
1549 4023 1619 4063 n:
1664 4007 1802 4065 318
1843 4004 1923 4064 ad
1963 4006 2137 4080 3283
2194 4012 2256 4064 et
2316 4022 2520 4081 supra

377 4119 448 4158 nt
496 4102 652 4159 107.
718 4101 875 4159 195.
932 4101 1127 4160 Homo
1178 4102 1507 4177 spiritualis
1551 4103 1619 4161 fit
1667 4121 1775 4180 per
1807 4094 2384 4181 Regenerationem,
2447 4110 2517 4163 et

376 4199 776 4277 Regeneratio
821 4198 887 4258 fit
933 4218 1042 4277 per
1077 4218 1294 4278 aquam
1330 4207 1390 4261 et
1425 4203 1733 4279 spiritum,
1772 4203 1887 4263 hoc
1926 4209 2051 4278 est,
2109 4220 2223 4280 per
2260 4219 2406 4263 vera
2446 4210 2516 4262 et
