2791 4778
430 344 666 403 CAPUT
718 343 1067 412 QUINTUM.
1740 343 1967 412 ‘VERst
2010 354 2062 408 4.
2114 357 2167 408 5.
2324 357 2394 409 35

270 504 612 586 Esaj20ap:
631 505 804 566 XIV:
831 507 942 562 12.
976 502 1125 579 Cap:
1145 500 1319 562 XXI:
1347 503 1407 560 9.
1441 499 1589 579 Cap:
1607 500 1811 563 XXV:
1841 507 1948 564 12.
1978 503 2127 583 Cap:
2156 505 2395 570 XXVI:

277 614 308 669 1
330 612 393 668 9.
417 610 530 666 21.
571 604 718 684 Cap:
746 602 986 664 XXIX:
1013 606 1077 661 4.
1111 600 1532 678 Gap:XLVII:
1558 603 1616 661 1.
1649 601 1794 680 Cap:
1825 603 2050 665 LXIII:
2081 609 2139 666 6.
2175 607 2398 669 Thrsn:

270 706 666 787 Cap:II:2.
706 708 814 765 10.
852 702 1089 764 Ezech:
1140 701 1299 778 Cap:
1329 701 1579 762 XXVI:
1615 705 1728 763 20.
1776 703 1924 780 Cap:
1954 706 2238 767 XXXII:
2281 710 2393 768 24.

266 810 466 870 Num:
494 807 665 868 XVI:
709 808 797 865 29
830 804 908 862 ad
950 806 1060 864 33.
1113 802 1274 878 Cap:
1312 800 1564 863 XXVI:
1611 807 1732 862 1οε
1770 812 1831 863 et
1866 805 2025 865 alibi.

431 909 593 968 305.
644 907 833 966 Vers:
876 908 938 963 4.
984 905 1041 964 5.
1090 901 1190 962 Et
1228 921 1341 982 eqo
1386 901 1611 975 flebam
1648 902 1951 980 multum,
2010 906 2178 986 quod
2218 925 2395 968 nemo

266 1009 518 1090 dignus
545 1007 835 1068 inventus
862 1003 1109 1084 aperire
1133 1007 1192 1063 et
1228 1001 1431 1083 leyere
1455 1001 1715 1079 librum,
1757 1023 1866 1065 nec
1899 1006 2209 1086 inspicere
2230 1026 2392 1069 eum.

268 1110 370 1172 Et
404 1128 575 1172 unus
610 1125 692 1168 ea>
729 1104 1097 1168 Senioribus
1131 1102 1294 1164 dicit
1327 1103 1517 1179 mihi,
1562 1124 1639 1164 ne
1666 1105 1849 1183 fleta,
1897 1126 2027 1168 ecee
2062 1107 2216 1168 vicit
2241 1107 2397 1180 Lea,

263 1211 385 1292 qui
419 1215 517 1271 est
550 1227 631 1270 eoe
675 1207 846 1268 tribu
881 1202 1195 1279 Jehuda'e,
1248 1204 1453 1265 radim
1490 1203 1817 1282 Danieli-3,
1873 1208 2121 1286 aperire
2162 1205 2399 1271 librum

267 1318 332 1372 et
370 1308 612 1372 solvere
646 1313 881 1387 ‚septem
917 1302 1148 1386 siyilla
1184 1304 1337 1388 ejus.
1398 1305 1476 1365 Et
1511 1322 1623 1382 ego
1657 1307 1876 1366 flebam
1910 1309 2180 1385 multum,
2234 1310 2397 1387 quod

273 1430 457 1472 nemo
496 1411 711 1486 dignus
746 1411 1025 1466 inventus
1063 1410 1298 1482 aperire
1349 1412 1410 1465 et
1442 1406 1647 1483 legere
1683 1407 1901 1467 librum
1949 1426 2062 1470 nec
2097 1413 2398 1487 inspicere

196 1520 215 1537 s
276 1529 458 1581 eum,
495 1510 790 1587 significat
824 1508 1087 1566 dolorem
1126 1507 1320 1565 cordis
1357 1506 1962 1568 ob'inordinationem
2002 1517 2063 1570 et
2093 1512 2400 1570 interitum

272 1613 566 1685 onmium,
605 1613 656 1669 si
691 1625 864 1668 nemo
888 1613 1099 1685 posset
1133 1624 1338 1667 omnes
1369 1614 1429 1667 et
1457 1609 1657 1667 omnia
1686 1626 1893 1669 eorum
1918 1613 2094 1687 scire,
2133 1627 2397 1689 cognos-

269 1729 417 1774 cere
458 1718 519 1770 et
554 1710 900 1788 explorare:
939 1717 999 1769 et
1024 1725 1179 1768 unus
1218 1725 1293 1766 ex
1320 1706 1687 1782 Senioribus,
1726 1711 2021 1786 significat
2046 1713 2399 1772 societatem

271 1813 433 1874 coeli
471 1829 629 1888 quae
665 1828 814 1888 prae
849 1811 1099 1888 reliquis
1136 1811 1197 1867 in
1231 1810 1564 1885 sapientia:
1619 1809 1763 1869 dicit
1797 1810 1942 1869 mihi
1975 1828 2050 1871 ne
2085 1811 2255 1887 ssew,
2306 1813 2396 1872 si·

269 1914 517 1992 gnificat
552 1929 625 1970 ne
663 1914 741 1970 sit
775 1911 942 1971 dolor
976 1910 1146 1970 inde:
1202 1926 1342 1969 ecce
1376 1911 1519 1969 vicit
1554 1909 1708 1982 Leo,
1744 1911 2040 1988 significat
2072 1912 2401 1972 Dominum

273 2014 439 2092 quod
489 2031 563 2073 ex
599 2013 846 2090 propria
891 2012 1163 2088 potentia
1206 2010 1622 2087 subjugaverit
1669 2012 1934 2087 inferna,
1992 2018 2053 2072 et
2097 2013 2401 2091 redegerit

273 2116 478 2175 omnia
511 2116 573 2172 in
608 2113 792 2172 coelis
829 2114 889 2172 in
925 2112 1225 2172 ordinem:
1283 2128 1357 2169 ex
1392 2110 1552 2169 tribu
1583 2111 1879 2186 Jehudae‚
1919 2113 2088 2173 radix
2121 2108 2398 2189 Dav‘idis,

275 2215 576 2293 significat
608 2232 719 2290 per
743 2213 1029 2272 Divinum
1056 2212 1289 2270 Bonum
1326 2212 1557 2270 unitum
1583 2212 1801 2272 Divino
1833 2215 1994 2275 Vero
2028 2216 2091 2273 in
2126 2230 2236 2273 suo
2263 2214 2401 2273 Hu-

274 2332 486 2374 mano:
534 2317 781 2392 aperire
815 2314 1062 2386 librum,
1119 2319 1180 2372 et
1214 2312 1452 2371 solvere
1487 2318 1722 2388 septem
1756 2314 1957 2391 sigilla
1993 2314 2123 2391 ejus
2136 2357 2154 2389 ,
2205 2315 2400 2391 signi-

275 2417 421 2476 ficat
456 2415 618 2492 quod
654 2414 806 2474 sciat
842 2423 902 2474 et
942 2420 1264 2492 cognoscat
1299 2430 1504 2474 omnes
1558 2421 1618 2474 et
1652 2414 1920 2491 singulos
1932 2460 1949 2490 ,
2007 2421 2067 2473 et
2111 2414 2402 2474 occultis-

278 2519 434 2575 sima
469 2516 753 2592 cujusviS.

447 2616 607 2673 306.
660 2615 737 2673 Et
775 2629 886 2692 ego
921 2614 1136 2674 flebam
1170 2614 1439 2689 multum,
1481 2616 1640 2693 quod
1668 2635 1841 2677 nemo
1870 2616 2082 2693 dignus
2117 2618 2400 2678 inventus

279 2718 523 2794 aperire
561 2720 622 2773 et
654 2714 857 2792 legere
891 2714 1105 2774 librum
1170 2734 1283 2776 nec
1328 2718 1627 2793 inspicere
1676 2736 1841 2791 eum,
1897 2716 2059 2793 quod
2104 2718 2402 2795 significet

279 2816 553 2877 dolorem
580 2815 775 2875 cordis
813 2797 1409 2876 obinordinationem
1448 2824 1508 2876 et
1531 2820 1833 2879 interitum
1860 2820 2120 2878 onmium
2146 2820 2200 2879 si
2223 2833 2402 2879 nemo

273 2924 488 2996 posset
523 2933 730 2976 omnes
768 2922 830 2976 et
864 2919 1063 2976 omnia
1099 2934 1309 2977 eorum
1335 2919 1525 2988 scire,
1562 2934 1927 2997 cognoscere
1967 2925 2027 2978 et
2062 2919 2401 2997 explorare,

274 3023 516 3079 constat
555 3036 630 3078 ex
665 3017 1097 3093 significatione
1133 3018 1277 3077 flere
1315 3018 1476 3095 quod
1510 3021 1589 3078 sit
1624 3020 1846 3095 dolere,
1885 3019 2022 3079 inde
2056 3020 2200 3080 flere
2238 3019 2397 3079 mul-·

275 3126 400 3179 tum
439 3125 541 3179 est
576 3117 780 3177 dolere
834 3135 909 3177 ex
945 3118 1123 3177 corde
1163 3134 1271 3177 seu
1309 3118 1477 3177 dolor
1513 3121 1740 3197 cordis3
1797 3120 1956 3197 quod
2001 3123 2082 3181 sit
2117 3120 2192 3179 ob
2227 3123 2395 3180 inor-

271 3221 644 3279 dinationem
680 3224 741 3278 et
772 3220 1076 3278 interitum
1103 3221 1383 3291 omnium,
1421 3222 1719 3297 sequitur3
1760 3229 1821 3281 et
1859 3238 1933 3280 ex
1963 3220 2398 3299 significatione

271 3321 430 3397 quod
467 3336 647 3379 nemo
683 3319 900 3396 dignus
946 3320 1228 3379 inventus
1276 3321 1513 3397 aperire
1551 3327 1611 3380 et
1643 3322 1851 3399 legere
1886 3321 2106 3380 librum
2151 3336 2265 3381 nec
2300 3322 2398 3378 in·-

269 3423 508 3499 spicere
552 3438 718 3494 eum,
777 3420 938 3495 quod
985 3421 1063 3478 sit
1118 3420 1278 3497 quod
1329 3437 1505 3479 nemo
1561 3422 1700 3481 talis
1753 3424 1834 3481 sit
1886 3427 1951 3478 ut
2002 3422 2157 3479 scire
2205 3419 2404 3495 possit

271 3528 465 3581 status
500 3522 669 3580 vitae
706 3522 966 3579 omnium
997 3522 1059 3578 in
1097 3524 1392 3581 communi
1431 3526 1492 3578 et
1526 3522 1893 3599 singulorum
1930 3522 1994 3578 in
2027 3516 2401 3597 particulari,

273 3619 353 3679 de
387 3637 506 3697 qua
539 3637 730 3698 snpra
763 3638 832 3679 n:
867 3622 1029 3680 303.
1065 3622 1202 3681 304
1222 3640 1238 3697 3
1294 3638 1405 3680 seu
1441 3621 1606 3697 quod
1637 3623 1813 3695 idem,
1854 3620 2017 3697 quod
2050 3636 2224 3680 nemo
2260 3617 2402 3680 talis

276 3720 354 3777 sit
387 3726 454 3777 ut
485 3723 679 3796 possit
713 3737 918 3781 omnes
957 3728 1019 3780 et
1055 3724 1253 3781 omnia
1289 3739 1495 3781 eorum
1532 3725 1688 3782 scire
1709 3766 1728 3794 ,
1779 3737 2147 3798 cognoscere
2198 3725 2258 3781 et
2291 3737 2398 3781 ex·

276 3817 553 3894 plorare.
617 3819 794 3896 Quod
841 3823 1055 3882 attinet
1109 3822 1374 3883 dolorem
1422 3822 1645 3898 cordis,
1714 3824 1818 3901 qui
1868 3822 2240 3900 significatur
2287 3838 2401 3900 per

276 3917 496 3976 flebam
528 3920 801 3998 multum,
857 3922 932 3981 ob
981 3923 1482 3984 inordinationem
1532 3931 1595 3984 et
1643 3925 1948 3984 interitum
2000 3924 2293 3994 omnium,
2344 3922 2401 3982 si

277 4034 461 4076 nemo
493 4018 629 4080 talis
655 4022 764 4098 sit,
811 4028 878 4081 ut
912 4026 1104 4100 possit
1130 4041 1336 4085 omnes
1374 4030 1436 4085 et
1462 4027 1662 4085 omnia
1691 4042 1900 4085 eorum
1926 4027 2102 4095 scire,
2138 4038 2400 4101 cognosae

278 4133 420 4177 cere
458 4124 519 4178 et
555 4119 893 4200 explorare,
948 4125 1129 4185 velim
1161 4128 1375 4203 paucis
1416 4143 1754 4203 exponere:
1809 4132 1877 4184 ut
1904 4125 2155 4187 Ocelum
2190 4123 2399 4199 Ange-
2467 4111 2473 4118 ’

267 4217 453 4280 licum
485 4221 701 4282 existat
730 4228 789 4285 et
815 4224 1121 4300 subsistat,
1147 4232 1329 4285 erunt
1350 4228 1548 4287 omnia
1582 4226 1664 4287 ibi
1689 4230 1750 4286 in
1782 4225 2005 4299 ordine,
2044 4222 2192 4283 illud
2222 4223 2397 4291 enim,

1959 4324 1995 4379 3
2036 4317 2073 4357 a:
