2791 4778
531 352 602 403 14
730 338 1223 395 APOCALYPSIS
1267 338 1698 403 EXPLICATA,
1762 338 1810 406 ᾗ.
1857 346 1987 399 302.
2034 347 2166 399 303.
2212 347 2344 403 304.
2522 337 2619 408 ξ’·ςζέ

529 503 686 561 sicut
721 496 1201 574 unus‘Angelus,
1239 496 1513 556 similiter
1548 498 1919 573 unaquaevis
1956 494 2229 557 Societas
2267 495 2471 572 Coeli,
2520 518 2645 576 que

530 605 779 676 propter
809 615 922 674 per
957 597 1254 673 Angelum
1289 599 1350 654 in
1389 596 1589 655 Verbo
1625 613 1742 655 non
1777 595 2130 672 intelligitur
2163 614 2319 656 unus
2359 598 2645 675 Angelus

531 699 643 758 sed
675 701 910 773 integra
945 696 1214 757 Societas
1250 695 1572 772 Angelica,
1612 702 1679 755 ut
1711 713 1825 771 per
1857 695 2240 771 Michaelem,
2282 696 2645 759 Gabrielen

529 778 935 875 Raphae‘lem‚
1003 796 1099 854 hic
1146 798 1348 871 itaque
1410 813 1521 871 per
1566 795 1865 872 Angelum
1929 796 2142 857 fortem
2199 797 2645 874 praedicanter

529 914 680 958 voce
727 887 947 972 magna
994 895 1360 972 significatur
1407 895 1666 955 influxus
1713 895 1956 955 Domini
2020 898 2080 955 in
2128 903 2316 955 totum
2369 897 2645 958 Ocelum

531 994 705 1073 quod'
722 999 784 1054 in
821 1002 1008 1055 totum
1046 994 1320 1069 Coelum,
1380 997 1559 1054 etiam
1594 1002 1764 1071 patet
1798 1013 1834 1053 a
1874 997 2281 1071 sequentibus,
2319 1014 2470 1056 nam
2509 998 2641 1058 diei

529 1105 658 1172 tur,
716 1102 775 1156 et
824 1113 995 1154 nemo
1031 1098 1230 1171 potuit
1280 1098 1341 1153 in
1380 1094 1593 1169 Coelo,
1649 1112 1760 1156 nec
1809 1111 1995 1173 super
2045 1103 2231 1172 terra,
2287 1112 2497 1173 neque
2548 1099 2645 1159 sul

527 1204 719 1270 terra,
758 1197 991 1272 aperire
1031 1194 1247 1253 librum
1284 1201 1346 1255 et
1379 1197 1679 1271 inspicere
1718 1213 1884 1255 eum:
1941 1196 2102 1272 quod
2134 1214 2246 1273 per
2280 1197 2565 1275 Angelos
2605 1202 2646 1258 i1

530 1296 731 1357 Verbo
767 1295 1174 1371 intelligantur
1218 1297 1485 1371 integrae
1524 1293 1859 1355 Societates
1896 1296 2078 1371 coeli,
2135 1313 2207 1357 ac
2253 1298 2314 1355 in
2365 1312 2645 1373 supreme

527 1413 710 1457 sensu
759 1396 1054 1455 Dominus
1117 1394 1313 1471 quoad
1348 1394 1630 1453 Divinum
1669 1383 1896 1455 Veru'm
1950 1396 2316 1473 procedenS,
2372 1397 2645 1458 videam]

526 1513 713 1573 supra
746 1514 822 1555 n:
867 1499 976 1555 90.
1023 1495 1183 1554 130.
1228 1497 1401 1555 20οε
1458 1500 1518 1553 et
1554 1495 1714 1571 quod
1761 1502 1951 1554 totum
1989 1494 2237 1557 Goelum
2274 1512 2481 1556 coram
2517 1497 2645 1557 Do-

484 1597 682 1681 *mino
720 1597 800 1654 sit
835 1597 990 1654 sicut
1022 1611 1176 1654 unus
1212 1595 1408 1654 Homo
1444 1611 1555 1654 seu
1591 1598 1750 1654 sicut
1782 1611 1937 1654 unus
1973 1595 2271 1673 Angelus,
2307 1602 2369 1655 et
2410 1613 2645 1675 quoque

527 1697 899 1772 unaquaevis
948 1694 1220 1754 Societas
1267 1693 1465 1769 Coeli,
1519 1698 1581 1754 in
1626 1693 1828 1772 Opere
1877 1695 1950 1755 de
2002 1695 2204 1757 Coeno
2253 1714 2331 1755 m·
2367 1694 2645 1757 luteam

525 1812 596 1852 nt
644 1795 727 1854 59
771 1794 848 1852 ad
889 1796 1000 1853 87.

685 1894 847 1953 303.
917 1893 1065 1968 Quis
1122 1899 1214 1952 est
1250 1893 1464 1969 dignus
1519 1896 1753 1971 aperire
1804 1895 2019 1954 librum
2072 1900 2133 1955 et
2168 1894 2408 1955 solvere
2446 1897 2645 1974 sigilla

529 1993 689 2070 ejus,
746 1993 907 2068 quod
941 1993 1234 2069 significet
1280 2010 1422 2051 num
1457 1993 1615 2053 ullus
1678 1994 1759 2053 ibi
1794 1995 1931 2054 talis
1969 2001 2064 2055 est
2111 2000 2176 2053 ut
2214 1998 2365 2055 sciat
2402 2003 2463 2056 et
2496 2015 2645 2074 per-

529 2094 712 2168 cipiat
747 2097 939 2151 status
974 2095 1134 2151 vitae
1171 2094 1464 2167 omnium,
1523 2099 1757 2153 constat
1795 2111 1870 2153 ex
1905 2095 2337 2172 significatione
2380 2099 2513 2171 quis
2550 2103 2646 2157 est

529 2191 774 2267 dignus,
827 2192 985 2267 quod
1020 2193 1099 2250 sit
1134 2193 1230 2251 cui
1265 2194 1540 2251 meritum
1578 2200 1637 2252 et
1663 2192 1927 2270 justitia,
1980 2202 2047 2253 et
2081 2197 2177 2254 cui
2212 2198 2642 2268 omniscientia,

525 2295 610 2351 ita
643 2310 780 2349 num
819 2291 979 2350 ullus
1027 2292 1162 2350 talis
1201 2293 1313 2366 sit;
1371 2293 1534 2368 quod
1593 2311 1703 2369 per
1739 2294 2013 2370 dignum,
2066 2311 2198 2354 cum
2253 2295 2327 2355 de
2361 2296 2636 2372 Domino,

523 2392 897 2472 significetur
930 2395 1205 2453 meritum
1238 2399 1304 2452 'et
1325 2394 1582 2471 justitia,
1624 2412 1778 2472 quae
1806 2395 1935 2471 Ipsi
1962 2394 2113 2469 Soli,
2152 2396 2423 2455 videatur
2447 2413 2636 2471 supra

522 2511 594 2553 n:
638 2495 775 2553 293
795 2514 811 2570 3
869 2500 928 2553 et
964 2494 1124 2570 quod
1160 2492 1621 2567 Omniscientia,
1661 2500 1830 2570 patet
1865 2512 1902 2552 a
1937 2496 2357 2572 sequentibus,
2404 2494 2501 2553 ubi
2536 2494 2633 2553 di-

522 2596 704 2665 citur,
758 2595 916 2670 quod
950 2594 1160 2670 Agnus
1197 2597 1500 2670 acceperit
1535 2612 1572 2653 a
1608 2595 1820 2653 dextra
1854 2593 2137 2654 Sedentis
2174 2612 2360 2672 super
2396 2595 2633 2655 Throno

522 2691 768 2767 librum,
825 2700 886 2752 et
946 2695 1248 2770 aperuerit
1308 2693 1506 2767 illum,
1562 2712 1673 2769 per
1738 2694 2009 2754 dextram
2070 2697 2227 2754 enim
2274 2696 2630 2773 significatur

526 2790 956 2851 Omniscientia
1016 2798 1075 2851 et
1125 2790 1600 2868 omnipotentia,
1667 2794 1945 2853 videatur
1987 2811 2174 2871 supra
2220 2813 2289 2853 n:
2334 2798 2499 2871 2973
2552 2812 2627 2855 ex

524 2890 958 2967 significatione
994 2889 1163 2961 libri,
1220 2891 1380 2967 quod
1415 2893 1494 2951 sit
1527 2898 1719 2952 status
1756 2895 1917 2953 vitae
1955 2896 2212 2954 omnium
2247 2898 2307 2953 in
2342 2898 2629 2955 communi

524 2997 584 3049 et
631 2992 694 3050 in
728 2989 1105 3068 particulari,
1163 2990 1238 3049 de
1290 3008 1410 3066 qua
1459 3009 1595 3051 mox
1655 2987 1843 3069 supra
1893 3012 1963 3054 n:
2008 2997 2145 3054 299
2171 3013 2189 3068 ;
2243 3001 2412 3053 etex
2445 2997 2627 3072 signi-

520 3090 797 3149 ficatione
834 3092 1067 3166 aperire
1102 3090 1270 3149 illum
1327 3096 1386 3149 et
1435 3091 1671 3152 solvere
1720 3093 1919 3169 sigilla
1955 3094 2117 3169 ejuS,
2173 3094 2331 3171 quod
2366 3097 2441 3153 sit
2472 3097 2623 3155 scire

523 3195 584 3248 et
616 3192 961 3265 percipere,
1016 3207 1151 3249 nam
1199 3207 1334 3249 cum
1361 3190 1524 3265 ⁸liber
1557 3192 1853 3269 significat
1911 3199 2107 3251 status
2143 3195 2305 3253 vitae
2353 3197 2618 3270 omnium,

509 3296 658 3349 'tunc
695 3291 930 3366 aperire
991 3296 1052 3349 et
1111 3289 1347 3349 solvere
1409 3292 1641 3368 sigilla,
1709 3291 2004 3368 significat
2038 3292 2191 3352 scire
2228 3299 2290 3354 et
2321 3296 2619 3371 percipere

516 3389 683 3459 illoS‚
736 3391 890 3449 scire
928 3391 1084 3449 enim
1133 3396 1194 3449 et
1236 3393 1550 3467 percipere
1585 3391 1972 3469 praedicatur
2017 3392 2089 3452 de
2126 3399 2287 3451 statu
2321 3396 2502 3466 vitae,
2555 3400 2618 3453 at

518 3494 751 3567 aperire
791 3497 852 3549 et
886 3490 1123 3550 solvere
1159 3489 1358 3565 sigilla
1392 3491 1468 3550 de
1503 3491 1686 3565 libro,
1741 3494 1827 3551 ita
1862 3492 2049 3552 verba
2082 3494 2143 3549 in
2177 3508 2363 3551 sensu
2394 3495 2614 3551 interno

519 3590 1040 3650 accommodantur
1086 3589 1268 3648 rebus
1319 3607 1476 3665 quae
1530 3591 1939 3668 significantur
1972 3608 2086 3668 per
2121 3591 2307 3650 verba
2349 3594 2407 3650 in
2439 3608 2614 3651 sensu

515 3690 760 3763 literae,
801 3689 1270 3765 correspondent
1296 3707 1587 3766 namque3
1643 3709 1829 3767 quare
1861 3693 2095 3768 aperire
2124 3691 2415 3766 significat
2446 3693 2611 3762 scire,

515 3805 589 3849 ac
615 3789 853 3848 solvere
887 3789 1086 3865 sigilla
1111 3788 1407 3865 significat
1432 3792 1745 3868 percipere
1783 3808 1946 3869 quae
1975 3791 2108 3850 aliis
2135 3807 2382 3867 prorsus
2406 3808 2604 3852 recon-

517 3890 643 3949 dita
677 3893 846 3960 sunt,
898 3894 964 3949 ut
999 3905 1188 3965 supra
1218 3906 1288 3947 n:
1332 3891 1495 3950 300.

673 3989 836 4049 304.
889 3989 966 4047 Et
999 4006 1173 4048 nemo
1208 3991 1407 4065 potuit
1436 3991 1499 4047 in
1536 3987 1750 4063 Coelo,
1807 4006 1919 4049 nec
1966 4006 2154 4067 super
2187 3995 2374 4066 terra,
2425 4005 2606 4066 neque

513 4087 627 4147 sub
663 4094 854 4159 terra,
909 4092 1145 4165 aperire
1181 4087 1399 4147 librum
1434 4104 1545 4147 nec
1579 4090 1874 4165 inspicere
1912 4107 2082 4165 eum,
2140 4091 2302 4167 quod
2336 4089 2601 4168 significet

512 4188 1070 4263 manifestationem,
1111 4186 1269 4262 quod
1304 4203 1379 4246 ne
1407 4186 1593 4245 hilum
1621 4188 1836 4266 aliquis
1873 4189 1946 4250 de
1975 4195 2139 4250 statu
2168 4192 2329 4251 vitae
2351 4192 2599 4250 ‘omnium
