2791 4778
412 317 651 382 CAPUT
703 316 1048 387 QUINTUM.
1840 315 2048 371 VERS=
2094 327 2149 379 6.
2305 327 2374 382 55

253 487 317 542 et
355 481 552 556 veris;
605 497 717 558 per
749 479 966 539 Filium
1001 477 1281 538 dilectum
1317 475 1667 554 intelligitur
1701 476 1991 535 Dominus
2013 477 2227 552 ¹quoad
2262 479 2374 538 Di-

247 584 460 643 vinum
495 581 751 655 Verum,
793 579 911 656 Qui
947 578 1083 637 inde
1121 579 1299 636 etiam
1333 583 1584 635 vocatur
1618 575 1917 652 Verbum3
1974 576 2133 653 quod
2170 577 2374 654 eJece-

246 685 369 742 rint
420 681 604 741 Illum
657 687 834 741 extra*
861 679 1118 739 Vineam
1170 684 1230 736 et
1282 676 1641 746 occiderint,
1708 676 2001 753 significat
2050 676 2210 753 quod
2256 696 2376 737 non

247 782 433 842 modo
470 781 718 858 Ipsum,
767 780 875 840 sed
911 782 1089 839 etiam
1127 796 1299 838 omne
1325 779 1609 837 Divinum
1638 776 1865 836 Verum
1901 777 2062 854 quod
2095 777 2171 837 ab
2196 777 2372 857 Ipso;

249 883 534 944 videatur
585 884 765 942 etiam
815 898 1004 958 supra
1052 898 1121 939 n:
1166 881 1278 938 83.
1333 876 1515 955 Apud
1560 877 1875 935 Danielem
1915 876 2138 951 „Post
2174 877 2372 957 septi-

248 1001 488 1045 manae
532 981 879 1062 sexayinta
918 979 1087 1042 duaa
1129 978 1457 1040 excidetur
1496 975 1779 1038 Messias
1794 1022 1808 1052 ,
1867 976 1980 1038 sed
2030 996 2155 1039 non
2189 977 2316 1039 sibi
2334 982 2372 1012 “

245 1083 364 1143 IX:
404 1086 534 1159 263
587 1100 699 1159 per
733 1083 1020 1141 Messiam
1057 1083 1236 1141 etiam
1270 1079 1618 1154 intelligitur
1642 1079 1934 1138 Dominus
1972 1079 2171 1156 quoad
2195 1079 2372 1144 Divi-

248 1202 393 1242 num
433 1183 701 1252 Verum,
751 1181 1031 1241 videatur
1064 1199 1134 1240 n:
1181 1182 1392 1239 3008.
1440 1181 1659 1255 30093
1715 1179 1873 1256 quod
1916 1178 2030 1240 Ille
2066 1179 2377 1240 excidetur

247 1283 553 1361 significat
586 1300 705 1343 non
739 1282 937 1341 solum
974 1281 1135 1358 quod
1158 1279 1337 1356 Ipse,
1373 1279 1481 1339 sed
1512 1280 1691 1338 etiam
1729 1297 1900 1339 omne
1936 1280 2221 1339 Divinum
2246 1280 2377 1340 Ve-

253 1401 392 1440 rum
431 1382 594 1458 apud
642 1383 809 1441 illum
843 1381 1163 1459 populum3
1219 1380 1328 1440 sed
1369 1398 1488 1440 non
1523 1379 1663 1453 sibi,
1720 1380 2015 1457 significat
2068 1381 2227 1457 quod
2270 1399 2369 1441 re·
2414 1387 2573 1449 [379]

255 1485 564 1541 victurum
610 1485 689 1542 sit
735 1483 897 1559 apud
948 1482 1085 1542 illos
1149 1483 1252 1558 qui
1298 1483 1358 1540 in
1409 1498 1568 1541 nova
1601 1479 1902 1554 Ecclesia,
1970 1480 2167 1542 simile
2216 1481 2374 1558 quod

254 1598 449 1658 supra
486 1580 696 1659 Capite
729 1584 926 1642 Primo
960 1582 1420 1660 Apocalypseos
1460 1580 1602 1655 „Et
1636 1579 1749 1660 qui
1786 1580 2027 1652 vivens,
2066 1585 2128 1641 et
2147 1582 2376 1663 factus

252 1701 405 1743 cum
441 1687 758 1756 mortuae,
812 1687 873 1743 et
905 1701 1034 1744 ecce
1071 1682 1286 1744 vivens
1319 1701 1467 1745 cum
1499 1681 1569 1744 in
1612 1678 1868 1744 saecula
1915 1679 2311 1745 saeculorum
2335 1686 2372 1716 “

252 1783 448 1843 Vers:
495 1787 524 1842 1
546 1785 605 1843 8.

416 1886 454 1945 3
473 1888 501 1944 1
525 1888 583 1944 6.
621 1884 960 1946 Habentem
987 1902 1213 1946 cornua
1237 1893 1493 1962 septem,
1522 1883 1680 1962 quod
1704 1884 2000 1962 significet
2026 1883 2138 1944 Cui
2165 1883 2373 1946 Omni-

254 1987 559 2061 potentia,
616 1992 853 2045 constat
903 2005 979 2047 ex
1026 1986 1456 2063 significatione
1494 1984 1725 2050 Cornu,
1778 1985 1936 2062 quod
1982 1988 2063 2045 sit
2105 1988 2376 2062 potentia

254 2087 381 2144 veri
415 2091 627 2145 contra
665 2085 883 2145 salsum
903 2130 921 2161 ,
978 2092 1042 2146 at
1088 2102 1223 2145 cum
1260 2086 1334 2145 de
1368 2087 1653 2161 Domino,
1712 2086 1871 2161 quod
1918 2089 1996 2146 sit
2030 2087 2220 2146 omnis
2254 2103 2371 2162 po-

254 2188 438 2245 tentia
473 2203 586 2246 seu
622 2185 1101 2264 Omnipotentia3
1140 2187 1300 2264 quod
1328 2188 1539 2264 Agnus
1576 2188 1743 2245 visus
1778 2189 1857 2246 sit
1889 2186 2114 2246 habere
2151 2204 2375 2245 cornua

257 2302 502 2345 numero
541 2293 802 2365 septem,
859 2294 991 2347 erat
1026 2288 1164 2365 quia
1198 2305 1309 2364 per
1343 2294 1578 2364 septem
1613 2286 2022 2363 significantur
2056 2288 2272 2360 omnia,
2315 2294 2376 2345 et

258 2386 687 2461 praedicantur
726 2389 799 2448 de
827 2396 1069 2465 sancto,
1108 2388 1384 2448 videatur
1420 2406 1608 2466 supra
1641 2406 1711 2447 n:
1756 2387 1919 2447 257:
1975 2385 2135 2465 quod
2172 2384 2373 2446 Cornu

262 2491 324 2542 et
359 2486 598 2545 Cornua
633 2488 1352 2565 significentpotentiam,
1410 2496 1503 2548 est
1539 2490 1680 2566 quia
1725 2489 1995 2564 potentia
2028 2486 2371 2547 animalium

263 2593 672 2662 cornutorum,
728 2595 793 2646 ut
843 2589 1053 2664 boum,
1110 2591 1402 2660 arietum,
1463 2590 1786 2663 hircorum,
1856 2595 1918 2647 et
1970 2588 2257 2658 aliorum,
2310 2591 2371 2648 in

263 2685 560 2745 cornubus
599 2691 883 2748 consistit.
919 2690 1092 2765 Quod
1123 2690 1321 2751 Cornu
1358 2708 1469 2750 seu
1508 2689 1745 2751 Cornua
1782 2689 2118 2767 significent
2151 2696 2372 2766 poten-.-

262 2787 402 2844 tiam
440 2790 569 2848 veri
612 2796 818 2848 contra
862 2790 1110 2863 falsum,
1164 2808 1237 2850 ac
1281 2794 1341 2849 in
1388 2808 1670 2869 supremo
1717 2808 1929 2863 sensu,
1983 2792 2083 2850 ubi
2132 2790 2204 2849 de
2242 2791 2372 2849 Do-

255 2888 436 2963 mino,
494 2888 1034 2966 Omnipotentiam,
1092 2893 1268 2952 acin
1304 2895 1580 2969 opposito
1627 2909 1810 2953 sensu
1862 2894 2200 2969 potentiam,
2235 2892 2373 2951 falsi

253 2994 457 3047 contra
505 3007 748 3060 verum,
802 2997 1038 3052 constat
1087 3009 1162 3052 ex
1196 2992 1471 3069 pluribus
1512 2993 1661 3052 locis
1710 2996 1772 3052 in
1818 2993 2020 3053 Verbo
2034 3014 2052 3069 3
2121 2999 2181 3052 et
2229 2996 2370 3068 quia

250 3088 384 3148 inde
417 3096 618 3166 patet,
659 3092 802 3167 quid
836 3092 1170 3167 significant
1217 3109 1443 3152 cornua
1474 3096 1537 3152 in
1574 3094 1819 3167 Verbo,
1861 3112 2111 3169 quorum
2146 3095 2367 3151 mentio

253 3190 424 3249 toties
469 3191 540 3250 fit
577 3191 742 3267 apud
776 3185 1133 3266 Danielem,
1185 3199 1246 3253 et
1283 3210 1524 3270 quoque
1569 3195 1631 3252 in
1669 3194 2068 3270 Apocalypsi,
2122 3200 2181 3253 et
2228 3196 2370 3270 quia

253 3287 443 3349 adhuc
489 3293 555 3350 in
591 3308 709 3351 usu
756 3299 897 3351 sunt
947 3294 1009 3351 in
1059 3295 1437 3354 coronatione
1470 3293 1734 3370 Regum,
1786 3294 1967 3353 velim
2001 3294 2107 3352 illa
2142 3295 2201 3351 in
2238 3312 2366 3351 me-

251 3386 409 3449 dium
445 3393 663 3467 affere3
718 3392 881 3468 apud
915 3392 1294 3453 Ezechielem
1345 3437 1384 3469 „
1407 3393 1491 3455 In
1528 3393 1633 3454 die
1669 3391 1783 3454 illo
1824 3411 2088 3455 creseere
2114 3391 2371 3471 faciam

252 3484 455 3551 Cornu
481 3491 709 3553 domui
733 3489 1038 3569 Israelis,
1080 3498 1140 3553 et
1166 3492 1284 3554 tibi
1310 3493 1471 3555 dabo
1496 3495 1881 3573 apertionem.
1907 3491 2041 3553 oris
2070 3491 2141 3550 in
2162 3488 2369 3550 medio

255 3602 485 3665 eorum,
564 3597 640 3654 ut
701 3598 1078 3673 coquo-scant
1125 3593 1293 3673 quod
1329 3593 1489 3675 «Eyo
1541 3592 1879 3655 Jehovah‘<
1934 3590 2187 3651 XXIX:
2243 3593 2367 3665 213

261 3699 529 3751 crescere
574 3693 790 3779 faciam
858 3712 1044 3754 cornu
1104 3693 1302 3753 domui
1349 3695 1627 3774 Israelis,
1697 3694 1992 3772 significat
2051 3698 2260 3753 verum
2308 3694 2396 3752 in'

262 3781 649 3867 abundantia,
707 3793 914 3853 domus
949 3794 1194 3855 Israelis
1234 3802 1326 3854 est
1360 3796 1637 3855 Ecclesia
1649 3816 1666 3871 3
1722 3798 1863 3872 quia
1912 3795 1971 3854 id
2004 3794 2370 3872 significatur

262 3896 372 3957 per
407 3902 586 3949 cornu
621 3899 681 3952 et
717 3894 846 3971 ejus
878 3897 1299 3970 crescentiam,
1338 3896 1475 3956 ideo
1505 3898 1686 3955 etiam
1714 3897 1946 3972 dicitur,
1988 3904 2048 3955 et
2079 3896 2187 3955 tibi
2214 3895 2369 3954 dabo

259 3989 620 4057 apertionem
651 3997 789 4066 oris,
814 4014 927 4074 per
953 3996 1114 4073 quod
1140 3996 1493 4075 intelligitur
1516 3997 1883 4073 praedicatio
1909 3999 2052 4056 veri.
2089 3996 2160 4055 In
2189 3996 2369 4055 Libro

258 4077 290 4140 1
311 4080 601 4153 Samuelis
637 4092 1039 4168 „Eoealtavit
1063 4116 1129 4157 se
1147 4095 1356 4159 Cornu
1384 4096 1456 4159 in
1471 4093 1772 4173 Jehovah,
1803 4094 2153 4159 dilatatum
2176 4102 2273 4154 est
2299 4115 2370 4154 os

258 4197 458 4250 meum
487 4199 697 4258 eontra
728 4196 1022 4260 inimicos
1056 4217 1242 4274 meo&
1281 4197 1435 4278 quia
1464 4194 1709 4261 laetata
1737 4217 1879 4261 sum
1908 4196 1977 4258 in
2004 4194 2214 4258 salute
2239 4200 2369 4254 tna.
