2791 4778
497 389 568 438 6ss
810 373 1303 430 APOCALYPSIS
1347 372 1778 430 ExPLwA‘rA.
1861 372 1906 441 §.
1951 382 2078 434 318·
2135 382 2262 434 319.

496 537 634 597 inde
670 541 860 613 patet,
899 551 1004 593 cur
1039 532 1272 607 dicitur,
1311 532 1473 609 quod
1506 539 1743 609 septem
1780 530 1955 591 Oculi
1981 533 2140 609 Agni
2175 532 2450 593 dicantur
2480 550 2627 593 esse

500 645 738 714 septem
773 635 1033 712 Spiritus
1085 633 1203 692 Dei
1250 636 1453 692 emissi
1505 635 1567 693 in
1622 650 1856 692 omnem
1917 640 2173 708 terram,
2222 650 2333 710 per
2376 640 2626 711 septem

500 737 709 797 oculos
748 738 900 794 enim
937 732 1304 810 significatur
1330 732 1763 794 omniscientia
1809 750 1962 809 quae
1997 733 2257 793 Domino
2294 751 2369 792 ex
2393 734 2626 795 Divino

496 837 666 897 Bono
701 852 813 914 per
845 836 1131 894 Divinum
1167 833 1413 894 Verum.
1480 833 1656 910 Quod
1689 833 1826 892 inde
1880 835 1958 892 sit
1993 836 2182 893 omnis
2221 836 2522 912 sapientia
2557 842 2628 894 et

494 937 919 1014 intelligentia,
980 943 1075 994 est
1109 937 1251 1011 quia
1295 935 1474 993 homo
1510 951 1629 993 non
1663 941 1867 1011 potest
1903 934 2238 1011 intelligere
2291 952 2501 994 verum
2554 944 2626 995 et

496 1054 711 1116 sapere
761 1036 983 1096 bonum
1020 1053 1057 1093 a
1092 1052 1159 1094 se
1196 1035 1306 1094 sed
1342 1053 1378 1093 a
1404 1034 1695 1108 Domino,
1754 1040 1813 1092 et
1850 1037 2038 1094 omnis
2074 1037 2373 1112 sapientia
2419 1039 2485 1094 et
2514 1037 2621 1094 in-

495 1139 833 1215 telligentia
874 1143 969 1195 est
1002 1138 1129 1194 veri
1165 1154 1240 1194 ex
1273 1134 1467 1210 bono;
1522 1137 1639 1194 nisi
1673 1137 1974 1212 sapientia
2010 1142 2071 1193 et
2104 1135 2504 1212 intelligentia
2537 1153 2626 1195 ex

495 1239 599 1298 illo
647 1238 902 1297 formata
937 1239 1046 1311 sit,
1111 1253 1230 1296 non
1280 1243 1374 1295 est
1421 1238 1721 1312 sapientia
1771 1241 1832 1293 et
1876 1235 2307 1311 intelligentia,
2362 1235 2475 1295 sed
2522 1242 2625 1295 est

498 1339 754 1399 stultitia
807 1344 868 1396 et
911 1339 1145 1395 insania
1162 1381 1180 1410 ,
1256 1353 1410 1412 quae
1462 1340 1761 1413 apparent
1796 1352 1997 1396 coram
2035 1337 2239 1395 insciis
2292 1343 2352 1395 et
2413 1352 2624 1396 coram

499 1438 669 1498 malis
703 1441 861 1498 sicut
894 1440 1192 1514 sapientia
1227 1444 1289 1496 et
1322 1437 1748 1514 intelligentia,
1805 1454 1883 1495 ex
1919 1455 1990 1496 eo
2020 1436 2180 1512 quod
2212 1437 2380 1512 loqui
2415 1443 2481 1496 et
2510 1454 2622 1497 ra-

496 1541 768 1599 tiocinari
800 1540 1034 1616 possint
1069 1556 1144 1598 ex
1180 1539 1467 1597 memoria
1477 1557 1494 1612 3
1534 1539 1844 1615 proprium
1880 1539 2036 1597 enim
2072 1537 2328 1596 hominis
2362 1554 2485 1596 non
2520 1545 2624 1597 est

495 1643 610 1699 nisi
658 1657 837 1716 quam
877 1638 1100 1698 malum
1150 1644 1212 1697 et
1257 1638 1505 1713 falsum,
1558 1640 1867 1715 proprium
1911 1638 2042 1715 eJus
2079 1637 2486 1697 voluntarium
2520 1646 2624 1697 est

496 1740 746 1813 malum,
788 1746 848 1797 et
880 1741 1190 1815 proprium
1226 1740 1356 1817 eJus
1395 1737 1803 1797 intellectuale
1839 1738 1976 1797 inde
2014 1745 2108 1797 est
2144 1738 2363 1797 falsum
2379 1782 2398 1813 ,
2456 1755 2620 1815 qua-

495 1846 745 1918 propter
788 1839 1067 1914 quicquid
1104 1856 1179 1898 ex
1212 1841 1456 1915 proprio
1494 1845 1616 1915 est,
1656 1845 1863 1898 contra
1897 1840 2254 1916 sapientiam
2290 1844 2350 1897 et
2383 1839 2618 1899 intelli-

497 1942 758 2016 gentiam
799 1945 922 2012 est,
980 1945 1040 1997 et
1074 1939 1235 2015 quod
1287 1947 1496 1997 contra
1547 1940 1902 2017 sapientiam
1945 1945 2037 1998 est
2078 1939 2334 1999 stultitia
2370 1946 2496 2014 est,
2552 1947 2621 2000 et

500 2040 660 2116 quod
705 2045 911 2098 contra
945 2039 1400 2115 intelligentiam
1442 2041 1674 2099 insania
1716 2046 1843 2098 est:
1895 2039 2031 2099 inde
2070 2046 2345 2099 constare
2383 2046 2612 2118 potest,

498 2139 659 2216 quod
708 2141 821 2199 nisi
858 2141 1034 2199 homo
1084 2140 1354 2200 elevetur
1404 2158 1441 2199 a
1483 2156 1594 2201 suo
1646 2143 1890 2218 proprio
1933 2159 1970 2199 a
2003 2140 2292 2215 Domine,
2349 2141 2510 2217 quod
2543 2141 2618 2200 fit

498 2258 632 2300 cum
672 2243 885 2319 recipit
931 2240 1213 2302 Divinum
1248 2241 1478 2301 Verum
1526 2259 1644 2300 non
1692 2241 1887 2300 solum
1936 2243 2224 2300 memoria
2273 2241 2384 2300 sed
2428 2244 2613 2302 etiam

493 2345 650 2419 vita,
706 2360 954 2420 prorsus
1005 2359 1127 2402 non·
1170 2358 1387 2420 sapere
1436 2348 1497 2401 et
1543 2340 1877 2419 intelligere
1912 2343 2140 2421 possit3
2195 2341 2307 2402 sed
2350 2340 2614 2406 elevatio

492 2445 597 2504 illa
635 2463 672 2503 a
716 2447 960 2523 proprio
1008 2460 1045 2502 a
1077 2443 1366 2518 Domino,
1421 2462 1542 2504 non
1578 2448 1833 2521 apparet
1863 2445 2088 2503 homini
2133 2460 2244 2502 nec
2280 2444 2609 2522 percipitur

492 2544 566 2602 ab
606 2546 711 2605 illo
761 2544 1042 2621 quamdiu
1083 2547 1144 2603 in
1191 2543 1411 2604 mundo
1451 2551 1575 2618 est,
1631 2543 1739 2602 sed
1787 2550 1926 2604 tunc
1962 2546 2219 2622 primum
2263 2542 2492 2621 quando
2537 2544 2613 2602 in

494 2647 769 2721 spiritum
802 2663 976 2723 suum
1002 2648 1191 2720 venit,
1231 2644 1393 2720 quod
1435 2644 1501 2704 fit
1534 2650 1675 2722 post
1699 2647 2143 2721 separationem
2170 2647 2437 2721 corporis
2473 2662 2611 2704 ma-

494 2744 723 2802 terialis
769 2744 843 2803 ab
878 2746 1014 2821 illo,
1070 2762 1281 2804 verum
1318 2746 1474 2804 enim
1507 2762 1653 2804 vero
1704 2751 1842 2804 tunc
1891 2746 1968 2804 ab
2002 2746 2121 2806 iuis
2158 2747 2355 2806 solum
2401 2747 2504 2820 qui
2547 2747 2615 2804 im

497 2843 748 2903 Coelum
784 2848 1044 2905 veniunt.
1129 2844 1307 2921 Quod
1341 2845 1574 2906 dicatur
1608 2848 1908 2922 sapientia
1944 2854 2003 2905 et
2036 2846 2460 2924 intelligentia,
2518 2854 2616 2905 est

499 2945 638 3019 quia
676 2946 972 3021 sapientia
1008 2952 1100 3004 est
1126 2948 1255 3004 veri
1290 2965 1365 3006 ex
1388 2947 1567 3020 bono,
1605 2952 1744 3005 tunc
1773 2949 1929 3006 enim
1963 2947 2141 3009 homo
2178 2950 2339 3026 sapit
2370 2948 2433 3005 in
2460 2964 2614 3006 vero

493 3044 748 3118 bonum,
806 3051 868 3104 at
917 3046 1307 3122 intelligentia
1344 3053 1437 3107 est
1470 3048 1600 3107 veri
1645 3064 1757 3123 per
1791 3047 1950 3123 quod
1983 3048 2235 3122 bonum,
2274 3054 2413 3106 tunc
2451 3049 2615 3108 enim

494 3146 673 3204 homo
709 3145 968 3205 nondum
1006 3149 1166 3223 sapit
1209 3150 1271 3206 in
1306 3164 1452 3207 vero
1496 3142 1750 3220 bonum,
1815 3148 1927 3207 sed
1976 3148 2234 3209 afficitur
2269 3165 2413 3213 vero
2465 3149 2614 3227 quiza

498 3251 590 3303 est
639 3264 845 3305 verum
859 3267 875 3322 3
939 3250 1000 3306 in
1046 3250 1343 3324 sapientia
1393 3254 1532 3308 sunt
1586 3249 1687 3323 qui
1723 3249 1784 3306 in
1817 3246 2026 3325 Regno
2066 3249 2330 3309 Coelesti
2363 3248 2616 3309 Domini

495 3354 667 3421 sunt,
726 3350 867 3422 quia
904 3348 992 3407 illi
1037 3351 1098 3406 in
1136 3351 1294 3408 veris
1332 3367 1409 3407 ex
1443 3348 1599 3408 bono
1637 3355 1807 3423 sunt,
1861 3352 1922 3408 in
1975 3351 2370 3427 intelligentia
2404 3356 2614 3409 autem

494 3449 595 3524 qui
629 3450 689 3506 in
722 3447 931 3524 Regno
969 3449 1268 3526 spirituali
1302 3449 1544 3508 Domini
1583 3455 1748 3524 sunt,
1790 3452 2070 3526 quoniam
2102 3450 2166 3510 hi
2198 3452 2262 3509 in
2295 3451 2457 3510 veris
2493 3466 2613 3527 per

492 3549 904 3625 quae·bonum
938 3557 1106 3609 sunt:
1163 3548 1274 3607 sed
1313 3548 1410 3608 de'
1434 3550 1553 3609 illis
1608 3552 1710 3626 qui
1730 3551 1803 3609 in
1837 3554 1996 3611 veris
2031 3569 2143 3630 per
2178 3568 2333 3629 quae
2383 3550 2615 3611 bonum

492 3656 659 3723 sunt,
713 3649 990 3710 videatur
1022 3653 1082 3709 in
1127 3651 1453 3708 Doc'rmNA
1489 3650 1703 3710 Novam
1738 3650 2227 3711 Hinnosonnun
2262 3669 2329 3711 n:
2372 3651 2495 3710 23:
2549 3658 2615 3711 et

492 3749 566 3808 de
600 3749 718 3808 illis
768 3753 868 3826 qui
912 3753 975 3810 in
1009 3754 1169 3810 veris
1207 3767 1281 3808 ex
1316 3750 1475 3811 bono
1518 3758 1687 3826 sunt,
1744 3769 1810 3810 n:
1855 3755 1944 3810 24
1993 3753 2112 3812 ibi:
2169 3741 2232 3811 et
2276 3751 2349 3810 de
2392 3751 2612 3829 Regno

494 3849 741 3909 coelesti
785 3860 844 3909 et
881 3852 952 3912 de
1000 3851 1211 3928 Regno
1253 3851 1585 3928 spirituali,
1640 3854 1701 3911 in
1740 3850 1940 3930 Opere
1992 3853 2065 3913 de
2120 3852 2323 3912 Coeno
2375 3870 2454 3912 Μ’
2493 3851 2611 3912 ΙΝ-

486 3967 685 4010 rssmw
736 3970 803 4011 n:
848 3956 938 4011 20
976 3951 1055 4011 ad
1096 3955 1207 4011 28.

644 4053 805 4111 319.
859 4052 937 4110 Et
979 4053 1143 4111 venit
1187 4058 1247 4111 ct
1285 4055 1519 4131 accepit
1552 4053 1769 4115 librum
1801 4070 1834 4113 e
1863 4053 2075 4112 dextra
2103 4051 2382 4115 Sedentis
2418 4069 2612 4131 super

489 4151 730 4210 Throno
745 4195 761 4224 ,
815 4152 974 4226 quod
1011 4152 1304 4228 significet
1360 4154 1521 4228 quod
1558 4172 1633 4213 ex
1667 4155 1889 4214 Divino
1925 4154 2204 4214 Humano
2244 4154 2446 4232 Ipsius
2485 4156 2611 4214 sint

483 4251 608 4324 illa,
647 4257 881 4308 constat
918 4269 993 4311 ex
1019 4253 1451 4329 significatione
1483 4254 1657 4329 Agni,
1697 4256 1797 4329 qui
1825 4257 2060 4331 accepit
2086 4254 2302 4315 librum
2330 4244 2376 4314 θ’
2395 4254 2613 4315 dextra
