2791 4778
475 351 584 404 470
818 340 1310 396 APOCALYPSIS
1354 340 1790 398 EXPLICATA.
1855 340 1900 408 ᾗ.
1944 349 2070 401 410.
2113 350 2245 412 411,

476 519 699 578 genera
735 501 1160 558 adulteriorum
1204 509 1265 558 et
1300 503 1757 572 scortationum,
1800 518 1951 575 quae
1980 507 2377 560 recensentur
2401 501 2578 561 chit:

470 601 719 663 XVIII:
781 599 925 681 §ad
961 602 1083 673 30,
1142 600 1551 676 significantur
1600 603 1768 662 varia
1814 619 2037 677 genera
2092 600 2582 661 adulter-titionum

474 709 534 762 et
568 701 1044 760 falsificationum
1099 700 1235 759 boni
1278 709 1336 758 et
1372 704 1527 776 veri3
1584 709 1643 760 et
1692 702 1828 761 inde
1868 709 1961 759 est
2007 702 2165 777 quod
2213 702 2407 760 Lotus
2454 710 2577 762 tune

471 804 703 862 dicatur
753 808 1150 860 commoratus
1205 803 1266 860 in
1314 802 1637 877 spelunca:
1703 802 1822 860 tale,
1888 803 2063 860 etiam
2111 802 2427 860 nefandum
2472 821 2575 879 per

468 902 821 981 speluncam
857 904 1068 960 montis
1117 902 1199 961 ibi
1245 903 1629 977 significatur.
1708 902 1779 960 In
1827 902 2007 961 Libro
2057 902 2334 961 Judicum
2370 904 2568 961 dicitur

475 1003 688 1082 „quod
716 1000 856 1083 filii
898 998 1173 1063 Israeli-s·
1201 1003 1475 1080 fecerint
1528 1001 1773 1063 malam
1816 1003 1885 1063 in
1931 1000 2134 1063 oculis
2173 1001 2458 1074 Jehovae,
2511 1010 2568 1063 et

471 1103 639 1184 quod
676 1102 812 1161 ideo
859 1103 1004 1162 dati
1048 1103 1179 1163 sint
1222 1104 1293 1163 in
1334 1122 1595 1163 manum
1628 1102 1988 1178 Midicmz'S,
2043 1110 2102 1162 et
2136 1102 2299 1181 quod
2325 1108 2567 1182 propter

469 1204 831 1265 Midianem
856 1203 1132 1283 fecerint
1172 1203 1296 1264 sibi
1331 1201 1665 1282 spe-lancae
1713 1205 1786 1264 in
1828 1204 2146 1264 montibu-s·
2203 1211 2262 1264 et
2302 1209 2489 1264 antra
2521 1210 2572 1264 et

467 1305 895 1366 munitioows“
937 1305 1052 1363 VI:
1104 1308 1157 1363 1.
1204 1309 1239 1363 2
1263 1325 1278 1379 3
1335 1324 1444 1380 per
1481 1306 1732 1378 malum,
1801 1306 1960 1381 quod
1995 1304 2097 1363 filii
2136 1304 2383 1364 Israelis
2420 1306 2572 1364 sece-

468 1414 634 1478 runt‚
694 1406 1043 1481 intelligitur
1078 1408 1395 1481 perversio
1425 1406 1563 1464 boni
1619 1416 1676 1464 et
1727 1408 1888 1480 veri,
1958 1413 2022 1463 ut
2073 1413 2577 1482 constarepotest

473 1525 545 1565 ex
584 1506 973 1580 sequentibus
1010 1507 1122 1577 ibi,
1182 1515 1242 1564 et
1277 1524 1514 1583 quoque
1553 1524 1627 1565 ex
1664 1507 2097 1583 significatione
2134 1507 2443 1581 MidianiS‚
2492 1510 2574 1566 vi-

471 1607 685 1665 deatur
736 1624 804 1663 n:
852 1610 1075 1678 3242,
1131 1615 1378 1682 propter
1434 1625 1608 1682 quem
1665 1609 1933 1667 fecerunt
1987 1607 2101 1665 sibi
2151 1607 2474 1682 speluncas
2525 1610 2576 1664 in

471 1706 766 1765 montibus
806 1714 865 1764 et
899 1714 1100 1780 antra3
1158 1726 1193 1764 a
1231 1706 1385 1763 »nalo
1426 1710 1613 1779 enim,
1665 1708 1824 1785 quod
1854 1727 1965 1784 per
2000 1700 2320 1772 Midianerit
2361 1703 2575 1785 signifi-

271 1806 434 1866 [658]
477 1817 673 1877 catur,
731 1814 900 1864 erant
950 1807 1055 1865 filii
1102 1806 1346 1864 Isra'e'lis
1410 1812 1714 1885 occupati,
1784 1827 1918 1866 nam
1970 1815 2216 1884 propter
2263 1810 2575 1867 Midianem

469 1906 763 1983 significat
811 1918 1057 1983 propter
1111 1907 1258 1964 illud
1310 1906 1547 1966 malum.
1645 1909 1931 1968 Similiter
1980 1926 2111 1967 cum
2174 1909 2281 1967 filii
2339 1909 2576 1969 Isra'c'lis

465 2008 745 2084 sugerunt
779 2016 1027 2084 propter
1072 2008 1493 2081 Philisthaeos‚
1532 2009 1563 2067 Ι
1595 2008 1770 2070 Sam:
1809 2009 1996 2067 XIII:
2046 2014 2101 2068 6.

616 2111 778 2165 411.
833 2110 907 2167 Et
953 2109 1228 2167 dicebant
1266 2110 1562 2167 montibus
1614 2116 1674 2169 et
1721 2113 1928 2187 petris,
1981 2110 2176 2169 cadite
2233 2126 2421 2187 super
2455 2126 2574 2180 noe„

468 2210 627 2285 quod
666 2210 958 2285 significet
995 2210 1388 2268 obtectionem
1436 2228 1470 2267 a
1516 2211 1688 2268 malis
1728 2220 1788 2269 et
1834 2229 1870 2268 a
1909 2211 2078 2269 falsis
2128 2210 2294 2284 inde,
2349 2217 2575 2269 constat

469 2329 544 2369 ex
581 2310 1008 2385 significatione
1045 2313 1356 2383 montium,
1412 2311 1569 2387 quod
1604 2313 1723 2369 sint
1757 2311 1917 2370 mala
1954 2330 2026 2369 ex
2065 2312 2365 2370 amoribus
2403 2314 2497 2370 sui
2522 2319 2575 2370 et

461 2413 664 2471 mundi
707 2415 1132 2484 scaturientia,
1191 2412 1262 2469 de
1307 2431 1425 2487 qua
1473 2429 1659 2489 supra
1713 2433 1781 2473 n:
1829 2415 2007 2488 4053
2065 2421 2233 2471 etex
2272 2413 2572 2489 significa-

462 2516 621 2572 tione
665 2520 996 2589 petrarum,
1049 2512 1207 2588 quod
1261 2515 1378 2571 sint
1430 2513 1583 2571 salsa
1631 2532 1702 2573 ex
1756 2515 1940 2585 malo,
1999 2514 2071 2571 dc
2126 2533 2239 2589 qua
2285 2514 2469 2590 insra3
2521 2518 2576 2572 et
2675 2568 2676 2571 ,

461 2633 534 2672 ex
574 2613 1002 2692 significatione
1051 2613 1263 2672 cadere
1313 2630 1497 2688 super
1552 2632 1691 2685 nos,
1750 2616 1909 2692 quod
1952 2617 2030 2673 sit
2067 2614 2141 2672 ab
2191 2615 2304 2672 illis
2345 2614 2573 2690 obtegi:

463 2719 643 2774 etiam
677 2716 828 2798 haec
864 2715 1219 2773 illustranda
1268 2722 1408 2773 sunt
1462 2732 1531 2772 ex
1583 2715 1803 2773 talibus
1844 2733 1997 2792 quae
2039 2718 2098 2773 in
2136 2715 2357 2773 Mundo
2373 2717 2570 2792 “spiri-

460 2815 608 2873 tuali
647 2819 908 2873 existunt
946 2815 1181 2891 quando
1219 2816 1486 2874 ultimum
1537 2816 1836 2875 Judicium
1887 2822 2011 2887 est,
2058 2833 2192 2873 nam
2228 2816 2380 2874 haec
2417 2816 2567 2874 dicta

460 2922 600 2972 sunt
648 2914 721 2972 de
774 2915 995 2973 Ultimo
1049 2915 1319 2990 Judicio,
1381 2922 1445 2974 ut
1495 2925 1664 2992 patet
1709 2935 1779 2975 ex
1838 2924 2125 2991 sequente
2177 2916 2406 2989 Versu,
2469 2913 2564 2972 ubi

461 3014 692 3086 dicitur,
740 3013 939 3090 „quia
983 3013 1150 3073 venit
1188 3014 1326 3074 dies
1360 3035 1640 3095 maynus
1674 3017 1811 3077 irae
1848 3016 2051 3098 Ejus,
2116 3023 2174 3076 et
2220 3017 2368 3096 quis
2414 3020 2555 3095 pot-

457 3120 555 3173 est
601 3117 816 3173 διανεί(
867 3132 976 3188 per
1014 3132 1187 3190 quem
1214 3178 1218 3182 Α
1245 3115 1401 3174 diem
1438 3118 1787 3194 intelligitur
1823 3127 2058 3194 tempus
2115 3126 2175 3176 et
2226 3125 2417 3176 status
2455 3114 2553 3175 Ul-

459 3217 584 3273 timi
627 3215 880 3273 Judicii:
938 3223 1130 3273 status
1171 3218 1487 3291 impiorum
1534 3226 1674 3277 tunc
1721 3226 1813 3277 est
1862 3218 2032 3291 talis,
2088 3226 2153 3276 ut
2191 3218 2466 3297 dejiciant
2497 3231 2558 3272 se

460 3334 492 3375 c
546 3316 841 3374 montibus
886 3323 945 3374 et
988 3318 1209 3392 petriS,
1263 3335 1446 3395 super
1499 3320 1713 3394 quibus
1766 3319 2167 3378 habitationes
2224 3336 2369 3378 suas
2407 3319 2556 3376 fece-

457 3426 622 3491 runt,
678 3418 1002 3477 ininferna
1049 3418 1342 3494 profunde
1390 3420 1723 3491 secundum
1778 3422 2148 3479 atrocitatem
2189 3420 2474 3479 malorum
2509 3422 2560 3472 et

456 3520 743 3578 salsorum
782 3519 942 3595 apud
976 3520 1144 3594 illos,
1204 3527 1262 3576 et
1301 3519 1416 3578 hoc
1469 3521 1694 3579 faciunt
1742 3523 1890 3596 ipsi,
1948 3523 2086 3595 quia
2123 3539 2242 3580 non
2283 3520 2561 3580 sustinent

452 3621 736 3685 Divinum
787 3619 1022 3678 Bonum
1068 3638 1137 3679 ac
1191 3621 1471 3678 Divinum
1520 3619 1777 3696 Veru1n3
1834 3623 2183 3697 aperiuntur
2234 3629 2371 3679 tunc
2408 3614 2565 3678 Coeli

456 3722 832 3796 superioreS‚
889 3739 918 3777 e
961 3720 1174 3795 quibus
1227 3722 1419 3779 influit
1466 3721 1598 3779 Lux
1659 3720 1857 3795 Coeli,
1943 3739 2096 3796 quae
2150 3730 2241 3780 est
2289 3723 2564 3781 Divinum

457 3819 683 3879 Verum
737 3823 963 3877 unitum
1013 3822 1230 3879 Divino
1290 3821 1486 3896 Bone,
1570 3840 1639 3880 ex
1696 3821 1807 3879 hac
1862 3821 2027 3885 Luce
2087 3826 2563 3899 constringuntur

453 3919 735 3976 simulata
792 3919 950 3975 bona
1011 3926 1071 3977 et
1126 3938 1270 3976 vera
1325 3940 1481 3996 quae
1528 3922 1688 3998 apud
1735 3922 1899 3991 moe,
1967 3921 2184 3997 quibus
2236 3917 2564 3982 constrictis

453 4016 800 4087 aperiuntur
834 4016 992 4072 mala
1029 4021 1087 4073 ct
1122 4016 1277 4074 salsa
1315 4037 1535 4095 eorum,
1578 4028 1636 4080 et
1676 4024 1815 4096 quia
1849 4022 2002 4079 haec
2040 4030 2100 4081 et
2133 4022 2242 4081 illa
2276 4041 2392 4081 non
2427 4032 2565 4078 sus-

453 4112 639 4164 tinere
693 4120 950 4184 possunt
997 4113 1191 4168 lucem
1233 4113 1428 4192 Coeli,
1485 4129 1782 4195 anguntur
1827 4125 1983 4180 enim
2024 4129 2083 4180 et
2120 4126 2459 4182 cruciantur
2496 4130 2567 4174 ex

447 4201 569 4273 illa,
612 4205 743 4262 ideo
784 4210 1104 4282 conjiciunt
1137 4225 1205 4268 se
1228 4229 1264 4270 a
1291 4217 1588 4277 montibus
1624 4227 1683 4279 et
1708 4224 1898 4298 petris
1930 4223 1988 4280 in
2014 4221 2242 4296 inferna
2270 4214 2563 4299 profunde
