2791 4778
386 361 600 419 CAPUT
640 359 953 419 SEXTUM.
1722 357 1931 419 VERS:
1975 368 2031 421 8.
2208 372 2317 424 305

256 525 341 583 illa
369 521 741 599 significatur,
792 537 1009 596 nempe
1046 519 1206 597 quod
1248 521 1351 595 qui
1385 517 1715 578 doctrinam
1761 517 1898 577 falsi
1934 527 1994 579 ct
2029 520 2170 579 mali
2206 521 2317 584 doe

250 630 390 698 cent,
437 624 682 700 perituri
731 624 850 680 sint
883 616 997 697 per
1045 639 1118 679 ea
1159 636 1314 696 quac
1350 620 1760 695 significantur
1795 637 1907 695 per
1954 620 2219 698 gladium
2261 629 2322 681 et

249 725 468 799 samcm3
523 722 684 798 quod
721 724 901 780 etiam
935 720 1022 779 illi
1060 722 1161 796 qui
1206 722 1502 795 recipiunt
1547 736 1679 778 eam
1727 718 2055 781 doctrinam
2091 739 2168 782 ex
2201 722 2320 783 illis

243 825 307 883 ab
344 824 489 882 omni
521 821 832 881 Ecclesiae
872 839 1015 880 vero
1066 822 1332 897 separati
1375 821 1493 878 sint
1529 827 1591 878 et
1639 820 1915 896 damnati,
1955 823 2323 898 significatur

243 942 333 1002 per
350 924 500 1000 quod
517 930 690 981 erunt
708 922 803 999 abj
812 925 926 981 ecti
942 924 1004 979 in
1021 921 1240 997 plateis
1259 919 1735 996 Hierosolymae‚
1762 937 1874 982 nec
1901 924 2202 1000 sepeliens
2222 926 2315 999 lie,

242 1024 449 1101 plateae
479 1022 935 1099 Hierosolymae
960 1028 1099 1080 sunt
1126 1038 1270 1079 vera
1294 1020 1625 1090 Ecclesiae,
1662 1020 1839 1096 abjici
1861 1026 1922 1083 in
1947 1024 2067 1083 illis
2097 1030 2189 1083 est
2217 1041 2320 1085 sc-

244 1128 420 1201 parari
453 1143 490 1183 a
525 1126 683 1182 veris
718 1123 865 1196 illis,
921 1131 980 1181 et
1013 1139 1132 1180 non
1167 1121 1412 1197 sepeliri
1449 1127 1544 1179 est
1580 1121 1863 1183 damnari.
1940 1123 2168 1184 Similia
2212 1142 2323 1202 per

242 1225 502 1301 gladium,
557 1225 779 1282 famem
834 1229 893 1281 et
943 1228 1177 1297 pestem
1230 1220 1640 1297 significantur
1685 1224 1746 1279 iu
1791 1224 2181 1301 sequentibus
2225 1225 2319 1284 his

241 1326 395 1398 lociS‚
443 1342 663 1400 nempe
712 1341 821 1399 por
855 1322 1115 1398 gladium
1154 1321 1484 1396 deprivatio
1536 1323 1663 1380 veri
1706 1340 1814 1398 per
1849 1325 2028 1399 falsa,
2080 1343 2191 1402 per
2225 1325 2319 1384 fa-

246 1443 379 1483 mem
412 1424 745 1501 deprivatio
781 1423 920 1481 boni
962 1440 1075 1498 per
1109 1421 1298 1490 mala,
1350 1429 1412 1480 et
1457 1439 1567 1497 per
1612 1430 1845 1497 pestem
1892 1428 2223 1484 consumtio
2262 1432 2324 1485 ct

243 1525 547 1602 deprivatio
585 1525 748 1582 vitae
789 1522 1116 1599 spiritualis
1153 1521 1319 1597 inde;
1376 1520 1536 1598 apud
1573 1521 1901 1583 Jeremiam
1942 1522 2233 1600 „Gladio
2263 1531 2324 1584 et

231 1626 388 1704 sance
424 1629 870 1685 consumentur
883 1667 901 1697 ‚
951 1629 1023 1683 ut
1049 1622 1178 1703 fiat
1216 1620 1488 1681 cadaver
1519 1640 1732 1682 eorum
1760 1625 1829 1685 in
1863 1625 2066 1685 cibum
2100 1624 2325 1685 avibus

242 1722 520 1786 coelorum
559 1731 625 1785 et
661 1723 894 1783 bestiae
931 1725 1179 1783 tem-aff
1216 1722 1403 1781 XVI:
1445 1725 1518 1799 43
1569 1724 1827 1785 cadaver
1860 1728 1921 1784 in
1956 1726 2152 1784 cibum
2189 1726 2322 1783 avi-

241 1825 335 1884 bus
367 1825 698 1898 coelorum,
756 1824 1049 1899 significat
1084 1823 1523 1882 damnationem
1555 1841 1666 1900 per
1699 1825 1880 1902 falsa3
1937 1833 1997 1886 et
2030 1828 2090 1884 in
2126 1825 2327 1886 cibum

241 1925 443 1984 bestiae
493 1933 692 1985 terrae
742 1924 1177 1983 damnationem
1211 1941 1320 1999 per
1356 1923 1532 1981 mala.
1611 1926 1795 2002 Apud
1833 1927 2105 1986 Eundem
2144 1926 2326 2001 „Ab-

237 2032 524 2104 neyarunt
561 2022 873 2085 Jehovam
888 2070 905 2099 ,
967 2022 1219 2102 quando
1270 2022 1577 2084 dimerunt
1617 2043 1741 2085 non
1787 2023 1946 2101 Ille,
1998 2045 2190 2105 neque
2224 2045 2325 2087 vc-

241 2125 352 2185 m'et
397 2144 581 2205 cuper
630 2143 745 2184 noe
792 2122 1070 2198 malum,
1128 2141 1204 2184 ac
1240 2121 1560 2203 yladium'
1569 2125 1935 2203 famemque
1974 2144 2095 2186 non
2140 2125 2321 2187 vidc-

242 2224 469 2285 bimu3“
509 2225 602 2284 V:
665 2229 772 2283 12.
854 2225 1033 2301 Apud
1074 2224 1345 2291 Eundem
1382 2222 1596 2298 „Ecce
1628 2223 1777 2304 Eyo
1819 2225 2096 2285 visitans
2137 2244 2329 2305 cuper
2450 2222 2463 2233 '

244 2324 321 2384 iic
338 2370 353 2401 ,
389 2325 647 2409 juvene-s·
693 2326 1040 2386 morientur
1075 2322 1332 2405 yladi0‚
1377 2321 1517 2405 filii
1551 2343 1764 2385 eorum
1803 2332 1862 2385 et
1885 2322 2074 2408 filiae
2111 2343 2342 2386 eorum·

248 2426 558 2488 monentur
587 2426 818 2506 ,tumst
859 2427 971 2485 XI:
1016 2430 1126 2485 22.
1193 2426 1374 2503 Apud
1411 2426 1675 2484 Eundem
1708 2426 1877 2500 „Da
1892 2424 2076 2506 filios
2112 2444 2327 2487 eorum
2422 2481 2441 2486 ,

242 2524 433 2603 sami,
488 2532 541 2586 et
572 2525 845 2604 defluere
885 2527 1005 2605 fac
1056 2524 1207 2587 illoc
1251 2545 1444 2606 cuper
1487 2545 1716 2586 manus
1766 2524 2003 2606 yladii,
2054 2533 2127 2587 ut
2154 2526 2329 2605 fiant

245 2642 457 2685 uxorea
480 2628 657 2688 orbae
695 2634 755 2687 et
793 2627 1043 2702 viduae>
1072 2633 1132 2687 et
1165 2625 1447 2687 homines
1480 2644 1694 2686 eorum
1725 2628 1898 2708 fiant
1924 2626 2116 2687 occisi
2153 2644 2323 2688 mor-

244 2731 320 2794 te,
351 2724 611 2807 juvence
660 2745 874 2787 eorum
914 2727 1211 2806 percussi
1251 2724 1478 2807 yladio
1534 2726 1605 2787 in
1653 2725 1853 2788 bello‘⁶'
1906 2727 2150 2787 XVIII:
2213 2732 2324 2787 21.

242 2827 406 2901 Apud
436 2828 711 2886 Eundem
750 2825 1066 2901 „Mittam
1098 2827 1170 2887 in
1193 2845 1296 2887 eos
1329 2824 1646 2907 yladium,
1670 2828 1937 2907 famem,
1983 2835 2042 2890 et
2063 2834 2327 2909 pestem,

240 2929 292 2984 et
336 2925 488 2987 daho
549 2945 657 2987 eos·
704 2928 872 2987 sicut
904 2928 1075 3009 ficuc
1117 2926 1449 3002 horridas,
1514 2946 1671 3006 quae
1718 2947 1842 2989 non
1888 2928 2129 2991 comedi
2171 2948 2326 3010 poc-

236 3033 367 3087 cunt
403 3047 562 3107 prae
598 3024 891 3102 malitia,
948 3034 1006 3088 ct
1048 3046 1394 3106 persequar
1422 3033 1571 3106 post
1607 3046 1710 3087 eoo
1735 3026 1995 3109 yladio,
2029 3024 2224 3114 fame
2268 3036 2329 3091 et
2368 3030 2527 3093 [547]

231 3132 436 3205 pecte“
485 3128 740 3188 XXIX:
799 3132 912 3187 17.
978 3131 1086 3186 18.
1189 3128 1372 3205 Apud
1420 3127 1691 3187 Eundem
1751 3129 2064 3204 „Mittam
2108 3132 2179 3193 in
2228 3148 2333 3191 coc

237 3223 514 3304 ,cladium
532 3275 549 3303 ‚
611 3230 861 3309 famem
904 3234 963 3288 et
998 3235 1243 3307 pestem
1257 3273 1274 3303 ,
1343 3227 1536 3288 donec
1572 3239 2028 3292 consumuntur
2067 3231 2334 3311 desuper

235 3331 414 3403 terra,
478 3349 674 3408 quam
733 3327 885 3388 dedi
939 3325 1082 3388 illia
1138 3335 1196 3388 ct
1232 3327 1535 3409 patribus
1588 3334 1848 3390 eorum“
1911 3331 2158 3391 XXIV:
2220 3333 2328 3390 10.

235 3427 399 3502 Apud
427 3429 702 3489 Eundem
738 3427 935 3508 „Eyo
954 3425 1280 3508 proclamo
1309 3427 1481 3488 vobis
1516 3425 1865 3490 libertatem
1894 3427 1984 3489 ad
2007 3426 2329 3508 yladiunt,

234 3524 313 3585 ad
331 3536 574 3605 pestem
612 3536 670 3590 et
712 3527 802 3589 ad
837 3529 1085 3608 famem
1098 3574 1117 3604 ,
1182 3533 1241 3587 et
1286 3528 1546 3590 tradam
1587 3547 1696 3588 voc
1749 3528 1820 3588 in
1858 3527 2332 3588 commotionem

234 3629 504 3689 omnibus
556 3629 775 3710 reynic
818 3634 1069 3689 terrae“'
1114 3629 1433 3689 XXXIV:
1501 3633 1607 3687 17.
1689 3629 1871 3705 Apud
1916 3627 2334 3704 Evangelistas

235 3724 689 3798 „Excitabitur
724 3749 883 3809 qens
929 3737 1149 3791 contra
1190 3733 1437 3808 ¹centem
1455 3772 1474 3803 ‚
1539 3734 1599 3789 et
1650 3747 1914 3809 reynum
1963 3732 2183 3788 contra
2225 3745 2330 3787 re-

231 3843 444 3901 quam,
518 3834 577 3888 et
622 3835 806 3890 erunt
846 3835 1059 3908 pecte-9
1109 3834 1169 3889 et
1207 3830 1428 3909 fame-9
1480 3834 1539 3888 ct
1596 3834 1802 3889 tem-ae
1856 3832 2069 3889 motus
2124 3827 2334 3889 varii-3

231 3919 417 3986 loom
476 3928 696 3989 Matth:
749 3930 1001 3990 XXIV:
1059 3935 1117 3989 7.
1175 3933 1236 3990 8.
1315 3930 1512 3988 Marc:
1563 3928 1749 3989 XIII:
1808 3933 1866 3989 8.
1948 3928 2105 3988 Luc:
2143 3928 2331 3990 XXI:

237 4026 334 4084 11.
385 4028 570 4105 Apud
595 4031 974 4090 Ezechielem
1014 4076 1050 4107 „
1067 4028 1244 4107 Quia
1284 4029 1730 4091 sanctuarium
1772 4047 1977 4090 meum
2007 4026 2332 4109 polluieti,

227 4126 403 4189 tertia
439 4146 604 4207 pare
648 4131 748 4193 tui
780 4136 958 4211 pecte
1011 4130 1387 4200 morientur,
1456 4137 1515 4190 ct
1545 4129 1731 4210 saone
1781 4137 2223 4191 consumentur
2266 4129 2337 4191 in

230 4225 420 4288 medio
468 4229 588 4304 tui,
651 4237 712 4292 et
757 4230 952 4292 tertia
979 4249 1147 4312 parc
1195 4227 1425 4310 ¹qladio
1472 4229 1696 4291 cadent
1739 4230 1910 4292 circa
1960 4237 2049 4305 te,
2107 4237 2166 4289 ct
2210 4235 2338 4291 ter-

324 4345 746 4399 chdenborg,
780 4347 969 4400 Apocal.
1003 4346 1115 4399 oxpl.
1148 4346 1207 4385 11.
1915 4335 2002 4385 20
