2791 4778
427 380 665 436 CAPUT
706 379 1050 447 QUINTUM.
1886 380 2099 441 VERS:
2143 394 2197 443 1.
2356 395 2387 443 3

275 541 600 602 Sedentem
637 557 822 617 super
859 539 1132 614 Throno,
1204 545 1264 599 et
1301 555 1538 614 quoque
1590 557 1703 616 per
1735 540 1977 616 Agnum
2024 542 2126 616 qui
2160 558 2236 600 ex
2271 540 2387 602 So-

275 641 453 700 dent-e
489 657 674 717 super
712 640 952 700 Throno
1001 640 1234 716 accepit
1278 638 1524 712 librum,
1582 645 1675 698 est
1723 642 1864 715 quia
1908 658 2020 717 per
2068 638 2394 702 sedentem

275 758 461 817 super
498 740 736 800 Throno
772 739 1121 814 intelligitur
1144 739 1438 798 Dominus
1476 733 1671 814 quoad
1710 740 1996 798 Divinum
2021 740 2274 816 Bonum,
2330 746 2393 801 et

216 868 221 871 ·
272 857 386 917 per
418 833 654 917 Agnum
689 841 980 897 Dominus
1030 838 1228 914 quoad
1259 837 1546 896 Divinum
1582 839 1841 897 Verum:
1897 846 2037 899 sunt
2072 842 2227 899 enim
2270 840 2390 900 duo

274 958 430 1016 quae
466 939 802 1017 procedunt
837 957 874 996 a
907 939 1165 998 Domino
1201 944 1268 995 ut
1297 936 1439 996 Sole
1470 937 1662 1012 Coeli,
1701 942 1915 1015 no‘mpe
1951 941 2236 998 Divinum
2262 940 2386 999 Bo-

274 1058 417 1098 num
454 1056 526 1099 ac
559 1040 844 1099 Divinum
885 1037 1140 1108 Verum,
1191 1038 1477 1096 Divinum
1511 1037 1742 1096 Bonum
1779 1056 1817 1097 a
1850 1039 2107 1098 Domino
2142 1045 2392 1099 vocatur

273 1140 458 1199 Pater
483 1141 544 1196 in
573 1138 792 1213 Coelis,
833 1147 893 1196 et
916 1137 1031 1196 Hic
1058 1137 1406 1213 intelligitur
1430 1153 1540 1214 per
1568 1136 1890 1197 Sedentem
1926 1155 2108 1216 super
2125 1138 2386 1212 Throno‚

274 1231 365 1300 ac*
394 1239 680 1297 Divinum
728 1237 954 1297 Verum
1018 1255 1055 1295 a
1097 1238 1354 1296 Domino
1418 1243 1667 1295 vocatur
1711 1237 1901 1296 Filius
1956 1238 2242 1309 hominm,
2292 1239 2392 1298 hic

272 1346 477 1398 autem
511 1340 751 1414 Agnus;
808 1344 868 1397 et
904 1340 1046 1413 quia
1069 1337 1352 1395 Divinum
1378 1336 1609 1395 Bonum
1645 1339 1944 1396 neminem
1967 1338 2227 1414 judicat,
2282 1338 2395 1398 sed

274 1440 560 1498 Divinum
589 1438 834 1508 Verum,
864 1436 1005 1497 =ideo
1040 1439 1138 1496 hic
1175 1437 1388 1495 dicitur
1424 1436 1585 1512 quod
1609 1437 1819 1513 Agnus
1848 1440 2151 1514 acceperit
2173 1437 2394 1498 librum

277 1558 317 1597 a
353 1538 614 1598 Sedente
649 1553 834 1614 super
864 1536 1136 1613 Throno3
1178 1536 1336 1612 quod
1370 1535 1654 1594 Divinum
1692 1536 1927 1595 Bonum
1961 1539 2256 1597 neminem
2282 1539 2390 1614 ju-

277 1639 438 1697 dicet
471 1637 581 1696 sed
612 1636 894 1694 Divinum
927 1636 1182 1710 Verum,
1223 1634 1573 1711 intelligitur
1606 1654 1717 1712 per
1741 1636 1982 1696 Domini
2018 1636 2207 1696 verba
2232 1635 2394 1714 apud

273 1737 613 1798 Johannem
677 1734 884 1811 „Non
909 1741 1102 1815 pater
1121 1733 1384 1818 judicat
1419 1753 1795 1814 quenquam,
1847 1735 1962 1796 sed
1999 1754 2175 1797 omne
2196 1734 2391 1818 judi-

268 1836 446 1898 cium
493 1835 673 1896 dedit
710 1832 918 1907 Filio,
990 1834 1145 1914 quia
1181 1832 1406 1895 Filius
1453 1833 1732 1894 homini-3
1770 1839 1924 1894 est“
1995 1835 2073 1895 V:
2118 1839 2227 1895 22.
2272 1839 2355 1894 27
2374 1854 2392 1912 3

274 1955 386 2014 per
418 1937 659 1996 Patrem
712 1935 1060 2011 intelligitur
1093 1935 1387 1994 Dominus
1444 1934 1643 2010 quoad
1676 1935 1962 1994 Divinum
1996 1935 2260 2009 Bonum,
2333 1941 2397 1994 et

275 2055 385 2113 per
427 2036 646 2095 Filium
692 2035 946 2095 hominis
982 2036 1276 2094 Dominus
1324 2034 1526 2111 quoad
1571 2034 1855 2092 Divinum
1903 2035 2159 2095 Verum:
2234 2033 2396 2112 quod

275 2125 558 2195 Divinum
593 2135 823 2193 Bonum
859 2153 978 2193 non
1004 2135 1236 2211 judicet
1273 2150 1641 2211 quenquam,
1684 2141 1777 2192 est
1812 2137 1952 2210 quia
1984 2134 2144 2194 Illud
2180 2126 2408 2212 explo?

275 2242 367 2295 rat
402 2238 715 2309 neminem,
756 2234 865 2294 sed
898 2235 1181 2293 Divinum
1212 2234 1473 2306 Verum,
1512 2233 1626 2292 hoc
1664 2236 1819 2292 enim
1856 2234 2131 2310 explorat
2167 2253 2386 2294 unum·
2428 2237 2587 2300 [344]
2632 2260 2636 2263 ·

276 2337 567 2412 quemvis.
647 2337 730 2393 At
773 2352 965 2417 usque
1013 2334 1322 2394 sciendum
1373 2340 1496 2402 est,
1550 2332 1709 2409 quod
1756 2333 1896 2411 Ipse
1942 2333 2236 2393 Dominus
2283 2349 2397 2395 nec

265 2436 500 2513 judicet
553 2434 810 2510 aliquem
865 2452 939 2492 ex
974 2435 1192 2493 Divino
1229 2433 1391 2493 Vero
1444 2433 1602 2508 quod
1635 2425 1908 2509 procedit
1941 2433 2017 2491 ab
2052 2434 2229 2511 Ιρειο,
2282 2434 2399 2493 hoc

279 2537 434 2594 enim
481 2535 710 2591 unitum
757 2541 849 2592 est
894 2533 1114 2592 Divino
1149 2534 1347 2608 Bono,
1404 2536 1489 2592 ita
1531 2539 1598 2591 ut
1646 2535 1766 2591 sint
1814 2550 2024 2608 unum,
2079 2532 2189 2591 sed
2237 2532 2398 2610 quod

280 2634 457 2691 homo
493 2634 740 2707 spiritus
788 2634 1055 2708 seipsum
1076 2632 1339 2708 judicet,
1397 2640 1490 2692 est
1544 2635 1698 2691 enim
1735 2633 2020 2691 Divinum
2053 2631 2282 2692 Verum
2318 2632 2396 2691 ab

276 2737 414 2810 ipso
449 2738 757 2808 receptum
808 2730 967 2807 quod
1002 2730 1167 2789 illum
1196 2732 1464 2809 judicat,
1519 2739 1578 2791 ct
1611 2732 1725 2791 hoc
1776 2734 1913 2808 quia
1951 2739 2202 2810 apparet
2236 2735 2397 2793 sicut

276 2833 572 2891 Dominus
595 2831 856 2908 judicet,
894 2830 1029 2890 ideo
1056 2832 1114 2888 in
1143 2830 1345 2890 Verbo
1383 2832 1597 2891 dicitur
1633 2832 1794 2909 quod
1821 2848 2025 2891 omnes
2050 2832 2397 2908 judicentur

273 2932 595 2991 a·Domino
606 2951 623 3007 3
659 2931 773 2990 hoc
802 2947 1039 3008 quoque
1069 2931 1243 2991 docet
1266 2932 1561 2991 Dominus
1590 2932 1753 3009 apud
1776 2932 2114 2992 ,Iohannem
2149 2930 2396 3007 „Iesu-3

271 3030 452 3092 dixit
468 3075 484 3105 ,
540 3030 604 3090 oi
634 3029 778 3109 quis
824 3030 1150 3092 audiverit
1184 3050 1324 3092 mea
1362 3030 1576 3101 verba,
1625 3049 1750 3091 non
1785 3036 1995 3091 tamen
2032 3029 2390 3107 crediderit,

272 3129 423 3211 Eyo
462 3147 586 3191 non
603 3128 832 3213 judico
859 3128 1077 3205 illum,
1115 3148 1239 3191 nou
1275 3130 1442 3190 enim
1479 3130 1621 3190 vem·
1654 3135 1726 3191 ut
1746 3128 2035 3214 judicem
2060 3130 2390 3206 mundum,

271 3229 387 3291 aed
425 3234 500 3291 ut
537 3227 777 3291 salvem
815 3228 1123 3291 mundum
1135 3249 1164 3301 ;
1240 3229 1352 3308 qui
1387 3229 1631 3309 spemit
1668 3228 1807 3305 Me,
1874 3234 1937 3289 et
1992 3248 2119 3291 non
2156 3228 2393 3310 accipit

270 3330 456 3390 verba
510 3347 678 3404 mea,
742 3328 926 3390 hahet
951 3328 1361 3410 judicantem
1403 3347 1497 3403 se,
1573 3330 1824 3391 verbum
1876 3328 2044 3412 quod
2087 3326 2393 3410 loquutus

269 3448 446 3499 eum,
494 3409 669 3489 illud
686 3427 1014 3510 judicabit
1055 3425 1246 3489 illum
1278 3428 1349 3488 in
1383 3432 1661 3490 extremo
1702 3427 1807 3489 die
1826 3432 1865 3464 ‘⁶'
1908 3428 2078 3489 ·XII:
2120 3432 2234 3488 47.
2272 3430 2386 3488 48.

272 3528 422 3589 Cum
458 3528 697 3589 Judicio
737 3531 892 3588 enim
926 3530 1013 3587 ita
1045 3528 1140 3600 fit,
1180 3529 1472 3587 Dominus
1509 3545 1799 3605 praesens
1837 3535 1929 3588 est
1963 3528 2127 3604 apud
2161 3542 2387 3601 omneS,

269 3635 332 3689 et
366 3646 442 3688 ex
474 3628 694 3687 Divino
731 3628 952 3687 Amore
1005 3628 1135 3686 vult
1168 3627 1412 3696 salvare
1447 3645 1683 3698 omnem
1736 3634 1797 3688 et
1833 3643 2069 3704 quoque
2113 3627 2294 3686 vertit
2328 3633 2389 3687 et

269 3727 511 3787 adducit
546 3727 622 3786 ad
657 3726 737 3787 Se
774 3744 984 3787 omnes
996 3747 1012 3803 3
1068 3728 1171 3804 qui
1202 3727 1464 3808 injbono
1494 3735 1636 3794 sunt
1673 3734 1735 3787 et
1766 3727 1907 3787 inde
1941 3728 2120 3803 veris,
2157 3726 2245 3785 illi
2281 3742 2385 3787 se-

271 3833 550 3901 quuntur,
586 3843 726 3885 nam
753 3826 1061 3904 applicant
1093 3837 1203 3903 ιῦζθςι
1231 3831 1296 3888 at
1328 3813 1434 3904 qui
1464 3827 1718 3896 inmalo
1754 3832 1895 3886 sunt
1929 3832 1991 3887 ct
2025 3827 2163 3888 inde
2197 3826 2388 3898 falsis,

267 3941 388 3984 non
422 3931 770 4003 sequuntur,
810 3925 922 3986 sed
953 3931 1200 3986 vertunt
1232 3942 1301 3988 sc
1322 3909 1499 3987 rotro
1534 3938 1573 3986 a
1600 3926 1889 4002 Domino,
1948 3932 2010 3987 et
2043 3932 2280 3988 vertere
2317 3942 2386 3987 se

266 4029 430 4084 retro
466 4039 506 4081 a
535 4022 821 4100 Domino,
878 4031 972 4085 est
1005 4043 1044 4085 a
1080 4023 1265 4086 Coelo
1302 4025 1379 4085 ad
1412 4024 1749 4102 Infernum3
1789 4028 1979 4085 omnis
2017 4029 2174 4087 enim
2206 4026 2386 4085 homo

261 4125 510 4202 spiritus
546 4129 640 4181 cst
667 4122 765 4182 vel
792 4140 967 4183 suum
999 4125 1222 4185 bonum
1258 4132 1319 4186 et
1350 4125 1491 4185 inde
1519 4144 1757 4201 verum,
1796 4126 1894 4185 vel
1932 4132 2028 4185 est
2052 4142 2228 4185 suum
2253 4140 2386 4183 ma-

259 4224 387 4283 lum
418 4229 480 4283 et
505 4222 642 4283 inde
670 4222 917 4304 falsum3
946 4226 1050 4303 qui
1075 4230 1170 4285 cst
1193 4225 1417 4286 bonum
1444 4232 1505 4287 et
1530 4225 1671 4286 inde
1686 4243 1911 4301 verum,
1941 4225 2044 4283 ille
2076 4240 2141 4283 se
2170 4222 2387 4280 adduci

1944 4326 1972 4380 1
2018 4316 2059 4355 ἢ*
