2791 4778
389 381 623 439 CAPUT
667 379 1012 452 comitum.
1818 376 2027 436 vene:
2072 391 2125 442 8.
2285 396 2353 445 ει

225 545 370 603 lesti
395 552 457 605 et
483 538 622 602 inde
648 554 723 598 ex
748 539 906 599 bono
931 536 1254 616 spirituali,
1291 538 1426 598 ideo
1451 537 1707 604 dabatur
1733 553 1917 615 super
1959 539 2121 600 illam
2152 542 2356 603 oleum

225 650 290 704 et
318 644 479 719 thus,
519 641 719 702 oleum
745 639 1042 715 significat
1064 637 1286 698 bonum
1309 640 1528 699 amoris
1554 640 1857 712 coelestis,
1887 645 1949 700 et
1967 640 2108 702 thus
2134 641 2357 706 bonum

224 747 455 807 amoris
502 739 829 820 spiritualis
841 783 859 814 ,
923 742 984 798 in
1017 754 1203 799 sensu
1262 742 1496 799 interno
1544 758 1730 800 unum
1790 737 1866 798 ab
1904 740 2124 803 altero:
2180 751 2355 803 erant

222 831 416 908 etiam
451 844 607 903 aliae
643 841 880 918 species
915 837 1222 910 minchae,
1265 856 1421 916 quae
1458 841 1767 900 confectae
1802 857 1912 915 per
1961 841 2188 919 oleum,
2244 860 2356 919 per

223 963 382 1025 quas
421 943 614 1004 simile
641 940 1105 1020 significabatur.
1145 939 1326 1017 Apud
1351 939 1731 1001 Ezechielem
1768 936 2131 1016 „Sum-sieta·
2152 949 2354 1005 vectes

220 1027 513 1126 demoti
551 1042 651 1106 tui
661 1085 680 1118 ,
716 1048 780 1103 et
811 1040 1040 1103 toxica·
1072 1038 1391 1120 imagines
1430 1040 1640 1103 mwrz‘s
1672 1058 1817 1102 cum
1852 1040 2080 1119 quibua
2105 1048 2352 1108 coorta-

219 1146 406 1208 ὂανίε
420 1187 440 1219 ,
487 1150 549 1206 et
584 1139 790 1203 oleum
824 1158 1034 1202 meum
1073 1146 1134 1201 et
1172 1138 1606 1219 suffimwntum
1638 1158 1847 1203 meum
1874 1139 2116 1204 dedisti
2139 1160 2355 1204 coram

220 1242 430 1308 miff-
469 1242 654 1305 XVI:
702 1245 811 1304 18.
858 1243 980 1318 193
1034 1240 1186 1300 haec
1221 1240 1295 1298 de
1332 1240 1773 1319 Hierosolyma,
1809 1260 1921 1320 per
1956 1259 2132 1319 quam
2162 1245 2352 1322 signi-

221 1346 445 1406 ficatur
476 1342 753 1403 Ecclesia
788 1341 989 1419 quoad
1024 1341 1380 1415 doctrinam,
1435 1340 1532 1400 hic
1569 1341 1769 1419 quoad
1803 1342 2129 1403 doctrinam
2179 1360 2355 1421 pror-

229 1463 339 1505 sus
388 1459 741 1521 perversam
752 1462 769 1517 3
842 1444 1132 1519 imagines
1178 1442 1359 1500 maris
1420 1458 1572 1519 quas
1622 1443 1893 1503 vestibus
1951 1446 2214 1521 acupicti
2256 1448 2357 1505 sui

231 1547 404 1617 texit,
445 1549 506 1603 et
531 1559 666 1602 cum
692 1542 904 1620 quibus
931 1541 1330 1610 scortabatur,
1357 1541 1693 1619 significant
1717 1542 1871 1603 falsa
1894 1559 2050 1620 quae
2079 1544 2352 1604 fecerunt
2381 1525 2384 1528 ⁵

229 1663 348 1721 per
382 1644 901 1720 interpretationes
940 1658 1258 1719 perversas
1296 1659 1594 1719 apparere
1644 1644 1801 1702 sicut
1834 1660 2009 1717 vera,
2060 1646 2144 1703 ita
2177 1644 2350 1705 falsi·

229 1746 417 1806 ficata
452 1760 600 1803 vera
609 1787 627 1818 ,
666 1749 867 1801 vestes
904 1744 1166 1820 acupicti
1201 1748 1341 1801 sunt
1377 1745 1745 1821 cognitiones
1772 1746 1901 1804 veri
1928 1761 2003 1803 ex
2029 1744 2252 1821 Vel-bc,
2293 1752 2356 1805 et

224 1847 484 1906 scortari
514 1851 606 1904 est
632 1843 968 1919 falsificare3
1008 1842 1209 1903 oleum
1240 1849 1300 1902 et
1325 1842 1723 1903 suffimentum
1752 1862 1950 1904 meum
1978 1844 2123 1905 dare
2150 1862 2354 1906 coram

220 1947 341 2007 illis
365 1993 380 2018 ,
424 1944 723 2023 significat
758 1944 1098 2004 adulterare
1155 1951 1274 2002 tam
1312 1944 1537 2003 bonum
1587 1948 1804 2005 amoris
1850 1946 2131 2006 coelestis
2168 1964 2353 2022 quam

223 2049 447 2106 bonum
499 2048 719 2105 amoris
783 2044 1148 2121 spiritualis,
1225 2061 1380 2121 quae
1433 2044 1846 2105 adulterantur
1897 2063 2031 2105 cum
2078 2046 2351 2107 Verbum

224 2148 572 2225 applicatur
606 2146 910 2204 amoribus
957 2148 1053 2204 sui
1102 2152 1161 2205 et
1192 2145 1415 2204 mundi.
1487 2145 1666 2221 Apud
1703 2146 1911 2207 Mosen
1952 2191 1988 2222 „
2015 2144 2350 2208 Docebunt

207 2247 472 2329 judicia
516 2252 632 2308 tua
670 2244 999 2320 Jacobum‚
1040 2249 1100 2304 et
1133 2242 1333 2326 leyem
1367 2250 1552 2333 tuam
1575 2244 1903 2322 Israelem,
1930 2250 2167 2326 ponent
2200 2247 2347 2326 eus-

214 2350 412 2429 fitum
449 2347 521 2410 in
555 2365 789 2408 nasum
825 2351 1008 2408 tuum
1020 2391 1038 2423 ,
1078 2352 1139 2407 et
1166 2342 1604 2408 holocaustum
1636 2363 1827 2426 cuper
1847 2344 2080 2409 Alcen-e
2116 2348 2347 2409 tuum“

226 2451 423 2509 Dent:
462 2448 776 2519 XXXIII:
822 2449 944 2522 103
998 2447 1424 2524 Propheticum
1461 2447 1647 2506 Mosis
1685 2447 1759 2506 de
1796 2447 1976 2516 Levi,
2022 2464 2135 2523 per
2170 2463 2350 2523 quem

230 2549 598 2624 significatur
633 2549 1060 2623 sacerdotium5
1103 2555 1164 2606 et
1199 2551 1338 2625 quia
1376 2544 1776 2606 sacerdotium
1816 2554 1946 2607 erat
1978 2562 2346 2625 repraesen-

231 2649 485 2706 tativum
509 2648 748 2706 Domini
782 2647 976 2725 quoad
1000 2648 1232 2706 Bonum
1271 2650 1490 2706 amoris
1530 2656 1651 2705 tam
1689 2648 1973 2708 coelestis
2008 2664 2189 2725 quam
2214 2649 2344 2724 spi-

230 2748 499 2822 ritualiS,
535 2746 670 2807 ideo
707 2728 919 2807 dicitur
953 2748 1111 2824 quod
1144 2756 1370 2824 ponent
1405 2747 1666 2807 suffitum
1705 2751 1764 2808 in
1802 2766 2014 2809 nasum
2049 2753 2252 2822 tuum,
2287 2758 2349 2810 ct

225 2848 640 2908 holocaustum
677 2864 862 2925 super
896 2848 1102 2907 Altare
1141 2855 1340 2923 tuum,
1409 2856 1469 2908 et
1526 2866 1637 2926 per
1684 2849 1945 2908 suffitum
1982 2848 2347 2926 significatur

221 2949 419 3009 cultus
456 2967 531 3009 ex
568 2948 724 3008 bono
758 2948 1075 3027 spirituali,
1116 2955 1176 3009 et
1209 2966 1320 3026 per
1353 2947 1773 3009 holocaustum
1808 2967 1993 3028 super
2030 2950 2221 3009 altare
2257 2952 2343 3009 si-

218 3050 535 3126 gnificatur
571 3049 769 3108 cultus
806 3067 884 3108 ex
911 3049 1067 3109 bono
1099 3050 1380 3136 coelesti,
1422 3050 1481 3108 in
1516 3066 1730 3109 nasum
1758 3050 2051 3128 significat
2085 3038 2163 3108 ad
2196 3067 2342 3128 per-

218 3154 577 3228 ceptionem.
637 3149 820 3227 Apud
857 3149 1152 3208 Davidem
1194 3194 1230 3225 „
1255 3148 1519 3212 Veniam
1551 3149 1625 3211 in
1655 3148 1949 3213 Domum
1984 3157 2164 3212 tuam
2202 3168 2348 3212 cum

214 3247 608 3313 holocaustis
627 3294 644 3324 ,
695 3247 966 3311 reddam
1004 3247 1153 3311 Tibi
1190 3257 1338 3312 vota
1372 3269 1543 3324 mea,
1593 3248 1963 3312 holocausta
1990 3249 2343 3331 pinguium

218 3350 479 3431 offeram
521 3349 697 3425 Tibi,
753 3368 897 3411 cum
938 3349 1298 3430 suffimenta
1335 3350 1613 3412 wicteff
1669 3353 1909 3411 Psalm:
1946 3350 2181 3410 LXVI:
2230 3353 2336 3412 13.

226 3440 361 3521 15;'
398 3451 618 3512 offerre
663 3450 1020 3510 holocausta
1077 3452 1386 3529 pinguium
1449 3452 1744 3529 significat
1792 3451 2019 3511 cultum
2075 3466 2148 3508 ex
2182 3449 2341 3510 bono

219 3555 432 3612 amoris
459 3551 777 3627 coelestis;
816 3550 1029 3611 offerre
1064 3569 1198 3611 cum
1235 3551 1571 3612 suffimento
1622 3553 1842 3612 arietes
1876 3547 2171 3626 significat.
2206 3549 2339 3609 cul·-

221 3655 344 3706 tum
379 3668 453 3710 ex
486 3651 646 3712 bono
682 3654 902 3710 amoris
937 3653 1294 3728 spiritualia,
1350 3652 1752 3712 suffimentum
1801 3657 1864 3712 et
1898 3665 2136 3727 quoque
2176 3652 2338 3712 aries

225 3749 572 3823 significant
599 3752 660 3810 id
692 3750 931 3812 bonum.
986 3752 1060 3810 In
1095 3753 1467 3830 Apocalypsi
1524 3796 1563 3828 „
1584 3750 1784 3814 Alius
1818 3745 2111 3830 Angelus
2148 3751 2338 3828 venit,

223 3852 284 3907 et
331 3848 517 3923 stetit>
543 3850 634 3912 ad
678 3847 940 3928 Altare,
994 3850 1225 3913 habene
1279 3848 1674 3914 thuribulum
1721 3870 2019 3928 aureum,
2083 3856 2144 3912 et
2195 3851 2342 3915 dati

224 3953 377 4007 eunt
411 3947 471 4009 ee·
503 3950 762 4031 suffitus
801 3949 1023 4028 multi,
1078 3960 1152 4015 ut
1190 3952 1439 4033 offerret
1476 3971 1618 4014 cum
1641 3952 1939 4034 precibus
1975 3958 2340 4016 sanctorum

223 4046 506 4128 omnium
544 4068 734 4131 super
770 4049 978 4116 altare
1014 4071 1281 4114 auream
1314 4052 1486 4134 quod
1522 4060 1670 4115 ante
1708 4052 2034 4116 ssronum
2043 4098 2062 4130 ,
2114 4059 2175 4116 et
2226 4071 2337 4113 aa·

222 4144 429 4208 cendit
471 4149 703 4230 fumus
744 4152 1081 4236 suffituum
1133 4172 1277 4216 cum
1308 4155 1608 4235 precibus
1646 4161 2010 4219 sanctorum
2058 4171 2092 4212 e
2140 4170 2340 4213 manu

217 4245 455 4327 Anyeli
489 4251 578 4313 ad
618 4261 1013 4335 conspectum
1041 4252 1179 4332 Dej
1187 4274 1217 4326 ,·
1265 4253 1494 4316 deinde
1527 4255 1763 4335 accepit
1789 4249 2082 4333 Angelus
2120 4250 2331 4312 thm-

318 4365 749 4424 Swedenborg‚
783 4372 972 4425 Apocal.
1006 4373 1118 4426 exrpl.
1152 4373 1210 4412 11.
1967 4355 2003 4408 6
