2791 4778
481 377 593 430 224
914 364 1407 421 APOCALYPSIS
1451 363 1881 421 EXPLICATA.
1937 363 1984 432 §.
2031 373 2159 425 365.

482 528 768 588 Divinum
800 523 1030 582 Verum
1068 529 1187 596 est,
1225 522 1362 582 ideo
1399 526 1649 580 vocatur
1682 521 1971 597 Princeps
2010 522 2217 597 pacis,
2272 538 2337 580 ac
2366 522 2542 583 dicitur

481 625 900 701 multiplicanti
933 621 1333 699 principatum
1371 627 1432 681 et
1465 637 1680 697 pacem
1713 637 1835 679 non
1870 623 1979 679 erit
2012 620 2179 697 finis3
2229 624 2544 699 principatus

482 727 697 785 dicitur
733 742 808 782 ex
834 722 1051 783 Divino
1078 723 1258 796 Vero,
1293 729 1353 781 et
1385 738 1508 797 pax
1549 737 1624 778 ex
1659 719 1879 779 Divino
1917 720 2090 780 Bono
2128 723 2423 798 conjuncto
2453 724 2542 781 Di·

480 829 620 884 vino
656 822 852 892 Vere,
888 822 1027 881 inde
1061 828 1308 881 vocatur
1340 823 1629 895 Princeps
1666 823 1872 897 pacis:
1915 821 2078 897 quod
2114 823 2383 897 princeps
2415 822 2546 881 dica·

482 933 582 984 tur
617 925 691 982 de
727 922 937 997 VeriS,
977 928 1038 982 et
1065 921 1224 999 quod
1257 922 1551 999 significet
1574 920 1911 997 principale
1952 939 2182 995 verum,
2220 922 2468 980 videatur
2493 940 2546 980 n:

493 1026 703 1085 1482.
740 1024 951 1081 2089.
993 1024 1201 1095 5044,
1242 1028 1302 1081 et
1336 1038 1523 1098 supra
1555 1039 1626 1079 n:
1671 1022 1796 1096 293
1836 1027 1897 1080 et
1929 1039 2053 1097 pax
2082 1022 2159 1087 de
2187 1022 2549 1099 conjunctione

482 1124 625 1185 boni
667 1129 724 1182 et
758 1124 910 1196 veri,
949 1139 1135 1199 supra
1168 1125 1228 1181 in
1262 1121 1377 1181 hoc
1413 1120 1705 1180 Articu10.
1767 1119 1891 1180 Sed
1927 1124 2069 1197 quia
2103 1122 2369 1199 plurimis
2398 1123 2451 1180 in
2475 1122 2547 1179 lo·

484 1227 570 1285 cis
606 1228 666 1283 in
703 1222 907 1282 Verbo
943 1223 1156 1282 dicitur
1189 1222 1349 1296 Pax,
1418 1229 1477 1279 et
1514 1220 1834 1296 explicatio
1874 1224 1988 1280 erit
2021 1222 2331 1298 applicata
2361 1223 2431 1281 ad
2455 1239 2552 1280 rem

485 1326 560 1384 de
598 1342 718 1401 qua
753 1324 996 1397 dicitur,
1037 1339 1149 1382 seu
1185 1322 1262 1380 ad
1295 1322 1632 1399 subjectum
1670 1319 1745 1378 de
1783 1338 1901 1397 quo
1936 1322 2341 1398 praedicatur,
2374 1327 2425 1381 et
2447 1320 2551 1380 inde

485 1429 741 1501 apparet
776 1424 945 1481 varia
982 1423 1112 1500 ejus
1149 1422 1535 1500 significatio,
1599 1421 1736 1480 ideo
1785 1421 1966 1480 velim
1998 1426 2061 1482 in
2097 1438 2332 1484 summa
2362 1422 2552 1480 tradere

485 1525 630 1601 quid
662 1524 791 1581 Pax
817 1521 1133 1599 significat,
1170 1539 1244 1581 ne
1279 1539 1449 1582 mens
1483 1521 1713 1580 feratur
1744 1532 2254 1598 quaquaversum.
2309 1523 2468 1596 „Pax
2487 1524 2553 1580 est

485 1625 775 1699 „beatum
812 1623 1006 1681 cordis
1045 1629 1105 1681 et
1140 1624 1373 1682 animae
1422 1619 1735 1680 oriundum
1785 1638 1860 1679 ex
1897 1623 2314 1700 conjunctione
2357 1620 2555 1681 Domini

486 1742 670 1799 „cum
707 1721 890 1781 Coelo
944 1729 1005 1782 et
1048 1740 1183 1782 cum
1230 1723 1536 1794 Ecclesia,
1595 1726 1655 1778 et
1701 1721 1853 1779 haec
1891 1738 1965 1779 ex
2010 1723 2419 1799 conjunctione
2449 1720 2555 1779 boni

486 1828 598 1897 „et
632 1823 761 1881 veri
795 1822 956 1897 apud
991 1822 1124 1882 illos
1164 1825 1264 1900 qui
1297 1823 1406 1898 ibi,
1454 1820 1589 1880 inde
1626 1837 1745 1879 non
1779 1838 1986 1897 pugna
2021 1824 2170 1882 mali
2206 1828 2267 1881 et
2299 1821 2425 1880 falsi
2453 1837 2551 1878 am·

487 1921 692 1997 „plius
730 1927 936 1979 contra
969 1923 1190 1981 bonum
1229 1929 1288 1980 et
1324 1918 1562 1992 verum,
1624 1936 1735 1979 seu
1781 1937 1903 1979 non
1949 1922 2269 1982 dissidium
2315 1926 2411 1982 aut
2449 1917 2551 1978 bel·

486 2021 656 2096 „lum
692 2023 753 2079 in
788 2021 1086 2096 spirituali
1121 2038 1335 2097 sensu3
1390 2022 1529 2080 inde
1557 2021 1719 2096 Pax,
1775 2023 1836 2080 in
1868 2038 1987 2096 qua
2018 2022 2086 2081 fit
2124 2023 2316 2081 omnis
2349 2016 2551 2080 fructifi-

487 2122 689 2196 „catio
725 2121 864 2179 boni
900 2128 960 2180 et
994 2121 1406 2199 multiplicatio
1455 2124 1610 2194 veri,
1679 2123 1931 2197 proinde
1979 2124 2174 2182 omnis
2214 2120 2483 2198 sapientia
2508 2121 2553 2175 et

485 2221 958 2297 „intelligentiaz
998 2228 1058 2281 et
1094 2224 1233 2297 quia
1268 2222 1398 2281 Pax
1433 2222 1539 2280 illa
1566 2228 1659 2279 est
1687 2238 1723 2279 a
1759 2220 1901 2280 Solo
1929 2223 2226 2292 Domino,
2263 2227 2322 2281 et
2353 2219 2420 2278 ab
2443 2218 2553 2293 Ipso

485 2321 695 2399 „apud
731 2312 996 2398 Angelos
1034 2324 1094 2379 in
1131 2320 1346 2396 Coe10,
1406 2328 1466 2381 et
1500 2320 1660 2397 apud
1705 2321 1974 2382 homines
2008 2324 2071 2380 in
2106 2321 2405 2396 Ecclesia,
2450 2316 2553 2376 ideo

486 2440 643 2500 „per
687 2423 908 2503 Pacem
959 2424 1020 2480 in
1069 2439 1349 2498 supremo
1404 2438 1590 2481 sensu
1634 2421 1986 2498 intelligitur
2033 2423 2359 2490 DominuS,
2422 2425 2472 2478 et
2508 2417 2555 2473 in

486 2538 723 2598 „sensu
751 2525 1088 2597 respective
1127 2521 1373 2582 Coelum
1426 2527 1486 2580 et
1520 2521 1825 2597 Ecclesia,
1889 2523 2142 2599 proinde
2200 2523 2554 2583 bonumcon-

485 2623 797 2698 „junctum
835 2639 977 2681 vero
1015 2622 1178 2697 apud
1210 2623 1345 2682 illos
1383 2624 1486 2698 qui
1524 2620 1676 2679 ibis<
1748 2624 1840 2681 Ex
1881 2622 1974 2681 his
2011 2623 2149 2682 idea
2188 2624 2264 2683 de
2300 2617 2552 2696 significa·

481 2722 640 2779 tione
669 2722 842 2778 Pacis
881 2721 1090 2780 haberi
1115 2729 1318 2798 potest
1350 2722 1412 2780 in
1448 2722 1839 2797 sequentibus
1882 2708 2028 2781 locis
2039 2741 2055 2799 3
2114 2724 2283 2803 apud
2307 2717 2557 2780 Davidem

483 2817 775 2892 „Recede
799 2837 841 2878 a
875 2818 1044 2880 malo
1081 2827 1141 2881 et
1161 2823 1282 2901 fac
1314 2821 1541 2882 bonum
1550 2840 1579 2892 ;
1631 2841 1857 2900 quaere
1888 2821 2127 2883 Pacem
2152 2830 2219 2884 et
2229 2829 2553 2902 persequere

480 2921 668 2976 eam“
712 2918 946 2977 Psalm:
983 2920 1295 2980 XXXIV:
1337 2924 1365 2979 1
1388 2922 1461 2997 53
1515 2939 1637 2998 pax
1671 2940 1785 2997 pro
1827 2921 2103 2997 omnibus
2141 2940 2300 2998 quae
2338 2917 2485 2981 Coeli
2510 2918 2557 2973 et

480 3016 792 3076 Ecclesiae
829 3024 996 3093 sunt,
1060 3020 1216 3079 unde
1251 3021 1507 3080 felicitas
1542 3023 1701 3080 vitae
1756 3028 2069 3098 aeternae,
2137 3040 2295 3098 quae
2333 3021 2461 3096 quia
2488 3017 2557 3073 est

479 3116 676 3175 solum
712 3115 829 3174 illis
873 3119 975 3192 qui
1009 3120 1070 3176 in
1101 3118 1274 3195 bono,
1320 3120 1458 3179 ideo
1497 3121 1710 3179 dicitur
1743 3121 1959 3181 recede
1997 3139 2034 3179 a
2068 3122 2228 3181 malo
2268 3127 2328 3183 et
2359 3120 2445 3178 fac
2471 3113 2556 3172 bo-

479 3234 646 3287 num,
684 3233 908 3292 quaere
936 3235 1148 3293 pacem
1184 3226 1244 3279 et
1275 3236 1643 3297 persequere
1675 3237 1823 3288 eam.v
1872 3221 2057 3298 Apud
2093 3222 2364 3280 Eundem
2390 3213 2556 3292 „Pax

477 3312 684 3383 multa
717 3317 1080 3379 amantibus
1108 3316 1305 3398 leyem
1341 3322 1553 3395 tuam,
1606 3338 1715 3380 nec
1755 3316 1898 3380 illis
1943 3317 2424 3402 offendiculum:
2467 3329 2554 3374 ecc-

477 3415 756 3495 spectavi
805 3415 1078 3479 salutem
1139 3425 1317 3480 tuam
1369 3416 1654 3479 Jehovah
1666 3463 1685 3493 ,
1756 3426 1816 3480 et
1857 3425 2200 3500 praecepta
2253 3427 2366 3482 tua
2407 3410 2553 3496 seci“

477 3519 708 3578 Psalm:
749 3516 986 3579 CXIX:
1033 3519 1192 3578 165.
1240 3522 1409 3593 1663
1464 3537 1584 3595 pax
1619 3535 1728 3594 pro
1764 3518 1973 3595 beate,
2039 3521 2202 3579 felici
2243 3527 2302 3580 et
2324 3510 2553 3596 jucundo

479 3620 762 3687 coelesti,
817 3636 969 3694 quae
1002 3620 1141 3694 quia
1175 3618 1370 3678 solum
1408 3619 1623 3677 dantur
1658 3618 1821 3694 apud
1853 3619 1989 3679 illos
2020 3623 2121 3695 qui
2157 3626 2357 3678 amant
2390 3617 2554 3676 facere

477 3725 808 3794 praecepta
839 3719 1110 3792 Domini,
1165 3719 1301 3784 ideo
1341 3718 1589 3793 dicitur,
1642 3735 1765 3794 pax
1799 3719 1993 3778 multa
2027 3719 2363 3778 amantibus
2397 3716 2555 3789 legem

477 3822 671 3889 tuam,
736 3821 1086 3891 exspectavi
1123 3820 1382 3877 salutem
1429 3826 1593 3877 tuam
1642 3817 1953 3893 Jehovah,
2017 3825 2078 3878 et
2126 3823 2449 3894 praecepta
2476 3817 2556 3869 tua

478 3913 597 3972 feci
608 3933 626 3987 3
681 3914 844 3973 salus
892 3933 1001 3992 pro
1052 3918 1178 3974 vita
1225 3923 1499 3994 aeterna3
1558 3917 1718 3995 quod
1764 3935 1882 3977 non
1929 3918 2049 3977 illis
2093 3918 2390 3978 infestatio
2436 3913 2554 3971 sita

479 4010 652 4070 malis
690 4018 749 4070 et
784 4011 984 4088 falsis,
1050 4015 1419 4089 significatur
1460 4035 1572 4093 per
1613 4017 1774 4094 quod
1825 4034 1943 4076 non
1990 4018 2109 4076 illis
2159 4011 2554 4077 offendiculum·

277 4132 440 4194 [494]
482 4110 666 4186 Apud
698 4110 945 4186 Esajam
995 4109 1327 4187 „Jehovah
1377 4114 1641 4194 dispone
1669 4135 1897 4196 pacem
1943 4116 2141 4193 nobi-5⁸,
2195 4134 2344 4178 nam
2377 4102 2553 4173 omnia

479 4228 669 4291 opera
719 4213 939 4272 nostra
989 4218 1287 4292 operatus·
1327 4232 1393 4275 es
1440 4214 1669 4276 nobis“
1719 4216 1971 4278 XXVI:
2038 4220 2065 4276 l
2085 4221 2157 4295 23
2215 4219 2352 4296 quia
2395 4225 2500 4290 pax
2527 4218 2554 4262 ὃ
