2791 4778
2314 201 2332 230 Ι

1671 239 1707 268 ¹ae

454 336 686 391 CAPUT
731 336 1075 403 QUINTUM.
1803 338 2011 394 VERS:
2057 352 2148 404 13.
2308 353 2415 404 155

291 495 672 556 descendunt
708 512 924 571 aquae,
965 501 1025 554 et
1049 495 1220 554 Mare
1256 498 1316 553 in
1343 496 1506 571 quod
1531 499 1798 572 veniunt,
1841 497 2175 573 significant
2209 499 2419 560 ultima

294 597 471 657 Coeli
504 601 565 656 et
598 595 945 670 Ecclesiae,
1000 596 1251 671 proinde
1287 596 1424 655 illos
1463 599 1566 671 qui
1599 599 1660 654 in
1695 596 1921 656 ultimis
1957 605 2127 672 sunt,
2167 599 2240 657 de
2279 604 2414 678 qui-

290 697 411 759 bus
463 713 683 772 supra,
739 712 956 771 nempe
1020 698 1122 773 qui
1179 697 1242 754 in
1279 696 1424 754 solis
1476 696 1910 772 cognitionibus
1945 701 2075 758 veri
2121 681 2196 758 ex
2231 715 2417 760 sensu

289 796 504 856 ultimo
539 795 756 870 Verbi,
816 803 877 854 et
926 795 1060 855 illas
1094 796 1449 855 naturaliter
1497 813 1568 855 ac
1603 797 1963 857 sensualiter
2009 800 2286 876 capiunt3
2339 801 2420 871 bi,

291 916 435 957 cum
478 897 783 973 simplices
816 896 960 955 boni
996 903 1152 970 sunt,
1189 898 1487 973 recipiunt
1520 897 1805 956 influxum
1845 916 1876 956 e
1913 898 2098 958 coelis
2136 903 2417 976 superio-

293 998 495 1070 ribus,
532 997 690 1056 unde
730 1003 823 1055 est
859 996 1017 1073 quod
1055 1000 1234 1056 etiam
1275 998 1570 1072 recipiant
1603 997 1915 1074 spirituale
1950 1001 2013 1058 in
2045 1002 2174 1059 suis
2210 1005 2418 1076 cogni-

291 1098 563 1158 tionibus
583 1141 601 1171 ,
658 1103 720 1155 et
761 1096 898 1157 inde
937 1099 1122 1156 vitam
1159 1097 1419 1174 aliquam
1457 1097 1867 1174 spiritualem3
1923 1098 2036 1158 hoc
2070 1100 2421 1179 intelligitur

290 1215 409 1275 per
447 1196 655 1274 „quod
683 1214 874 1273 aquae
913 1200 971 1255 in
1008 1215 1173 1256 mare
1210 1198 1468 1258 emissae
1505 1203 1571 1257 ut
1598 1208 1882 1258 sanentur
1918 1216 2131 1275 aquae,
2171 1203 2325 1260 unde
2354 1203 2420 1261 fit

292 1300 490 1358 omnis
540 1300 736 1356 anima
783 1299 993 1356 vivens
1052 1315 1206 1373 quae
1254 1304 1492 1374 reptat,
1559 1315 1916 1375 quocunque
1951 1303 2198 1359 veniunt
2232 1303 2416 1375 fluvii,

292 1401 463 1457 vivet
475 1401 540 1474 ;“
581 1405 706 1468 tum
742 1415 852 1474 per
887 1397 1037 1457 haec
1082 1398 1287 1472 „unde
1323 1396 1387 1457 fit
1422 1399 1608 1474 piscis
1644 1399 1870 1459 multus
1896 1400 2096 1475 valde,
2135 1403 2275 1477 quia
2309 1420 2419 1460 ve-

291 1501 470 1558 niunt
506 1516 579 1556 eo
616 1514 812 1573 aquae
847 1497 991 1570 hae,
1042 1506 1103 1558 et
1137 1507 1458 1557 sanantur:
1483 1500 1520 1532 “
1573 1504 1635 1557 at
1668 1497 1756 1557 illi
1804 1503 1906 1576 qui
1940 1500 2095 1561 tales
2132 1510 2304 1578 sunt,
2360 1511 2421 1562 et

291 1617 417 1659 non
445 1600 603 1664 boni,
634 1598 1046 1673 intelliguntur
1071 1616 1183 1674 per
1208 1597 1358 1656 haec
1377 1596 1702 1673 „Coenosa
1731 1601 1860 1678 eJus
1891 1609 1951 1659 et
1974 1600 2232 1677 paludes
2264 1603 2416 1680 ejus,

295 1716 454 1776 quae
492 1716 609 1758 non
643 1706 964 1774 sanantur,
1019 1701 1080 1757 in
1115 1698 1303 1757 salem
1341 1698 1638 1775 abeunt;“
1695 1700 1754 1757 in
1788 1700 1980 1760 salem
2028 1701 2193 1760 abire
2230 1705 2417 1779 signi·-

289 1799 434 1859 ficat
469 1816 584 1858 non
619 1801 891 1874 recipere
920 1800 1107 1859 vitam
1140 1797 1544 1875 spiritualem,
1582 1799 1691 1860 sed
1727 1818 1968 1860 manere
2004 1804 2063 1861 in
2097 1804 2223 1862 vita
2257 1821 2418 1862 mere

288 1899 589 1974 naturali,
629 1916 783 1975 quae
812 1906 1094 1974 separata
1130 1917 1169 1958 a
1195 1901 1321 1957 vita
1355 1899 1652 1975 spirituali
1689 1908 1783 1960 est
1817 1910 2215 1978 conspurcata
2248 1902 2418 1964 salsis

288 2009 355 2059 et
389 2000 597 2074 malis,
655 2016 811 2076 quae
848 2006 990 2057 sunt
1027 2016 1287 2058 coenosa
1323 2006 1383 2059 et
1416 1999 1689 2076 paludes.
1746 1999 1977 2061 Similia
2009 2020 2120 2078 per
2153 2003 2322 2063 Mare
2360 2011 2418 2063 et

285 2103 495 2178 pisces
530 2101 712 2159 maris
753 2099 1166 2176 significantur
1202 2101 1362 2176 apud
1398 2100 1640 2178 Esajam
1681 2145 1718 2176 „
1743 2100 1854 2161 En
1878 2120 2001 2180 per
2036 2103 2418 2183 increpatio-

284 2219 436 2262 nem
458 2219 667 2262 meam
698 2200 947 2261 exsicco
970 2197 1160 2260 Mare
1170 2220 1198 2271 ;
1230 2218 1401 2279 pono
1424 2200 1671 2279 fluvios
1697 2200 1767 2260 in
1795 2201 2130 2277 desertum,
2162 2211 2423 2281 patres-

286 2306 386 2362 cet
409 2301 619 2380 piscis
655 2320 868 2361 eorum
912 2319 979 2359 eo
1031 2299 1200 2380 quod
1237 2318 1362 2362 non
1414 2302 1506 2362 sit
1552 2319 1749 2379 aqua,
1807 2306 1868 2364 et
1903 2303 2209 2364 morietur
2250 2302 2418 2362 citis‘

290 2404 376 2461 L:
421 2407 482 2461 2.
526 2405 562 2463 3
581 2424 597 2479 ;
654 2421 765 2481 per
797 2405 1265 2479 increpationem
1303 2402 1675 2479 significatur
1711 2402 2002 2463 desolatio
2040 2407 2229 2462 omnis
2260 2408 2418 2478 veri;

297 2520 417 2579 per
449 2503 610 2563 Mare
646 2502 1012 2581 significatur
1049 2502 1151 2562 ubi
1176 2521 1385 2563 verum
1422 2505 1492 2585 in
1517 2519 1629 2561 suo
1655 2502 1860 2562 ultimo
1898 2511 1992 2564 est
2004 2525 2021 2579 3
2059 2522 2169 2579 per
2203 2520 2421 2580 aquam

292 2602 663 2677 significatur
691 2622 897 2664 verum
930 2621 1004 2661 ex
1033 2605 1259 2682 origine
1297 2602 1596 2679 spirituali
1605 2624 1624 2679 ,-
1662 2621 1774 2679 per
1799 2607 1950 2664 mori
1987 2607 2088 2664 siti
2113 2605 2417 2681 significa-

290 2710 396 2761 tur
422 2702 711 2765 desolatio
757 2704 833 2765 ob
864 2703 1166 2763 desectum
1190 2703 1352 2763 illius
1383 2707 1513 2762 veri
1525 2724 1542 2779 3
1580 2721 1692 2780 per
1716 2706 1918 2782 pisces
1953 2707 2203 2765 marium
2232 2708 2420 2782 signi-

286 2804 546 2862 ficantur
596 2807 719 2880 qui'
749 2808 808 2864 in
843 2803 1068 2863 ultimis
1103 2806 1231 2866 veri
1266 2812 1439 2878 sunt,
1498 2803 1714 2881 quibus
1764 2823 1882 2865 non
1931 2805 2135 2883 aliqua
2183 2809 2307 2865 vita
2345 2824 2417 2865 ex

288 2898 521 2979 origine
552 2907 868 2980 spirituali.
921 2903 1152 2964 Similia
1176 2922 1286 2982 per
1311 2906 1510 2982 pisces
1539 2907 1790 2964 marium
1820 2907 2230 2983 significantur
2256 2907 2420 2983 apud

283 3003 673 3065 Ezechielem
721 3049 759 3080 „
779 3004 862 3066 In
906 3001 1038 3064 zelo
1077 3024 1244 3077 meo,
1300 3005 1371 3066 in
1404 3004 1553 3084 iyne
1592 3003 2066 3085 indiynationis
2106 3026 2280 3068 meae
2322 3005 2416 3067 lo-

282 3123 483 3182 quar,
535 3110 612 3166 ut
667 3106 1151 3167 contremiscant
1209 3123 1423 3165 coram
1469 3104 1577 3164 Me
1616 3105 1832 3184 pisces·
1881 3107 2116 3182 marie,
2168 3114 2230 3167 et
2275 3107 2419 3167 avis

283 3202 599 3266 coelorum
616 3250 632 3279 ,
675 3213 736 3267 et
768 3207 968 3268 bestia
994 3205 1163 3286 ayri,
1204 3211 1264 3266 et
1291 3223 1469 3264 omne
1490 3202 1713 3284 reptile
1736 3226 1955 3286 repens
1982 3227 2174 3287 super
2199 3210 2415 3267 ter-rw‘

282 3304 663 3365 XXXVIII:
720 3310 749 3365 1
771 3311 830 3367 9.
893 3310 1005 3368 20,
1084 3305 1268 3383 Apud
1315 3305 1661 3365 Hoscheam
1727 3306 2305 3381 „Latrocinantur,
2359 3312 2420 3365 et

282 3406 639 3485 sanquines
677 3407 1024 3486 sanquines
1056 3405 1389 3485 attinqunt
1400 3425 1430 3477 ,·
1470 3411 1812 3484 propterea
1849 3402 2087 3484 luyebit
2133 3414 2321 3478 terra,
2359 3410 2418 3463 et

283 3506 670 3566 contabescet
715 3506 920 3568 omnic
961 3506 1259 3568 habitam
1304 3506 1374 3565 in
1414 3524 1515 3580 ea,
1570 3506 1781 3583 quoad
1820 3505 2086 3566 bestiam
2128 3503 2307 3584 ayri,
2357 3507 2417 3562 et

285 3604 503 3684 quoad
550 3625 728 3666 avem
767 3604 1096 3679 coelorum,
1142 3606 1458 3685 etiamque
1482 3606 1699 3685 pisces
1743 3603 1951 3666 maris
1991 3601 2408 3683 colliyentur“

282 3704 398 3764 IV:
434 3686 494 3763 Ξ.
531 3709 594 3765 3:
632 3713 693 3766 et
719 3707 883 3784 apud
896 3707 1266 3784 Zephaniam
1296 3704 1780 3781 „Conmmendo
1806 3724 2175 3766 consumam
2200 3704 2430 3793 omnia¹
2458 3721 2619 3784 [447]

284 3803 563 3884 desuper
587 3807 883 3888 faciebus
945 3813 1182 3882 terrae,
1236 3825 1605 3868 consumam
1650 3805 1963 3867 hominem
2018 3812 2078 3866 et
2132 3803 2415 3880 bestiam,

284 3922 656 3968 consumam
695 3926 874 3969 avem
905 3905 1250 3983 coelorum,
1305 3913 1366 3967 et
1394 3907 1612 3986 pisces
1652 3907 1910 3969 marist
1961 3907 2029 3968 I:
2074 3912 2135 3967 2.
2182 3909 2253 3984 33
2306 3924 2418 3985 per

281 4005 586 4067 hominem
624 4002 685 4068 et
717 4009 1001 4084 bestiam,
1041 4026 1174 4069 cum
1210 4027 1332 4067 una
1360 4008 1657 4082 dicuntur,
1697 4007 2109 4086 significantur
2148 4007 2418 4068 affectio-

280 4123 394 4164 nes
430 4106 572 4168 boni
614 4110 931 4170 interiores
982 4117 1043 4169 et
1079 4111 1437 4181 exterioreS,
1501 4108 1773 4167 videatur
1827 4128 1899 4169 n:
1947 4112 2158 4168 7424.
2206 4113 2237 4166 7
2257 4109 2415 4166 523.

290 4208 513 4284 78723
573 4215 633 4268 et
683 4229 796 4288 per
844 4228 988 4270 aves
1028 4210 1328 4269 coelorum
1379 4216 1436 4269 et
1495 4210 1694 4285 pisces
1731 4211 1942 4283 maris,
2003 4207 2414 4285 significantur
