2791 4778
399 350 634 407 CAPUT
692 350 1036 417 QUINTUM.
1795 350 2004 406 VERS=
2050 362 2101 413 9.
2261 362 2365 413 107

235 515 444 591 agitur
476 512 573 570 hic
609 512 685 571 de
712 511 1024 570 Ecclesiae
1050 512 1486 572 restauratione
1523 527 1594 569 ac
1629 511 2052 570 reformatione
2086 528 2198 587 per
2224 528 2372 571 vera

236 631 314 673 ex
343 613 519 687 bono,
560 618 622 672 et
656 630 769 688 per
803 612 1183 687 congregabo
1220 628 1324 671 eos
1361 614 1505 687 quia
1539 610 1825 670 redimam
1862 628 1967 670 eos
2003 610 2370 688 significatur

232 714 559 791 dissipatio
609 713 933 783 salsorum,
987 728 1058 771 ac
1109 712 1453 772 reformatio
1500 728 1611 789 per
1656 728 1803 769 vera
1819 732 1836 788 3
1894 728 2078 788 quare
2135 711 2366 786 dicitur,

232 812 800 890 multiplicabuntur
836 817 897 870 et
931 812 1239 871 seminabo
1276 828 1382 871 eos
1418 814 1481 870 in
1513 811 1793 889 populis,
1830 828 1943 889 per
1979 811 2139 887 quod
2173 814 2364 888 signi-

232 913 460 973 ficatur
492 912 916 989 multiplicatio
966 917 1028 971 et
1059 914 1438 972 inseminatio
1471 913 1603 971 veri
1647 928 1723 970 ex
1754 910 1914 971 bono
1926 931 1943 987 3
1996 912 2286 972 reducere
2327 929 2360 971 e

230 1022 408 1073 terra
443 1014 707 1089 Aegypti
743 1019 805 1071 et
843 1030 918 1071 ex
956 1012 1208 1090 Assyria
1243 1029 1613 1088 congregare
1641 1028 1776 1085 eos,
1819 1011 2115 1088 significat
2149 1011 2369 1072 abduci

237 1132 282 1173 a
316 1113 733 1173 falsificatione
771 1114 901 1171 veri
937 1130 1090 1188 quae
1123 1113 1244 1172 illis
1281 1130 1392 1189 per
1425 1113 1739 1171 ratiocinia
1775 1128 1850 1170 ex
1886 1112 2258 1187 scientificis,
2299 1119 2364 1170 ut
2405 1114 2569 1175 [414]

238 1230 462 1291 supra3
518 1213 817 1274 adducere
857 1229 961 1272 eos
999 1212 1077 1271 ad
1111 1218 1328 1273 terram
1372 1210 1641 1272 Gileadis
1660 1255 1679 1286 ‚
1720 1218 1782 1271 et
1816 1212 1891 1270 ad
1928 1211 2240 1286 Libanum,
2280 1215 2370 1271 si-

236 1313 488 1391 gnificat
536 1300 612 1371 ad
657 1313 881 1373 bonum
914 1313 1228 1372 Ecclesiae
1295 1311 1457 1389 quod
1502 1317 1597 1371 est
1641 1311 1863 1371 bonum
1900 1311 2244 1385 charitatis,
2309 1320 2370 1371 et

241 1414 329 1471 ad
361 1414 584 1473 bonum
619 1419 679 1471 et
711 1430 923 1472 verum
957 1412 1125 1487 fidei,
1178 1413 1293 1472 hoc
1330 1419 1425 1472 est
1459 1411 1721 1470 Libanus
1773 1418 1835 1470 et
1867 1412 2017 1471 illud
2051 1418 2213 1471 terra
2257 1412 2367 1472 Gi-

239 1512 460 1571 leadis.
515 1513 606 1571 Ex
641 1513 733 1571 his
771 1521 1047 1572 constare
1084 1519 1305 1589 potest,
1347 1511 1490 1588 quid
1524 1514 1586 1570 in
1622 1527 1805 1581 sensu
1851 1512 2147 1588 spirituali
2182 1515 2370 1589 signi-

237 1612 463 1671 ficatur
513 1630 623 1689 per
676 1614 833 1688 quod
865 1612 1149 1672 Jehovah
1199 1613 1473 1673 eduxerit
1520 1612 1811 1688 populum
1861 1630 1935 1672 ex
1969 1613 2249 1689 Aegypto
2298 1630 2369 1670 ac

239 1712 570 1771 redemerit
632 1730 736 1771 eos
763 1758 780 1787 ,
856 1721 920 1771 ut
982 1713 1141 1790 apud
1203 1713 1456 1786 Mosen„
1490 1710 1856 1785 „Liberabo
1910 1730 2022 1771 voe
2072 1731 2115 1771 a
2166 1712 2366 1772 eervi-

236 1816 393 1881 tute3
448 1816 508 1872 et
542 1805 858 1873 rediniam
902 1831 1013 1872 vos
1057 1811 1310 1873 brachio
1350 1816 1607 1872 eoetenso
1651 1816 1713 1870 et
1736 1810 2020 1893 judiciis
2060 1813 2365 1892 Μαρῶν(

227 1913 437 1991 Erod:
478 1913 599 1973 VI:
647 1916 705 1971 6.
766 1911 1053 1987 „Eduoei
1093 1931 1203 1972 vos
1242 1931 1323 1973 eoe
1357 1912 1652 1992 Aeyypto
1691 1911 1942 1972 brachio
1973 1918 2263 1987 extense,
2310 1918 2368 1971 et

228 2010 475 2074 redemi
514 2031 627 2074 vos
668 2032 700 2071 e
737 2012 924 2073 domo
963 2031 1286 2074 servorum
1309 2015 1346 2046 “
1392 2013 1590 2072 Deut:
1628 2012 1741 2072 IX:
1786 2015 1895 2072 26.
1939 2016 2048 2071 27.
2094 2016 2205 2072 28.
2251 2015 2363 2071 29.

237 2113 399 2190 Cap:
447 2113 637 2174 XIII.-
681 2117 740 2173 6.
818 2113 977 2190 Cap:
1015 2112 1155 2172 XV:
1202 2115 1312 2172 15.
1370 2111 1533 2190 Cap:
1571 2108 1811 2172 XXIV:
1858 2114 1967 2170 18.
2028 2110 2370 2186 ·„Duxi8ti

232 2213 310 2274 in
333 2212 790 2275 Misericordia
809 2209 1122 2293 populum
1148 2219 1330 2275 tuum
1355 2218 1538 2292 quem
1558 2200 1904 2288 redemisti,
1946 2218 2008 2273 et
2032 2210 2369 2273 deduxisti

233 2312 719 2396 infortitudine
747 2332 979 2375 mamis
1007 2320 1153 2373 tuae
1177 2311 1268 2373 ad
1279 2308 1747 2373 Habitaeulum
1772 2311 2140 2373 sanctitatis
2172 2317 2319 2371 tuae
2329 2314 2366 2345 “

235 2416 442 2474 Exod:
479 2415 619 2474 XV:
668 2418 696 2473 1
717 2418 790 2476 3:
846 2423 906 2474 et
941 2414 1102 2491 apud
1137 2414 1393 2473 Micham
1437 2411 1837 2488 „Ascendere
1856 2411 1995 2493 feei
2029 2417 2089 2471 te
2127 2430 2160 2470 e
2195 2417 2367 2472 terra

244 2514 562 2593 Aeyypti,
617 2520 676 2574 et
711 2533 745 2573 e
781 2513 964 2575 domo
1000 2513 1332 2575 servitutis
1364 2511 1606 2576 redemi
1640 2516 1744 2573 te“
1800 2512 1918 2571 VI:
1961 2515 2032 2588 43
2087 2514 2148 2569 in
2181 2528 2368 2572 sensu

243 2615 461 2674 literae
494 2613 590 2672 hic
625 2614 1008 2690 intelligitur,
1053 2615 1213 2691 quod
1250 2632 1329 2674 ex·
1358 2615 1584 2675 Divina
1608 2596 1880 2690 potentia
1915 2612 2113 2673 educti
2148 2613 2367 2672 suerint

247 2733 326 2774 ex
356 2714 652 2791 Aegypto,
691 2714 796 2774 ubi
828 2718 989 2774 servi
1022 2716 1199 2791 facti,
1240 2700 1313 2773 at
1336 2717 1399 2774 in
1434 2731 1620 2774 sensu
1657 2716 1887 2773 interno
1924 2729 2030 2772 seu
2069 2713 2368 2789 spirituali

239 2833 361 2874 non
398 2815 518 2872 tale
556 2815 939 2892 intelligitur,
992 2817 1104 2876 sed
1140 2814 1298 2891 quod
1343 2815 1433 2873 illi
1481 2818 1582 2891 qui
1619 2813 1694 2872 ab
1729 2813 2005 2873 Ecclesia
2039 2821 2206 2888 sunt,
2263 2817 2368 2890 qui

240 2920 384 2974 sunt
419 2917 521 2990 qui
555 2916 960 2976 reformantur
995 2933 1033 2974 a
1057 2916 1316 2975 Domino
1350 2903 1464 2992 per
1497 2932 1644 2975 vera
1681 2921 1740 2973 et
1775 2930 1887 2990 per
1918 2916 2103 2972 vitam
2139 2931 2361 2974 secun-

236 3015 378 3075 dum
412 3015 536 3089 illa,
575 3016 864 3075 vindicati
899 3023 962 3075 et
994 3015 1234 3075 liberati
1267 3018 1387 3074 sint
1423 3033 1496 3075 ex
1525 3015 1699 3074 malis
1737 3021 1798 3074 et
1818 3013 1955 3073 inde
1982 3014 2176 3085 falsiS,
2213 3015 2363 3073 haec

235 3118 395 3174 enim
430 3123 569 3175 sunt
614 3133 771 3192 quae
806 3117 1036 3175 faciunt
1066 3115 1367 3175 hominem
1401 3100 1645 3176 servum
1656 3135 1672 3190 3
1723 3114 1817 3173 hic
1853 3113 2183 3190 spiritualis
2218 3114 2360 3172 illo-

238 3233 372 3274 rum
406 3216 726 3275 verborum
760 3231 978 3276 sensus
1028 3221 1150 3290 est,
1205 3218 1266 3273 in
1303 3233 1420 3291 quo
1471 3223 1613 3274 sunt
1645 3214 1865 3291 Angeli
1913 3213 2149 3290 quando
2184 3213 2362 3272 homo

240 3321 338 3374 est
381 3316 441 3373 in
476 3332 661 3375 sensu
696 3317 927 3376 literae.
981 3315 1201 3393 Angeli
1243 3317 1424 3375 etiam
1458 3333 1568 3392 per
1601 3296 2097 3390 Redemptionerh
2130 3313 2360 3371 intelli-

235 3421 383 3492 gunt
407 3415 874 3475 vindicationem
911 3433 949 3474 a
973 3416 1146 3474 malis
1176 3423 1237 3475 et
1262 3415 1679 3474 liberationem
1705 3434 1743 3473 a
1768 3414 1938 3473 falsis
1965 3413 2026 3470 in
2052 3410 2147 3469 his
2175 3412 2323 3470 locis
2345 3433 2359 3484 3

238 3517 402 3595 apud
434 3516 650 3575 Mosen
696 3514 1010 3589 „Ponam
1043 3514 1567 3593 RedemPtionem
1612 3514 1777 3575 inter
1810 3506 2123 3592 populum
2158 3527 2363 3569 meum

238 3621 298 3673 et
334 3613 497 3675 inter
523 3612 838 3693 populum
879 3614 1298 3676 Pharaonis“
1342 3615 1544 3674 Exod:
1583 3613 1767 3673 VIII:
1804 3615 1913 3688 193
1970 3609 2131 3687 apud
2164 3610 2359 3668 Davi-

241 3714 378 3772 dem
409 3713 974 3795 „Redemptionem
1010 3715 1194 3776 misit
1222 3711 1464 3795 populo
1502 3733 1649 3788 sue,
1682 3710 2007 3793 praecepit
2043 3710 2119 3771 in
2157 3714 2359 3772 aeter-

238 3831 395 3874 num
414 3814 654 3894 foedus
676 3834 872 3876 suum
883 3861 901 3891 ,
947 3819 1240 3876 sanetum
1274 3820 1334 3875 et
1372 3812 1794 3876 venerandum
1817 3811 2064 3872 Nomen
2087 3809 2359 3891 Ipsiu8“

238 3912 477 4001 Psalm:
516 3912 688 3976 cxl:
733 3918 803 3975 9:
860 3916 1025 3994 apud
1057 3917 1431 3977 Matthaeum
1469 3913 1704 3990 „Quid
1733 3911 2000 3994 prodest
2036 3910 2280 3974 homini
2305 3914 2368 3973 si

235 4018 443 4075 totum
494 4015 805 4079 mundum
844 4014 1134 4078 buoratus
1162 4015 1374 4095 suerit
1388 4059 1407 4090 ‚
1461 4014 1739 4076 Animae
1779 4018 1992 4076 autem
2032 4012 2366 4096 jacturam

223 4102 473 4196 fecerit,
517 4122 577 4176 et
601 4116 759 4196 quid
787 4116 968 4177 dabit
992 4116 1173 4177 homo
1190 4116 1474 4197 pretium
1502 4114 1828 4195 sufficiens
1869 4112 2367 4192 Redemptionie

232 4215 486 4277 animae
532 4220 750 4279 θυαμ(
800 4217 983 4277 XVI:
1028 4220 1136 4277 26.
1194 4217 1392 4301 Marc:
1447 4215 1626 4276 VIII:
1673 4219 1794 4290 373
1863 4213 2195 4288 redemptio
2251 4227 2363 4285 pro
