2791 4778
347 376 569 431 CAPUT
608 376 920 434 SEXTUM.
1712 375 1919 430 VERS:
1966 389 2019 437 6.
2184 389 2293 440 ‘273

214 542 394 597 cantur
444 554 587 595 vera
638 554 792 613 quae
840 535 979 595 fidei
1037 540 1327 594 vocantur
1341 555 1357 610 3
1414 535 1549 594 inde
1603 542 1879 595 constare
1915 542 2119 613 potest
2156 539 2299 615 quid

206 654 303 715 per
340 635 441 695 illa
508 639 569 694 in
632 653 816 696 sensu
886 634 1186 711 spirituali
1249 634 1649 711 intelligatur,
1714 635 1873 713 quod
1920 654 2133 714 nempe
2197 639 2302 715 qui

208 738 380 795 sciunt
426 754 574 795 vera
627 754 701 795 ex
749 735 953 794 Verbo
1004 752 1114 794 seu
1155 753 1225 794 ex
1264 735 1536 793 doctrina
1571 736 1911 809 Ecclesiae,
1975 754 2046 796 ac
2084 756 2202 797 non
2237 740 2297 797 in
2372 754 2407 773 ·

209 835 343 894 bono
377 840 595 895 amoris
635 843 694 895 et
728 836 1035 896 charitatis
1077 841 1245 909 sunt,
1284 834 1398 893 hoc
1427 841 1536 910 est,
1574 854 1690 894 non
1726 838 1934 894 vivunt
1968 838 2300 899 secundum

209 935 322 1006 illa,
373 936 529 1012 quod
564 938 685 995 sint
721 937 980 1012 virgines
1017 952 1173 1011 quae
1212 935 1409 993 oleum
1460 953 1577 1016 non
1623 935 1847 994 habent
1891 938 1953 994 in
1996 937 2295 1014 lampadi-

206 1034 330 1107 bus,
388 1042 445 1094 et
481 1053 638 1112 quae
673 1037 808 1095 ideo
844 1053 964 1094 non
1001 1035 1388 1093 admittuntur
1424 1038 1484 1093 in
1521 1034 1797 1107 Coe-lum,
1863 1037 1973 1094 sed
2011 1038 2166 1112 quod
2210 1038 2301 1097 illi

208 1137 290 1210 qui
331 1139 388 1193 in
432 1136 589 1195 bono
638 1139 854 1194 amoris
902 1142 962 1193 et
1014 1136 1318 1194 charitatis
1360 1141 1528 1210 sunt,
1605 1142 1665 1194 et
1707 1136 1843 1195 inde
1900 1138 1960 1194 in
2009 1140 2165 1197 veris
2219 1155 2295 1197 ex

207 1233 382 1293 Verbo
420 1241 524 1295 aut
566 1254 639 1294 ex
677 1235 946 1294 doctrina
979 1235 1324 1307 Ecclesiae,
1388 1237 1509 1294 sint
1556 1237 1817 1312 virgines
1867 1254 2021 1313 quae
2069 1237 2296 1297 habent

208 1335 378 1393 oleum
426 1337 486 1394 in
538 1335 945 1412 lampadibus,
1010 1342 1070 1393 et
1121 1336 1490 1411 recipiuntur
1540 1338 1600 1393 in
1655 1334 1837 1395 Coelo
1853 1358 1869 1413 3
1926 1337 2061 1396 inde
2107 1345 2294 1415 patet,

209 1435 342 1494 unde
375 1443 464 1494 est
499 1436 660 1512 quod
694 1436 808 1494 hae
845 1438 1105 1512 virgines
1142 1433 1414 1493 dicantur
1447 1435 1809 1512 prudente8‚
1862 1443 1923 1494 at
1957 1437 2097 1495 illae
2135 1438 2292 1498 stul-

208 1541 306 1592 tae.
374 1535 670 1611 Quoniam
705 1535 918 1595 Oleum
949 1534 1323 1610 significabat
1358 1536 1579 1594 bonum
1615 1539 1831 1594 amoris
1871 1543 1930 1595 et
1968 1536 2295 1612 charitati8‚

209 1651 267 1692 ac
296 1634 502 1695 Vinum
537 1635 916 1712 significabat
939 1653 1165 1703 verum,
1201 1635 1336 1694 ideo
1364 1634 1744 1709 „Dominus
1767 1636 1929 1696 dicit
1954 1635 2032 1696 de
2056 1635 2293 1698 Sama-

207 1733 347 1809 rita,
391 1735 500 1814 qui
533 1735 660 1797 iter
681 1735 936 1814 faciens
974 1734 1142 1795 vidit
1177 1734 1245 1794 in
1280 1735 1389 1794 via
1423 1732 1822 1796 vulneratum
1848 1756 1890 1797 a
1917 1733 2292 1813 latronibw,

211 1833 350 1911 quod
378 1834 690 1915 infuderit
710 1832 914 1896 oleum
940 1841 998 1894 et
1015 1836 1233 1894 vinu-m
1257 1834 1327 1894 in
1353 1832 1615 1896 vulnera
1632 1835 1786 1918 eju-9,
1818 1842 1877 1896 et
1904 1836 2054 1899 dein
2073 1842 2293 1898 sustu-

211 1929 335 1993 terit
355 1953 489 1995 eum
516 1954 711 2014 super
724 1935 1066 2014 proprium
1072 1935 1454 2016 jumentum,
1476 1935 1740 1997 duxerit
1756 1937 1827 1996 in
1853 1936 2295 2007 diversorium,

211 2037 259 2091 et
279 2032 503 2097 dixerit
525 2042 603 2097 ut
639 2053 858 2096 curam
888 2034 1024 2117 qius
1058 2034 1394 2095 haberent“
1417 2036 1561 2095 Luc:
1590 2037 1671 2096 X:
1707 2038 1816 2096 33.
1845 2039 1958 2095 34.
1996 2040 2105 2113 353
2144 2038 2300 2097 haee

210 2134 261 2190 in
281 2149 446 2193 sensu
471 2136 769 2213 spirituali
796 2139 879 2193 ita
904 2138 1333 2212 percipiuntur3
1367 2153 1477 2212 per
1505 2135 1862 2196 Samaritam
1882 2137 2296 2213 intelliguntur

214 2240 394 2307 gentes
429 2253 579 2311 quae
612 2238 674 2294 in
705 2235 862 2295 bono
901 2235 1206 2296 charitatis
1246 2253 1390 2312 erga
1422 2236 1756 2311 proximum
1791 2244 1975 2311 erant;
2010 2252 2121 2312 per
2157 2236 2295 2294 vul-

213 2340 450 2394 neratum
490 2354 523 2394 a
556 2335 891 2398 latronibus
927 2336 1340 2414 intelliguntur
1390 2338 1492 2418 qui
1535 2335 1889 2395 infestantur
1925 2337 1998 2394 ab
2036 2336 2153 2395 illis
2192 2338 2295 2412 qui

219 2431 283 2490 ab
315 2436 518 2496 interno
553 2445 724 2512 sunt,
778 2437 864 2496 illi
902 2439 1055 2496 enim
1092 2445 1234 2496 sunt
1267 2436 1565 2509 latrones,
1608 2438 1747 2510 quia
1784 2439 1968 2495 vitam
2004 2438 2293 2515 spiritua-

221 2530 328 2589 lem
356 2532 590 2597 hominis
626 2538 872 2597 laedunt
911 2545 970 2596 et
1024 2537 1333 2611 occidunt3
1388 2553 1498 2611 per
1545 2536 1742 2595 oleum
1794 2544 1852 2595 et
1905 2539 2105 2595 vinum
2143 2553 2297 2611 quae

219 2631 411 2691 infudit
450 2637 503 2694 in
548 2638 804 2696 vulnera
843 2637 972 2714 ejus
985 2682 1002 2711 ,
1051 2637 1467 2712 intelliguntur
1503 2637 1837 2711 spiritualia
1892 2654 2045 2712 quae
2085 2642 2300 2695 sanant

216 2728 505 2810 hominem,
557 2755 671 2813 per
719 2738 914 2796 oleum
953 2736 1170 2795 bonum
1210 2742 1269 2794 et
1316 2753 1425 2812 per
1463 2728 1935 2814 vinum'verum3
1992 2754 2102 2815 per
2139 2736 2301 2813 quod

217 2834 492 2894 sustulerit
524 2837 697 2896 illum
735 2854 920 2914 super
971 2839 1277 2914 proprium
1305 2837 1673 2914 jumentum,
1733 2837 2102 2914 significatur
2142 2836 2304 2913 quod

216 2927 310 2990 hoc
351 2934 550 2996 fecerit
608 2937 937 2997 secundum
992 2953 1167 2996 suam
1214 2937 1672 3013 intelligentiam
1725 2945 2012 3014 quantum
2064 2945 2293 3013 posset,

219 3046 378 3106 equus
414 3040 565 3096 enim
618 3037 914 3115 significat
959 3037 1399 3112 intellectuale,
1456 3041 1680 3114 pariter
1717 3040 2083 3116 jumentum3
2139 3036 2301 3114 quod

217 3127 420 3192 duxerit
453 3155 590 3198 eum
624 3140 685 3196 in
719 3138 1145 3207 diversorium,
1200 3145 1261 3197 et
1311 3138 1526 3196 dixerit
1572 3146 1638 3199 ut
1682 3156 1882 3198 curam
1926 3138 2056 3216 ejus
2104 3136 2297 3196 habe-

215 3239 352 3304 rent,
397 3236 693 3313 significat
729 3237 889 3314 quod
935 3237 1014 3295 ad
1055 3237 1190 3297 illos
1240 3241 1346 3314 qui
1391 3242 1666 3299 instructi
1702 3248 1841 3298 sunt
1881 3241 1941 3298 in
1987 3237 2298 3296 Ecclesiae

216 3325 450 3394 doctrina
485 3354 563 3396 ex
598 3336 833 3411 Verbo,
892 3339 992 3414 qui
1034 3355 1171 3396 eum
1209 3354 1424 3398 sanare
1460 3345 1710 3413 possent
1757 3338 1895 3415 plus
1948 3355 2124 3413 quam
2172 3336 2295 3411 ille,

217 3431 301 3503 qui
331 3434 513 3494 adhuc
547 3439 610 3495 in
643 3439 996 3515 ignorantia:
1035 3440 1120 3496 ita
1146 3438 1297 3498 haec
1328 3439 1516 3498 verba
1549 3439 1960 3513 intelliguntur
1991 3438 2053 3493 in
2082 3434 2265 3494 Coelo
2276 3455 2294 3513 3
2338 3439 2497 3501 [526]

217 3542 277 3585 ex
310 3535 508 3607 quibus
546 3540 723 3597 etiam
760 3544 954 3614 patet,
1017 3539 1173 3613 quod
1226 3539 1520 3598 Dominus
1534 3583 1550 3612 ‚
1608 3555 1742 3596 cum
1795 3537 1906 3593 suit
1947 3537 2008 3592 in
2052 3532 2297 3609 MundO,

215 3643 307 3701 per
348 3652 534 3696 meras
585 3638 1144 3715 correspondentias
1198 3638 1483 3715 loquutus
1537 3641 1642 3712 sit,
1699 3639 1784 3695 ita
1829 3652 1938 3712 pro
1978 3631 2199 3691 Mundo
2237 3640 2302 3693 et

214 3742 307 3800 1³1⁰
340 3732 512 3796 Coelo
553 3738 749 3796 simul.
834 3737 1130 3813 Quoniam
1160 3737 1373 3798 Oleum
1412 3736 1787 3815 significabat
1821 3735 2041 3793 bonum
2079 3734 2297 3792 amoris

217 3833 266 3883 et
294 3830 616 3912 charitatis»,
669 3846 729 3896 et
761 3856 871 3913 per
907 3838 966 3896 id
1001 3845 1287 3896 sanantur
1327 3840 1427 3915 qui
1455 3836 1845 3914 spiritualiter
1884 3837 2113 3912 aegroti
2141 3841 2295 3911 sunt,

214 3924 326 3985 ideo
362 3934 566 3995 dicitur
606 3937 681 3996 de
721 3936 1050 4013 Discipulis
1088 3937 1327 3997 Domini
1371 3936 1587 4016 „quod
1624 3935 1928 3997 unxerint
1965 3932 2094 3996 oleo
2125 3931 2294 3996 mul-

214 4027 297 4083 108
341 4033 402 4090 et'
449 4037 862 4099 sanam-inst
929 4038 1127 4097 Marc:
1195 4038 1314 4097 VI:
1387 4041 1497 4097 13.
1598 4038 1925 4096 Praeterea
1988 4035 2129 4114 quid
2188 4053 2298 4114 per

216 4119 402 4190 Oleum
446 4144 871 4213 praeparatum
916 4139 992 4197 ad
1045 4138 1352 4214 lucernas,
1412 4146 1471 4197 et
1520 4138 1664 4215 quid
1709 4156 1820 4216 per
1862 4136 2077 4197 Oleum
2111 4153 2295 4212 prae-

211 4237 458 4298 paratum
494 4237 568 4295 ad
592 4237 949 4312 UnctioneS,
988 4240 1049 4298 in
1087 4242 1290 4314 specie
1327 4239 1715 4318 significatur,
1758 4237 2032 4302 videatur
2066 4240 2125 4294 in
2164 4236 2294 4294 Aa·

302 4342 716 4407 swadenborg,
762 4354 1194 4407 Apoca1.0xpi.11.
1906 4340 1984 4395 18
