2791 4778
416 352 654 410 CAPUT
696 336 1042 420 Qmwrum.
1801 350 2014 406 vene:
2059 361 2113 412 ο.
2272 362 2379 413 105

250 514 442 585 falsa,
496 509 748 590 proinde
799 514 978 570 etiam
1032 509 1169 570 illos
1234 512 1335 587 qui
1388 512 1446 569 in
1489 513 1564 570 iis
1619 516 1776 569 sunt.
1858 510 2038 588 Apud
2084 511 2382 572 Davidem

251 613 531 694 „Sper-et
566 606 786 672 Israel
823 630 1014 690 super
1049 609 1365 685 Jelzovah,
1421 610 1576 689 quia
1620 628 1761 672 cum
1801 608 2084 670 Jehovah
2123 610 2380 672 miseri-

248 714 511 788 cordia,
554 717 614 771 et
656 711 729 773 in
765 710 922 790 Ipso
948 707 1308 790 plurimum
1337 708 1814 790 redemptioni-3,
1861 714 1921 771 et
1958 708 2086 771 Ille
2118 709 2387 771 redimet

248 810 573 876 Ierae’lem
625 829 704 872 ex
759 810 1046 872 omnibus
1100 810 1551 890 iniquitatibus
1587 809 1782 893 “iim“
1834 812 2072 870 Psalm:
2112 809 2383 876 CXXX:

248 921 322 974 ⁴7.
369 917 443 990 83
496 913 839 989 redemptio
878 929 985 987 pro
1021 911 1405 986 liberatione,
1462 910 1655 969 Israe'l
1690 929 1799 987 pro
1836 912 2143 981 Ecclesia,
2190 912 2383 971 refor-

248 1032 425 1074 mare
464 1019 525 1073 et
559 1012 817 1071 liberare
848 1031 885 1070 a
919 1012 1086 1071 falsis
1122 1011 1259 1071 illos
1297 1015 1401 1088 qui
1437 1011 1512 1069 ab
1541 1011 1813 1070 Ecclesia
1847 1018 1987 1070 sunt
2021 1012 2388 1089 significatur

249 1133 371 1192 per
404 1114 519 1173 Ille
556 1113 814 1172 redimet
840 1112 1131 1172 Israelem
1166 1111 1242 1171 ab
1271 1112 1544 1171 omnibus
1571 1111 1982 1187 iniquitatibus
2013 1113 2165 1189 ejus.
2206 1113 2388 1189 Apud

249 1214 531 1274 Eundem
580 1211 986 1292 „Integritae
1030 1216 1092 1272 et
1128 1210 1442 1273 rectitudo
1482 1210 1848 1272 custodiant
1893 1230 1989 1271 me
2001 1258 2021 1288 ,
2076 1211 2230 1292 quia
2272 1230 2387 1273 ex-

249 1313 543 1393 spectavi
583 1311 702 1386 Te,
757 1312 999 1373 redime
1031 1310 1224 1373 Deus
1262 1309 1575 1372 Israelem
1618 1330 1698 1372 ea:
1749 1311 2034 1372 omnibus
2060 1312 2388 1391 anqustiis·

251 1414 439 1495 εῇαε“
476 1412 710 1472 Psalm:
738 1412 944 1472 XXV:
981 1412 1158 1489 [21.]
1196 1417 1308 1489 223
1345 1412 1640 1472 redimere
1666 1411 1954 1473 Israe'lem
1984 1431 2057 1472 ex
2087 1415 2384 1489 angustiis

258 1515 447 1573 etiam
496 1512 592 1570 hic
640 1531 749 1587 pro
785 1512 1042 1573 liberare
1089 1512 1230 1573 illos
1279 1514 1383 1589 qui
1439 1512 1516 1571 ab
1563 1512 1839 1571 Ecclesia
1891 1530 1965 1572 ex
2014 1513 2182 1572 falsis
2231 1530 2385 1589 quae

255 1619 608 1690 angustant.
664 1612 843 1688 Apud
877 1613 1119 1690 Esajam
1159 1611 1384 1688 „Num
1424 1612 1789 1673 abbreviata
1834 1618 1930 1673 est
1968 1632 2200 1672 manus
2225 1631 2385 1686 mea,

255 1718 336 1773 ut
376 1731 503 1776 non
554 1711 644 1773 sit
678 1711 1053 1791 redemptio,
1111 1720 1229 1774 aut
1266 1732 1420 1774 num
1463 1731 1588 1772 non
1625 1712 1698 1771 in
1731 1711 1841 1771 Me
1878 1713 2085 1773 virtus
2131 1711 2221 1772 ad
2256 1713 2383 1772 eri-

241 1812 608 1896 piendum“
661 1811 739 1872 L:
775 1816 810 1870 2
830 1833 847 1889 3
888 1813 1048 1889 quod
1082 1814 1416 1889 redemptio
1452 1816 1532 1872 sit
1565 1812 1841 1872 liberatio
1876 1820 2072 1889 patet,
2115 1831 2252 1872 nam
2290 1813 2383 1871 di-

252 1917 413 1974 citur
451 1916 666 1984 etiam,
721 1931 859 1972 num
901 1913 1252 1972 abbreviata
1289 1921 1382 1972 est
1417 1930 1627 1972 manus
1661 1930 1824 1988 mea,
1863 1920 1971 1972 aut
2004 1932 2142 1974 num
2171 1932 2289 1973 non
2323 1915 2386 1971 in

251 2015 354 2073 Me
394 2017 584 2074 virtus
634 2014 711 2073 ad
763 2013 1153 2088 eripiendum.
1230 2013 1413 2089 Apud
1449 2013 1743 2072 Davidem
1801 2013 2048 2089 „Deus
2083 1989 2387 2074 eoeaddiet

249 2133 462 2175 vocem
487 2132 716 2190 meam,
756 2111 1027 2173 redimet
1064 2131 1382 2193 cumpace
1407 2113 1695 2174 animam
1724 2132 1928 2173 meam
1939 2115 1974 2145 “
2005 2114 2227 2173 Psalm:
2252 2113 2383 2172 LV:

265 2219 374 2275 18.
417 2217 500 2273 19
522 2235 537 2289 3
576 2214 875 2274 redimere
914 2232 1023 2291 pro
1061 2203 1336 2274 liberare.
1392 2214 1575 2290 Apud
1609 2214 1874 2274 Eundem
1916 2211 2209 2286 „Oanam
2240 2211 2388 2273 Tibi

252 2314 505 2376 cithara
522 2360 539 2389 ,
564 2312 815 2401 ⁸Sancte
852 2311 1157 2387 Israeli-3,
1215 2311 1570 2375 laudabunt
1625 2311 1797 2374 labia
1832 2331 2004 2387 mea,
2059 2317 2119 2371 et
2164 2311 2388 2372 anima

254 2435 396 2476 mea
422 2434 615 2495 quam
636 2414 1015 2477 redemi-siff
1042 2415 1278 2475 Psalm:
1307 2415 1537 2475 LXXI:
1572 2414 1745 2491 [22.]
1782 2415 1893 2487 233
1931 2413 2223 2471 redimere
2254 2414 2386 2470 ani-

260 2534 416 2575 mam
443 2534 554 2591 pro
579 2515 840 2574 liberare
869 2534 906 2574 a
933 2516 1117 2593 falsis;
1157 2534 1268 2594 per
1298 2518 1553 2575 animam
1583 2516 1735 2574 enim
1763 2516 1824 2572 in
1844 2512 2050 2572 Verbo
2076 2512 2384 2589 significa-

256 2625 359 2675 tur
392 2617 515 2673 vita
540 2615 710 2688 fidei,
750 2622 809 2674 et
850 2634 960 2692 per
990 2634 1094 2676 cor
1119 2619 1248 2676 vita
1279 2617 1530 2689 amoris,
1571 2631 1756 2692 quare
1798 2612 2094 2673 redimere
2129 2614 2385 2672 animam

260 2715 557 2792 significat
593 2716 849 2775 liberare
904 2733 940 2775 a
972 2717 1141 2776 salsis
1181 2724 1242 2775 et
1277 2716 1421 2776 dare
1458 2717 1642 2775 vitam
1676 2714 1831 2774 fidei.
1899 2713 2082 2791 Apud
2117 2714 2386 2774 Eundem

264 2814 585 2893 „Redime
629 2834 729 2876 me
773 2815 851 2876 ab
893 2816 1294 2896 oppressione
1327 2813 1636 2889 homini-9,
1692 2820 1767 2875 ut
1805 2812 2165 2875 custodiam
2201 2832 2386 2874 man-

257 2917 418 2978 data
459 2920 625 2978 tua“
677 2916 912 2976 Psalm:
962 2917 1205 2977 CXIX:
1265 2919 1443 2993 1343
1516 2917 1808 2976 redimere
1856 2916 1933 2975 ab
1995 2918 2386 2992 oppressione

256 3018 512 3076 hominis
552 3016 848 3093 significat.
881 3017 1139 3076 liberare
1178 3033 1215 3074 a
1249 3017 1420 3076 falsis
1457 3017 1626 3091 mali,
1680 3016 1859 3076 homo
1897 3017 2053 3076 enim
2091 3015 2390 3092 significat

254 3117 633 3177 affectionem
657 3118 787 3177 veri
821 3117 1195 3194 spiritualem
1232 3123 1293 3176 et
1327 3117 1468 3176 inde
1504 3119 1878 3192 sapientiam,
1917 3117 2064 3175 etin
2102 3118 2385 3193 opposito
2428 3130 2586 3190 [413]

251 3234 473 3291 sensu,
530 3225 598 3275 ut
631 3216 759 3291 hic,
816 3217 1156 3292 cupidinem
1207 3217 1344 3275 salsi
1399 3224 1459 3275 et
1491 3199 1629 3276 inde
1677 3218 2000 3287 insaniam,
2070 3214 2386 3292 oppressio

255 3318 385 3394 ejus
437 3318 735 3394 significat
792 3318 1258 3377 destructionem
1313 3318 1444 3376 veri
1489 3333 1600 3393 per
1648 3316 1816 3377 falsa.
1885 3315 2067 3392 Apud
2117 3315 2388 3373 Eundem

254 3415 387 3490 „In
422 3436 685 3478 manum
725 3424 903 3477 tuam
947 3415 1386 3477 commendabo
1417 3415 1723 3496 spiritum
1766 3432 1991 3487 meum,
2032 3409 2387 3473 redemeras

252 3534 352 3575 me
396 3514 684 3577 Jehovah
719 3515 913 3577 Deus
956 3517 1296 3577 veritatis“
1362 3516 1597 3575 Psalm:
1647 3513 1895 3575 XXXI:
1950 3515 2020 3587 63
2092 3511 2385 3570 redimere

258 3631 369 3691 pro
410 3604 665 3676 liberare
704 3634 741 3675 a
776 3616 943 3675 falsis
984 3624 1044 3676 et
1077 3618 1403 3699 reformare
1438 3634 1548 3692 per
1575 3633 1749 3691 vera3
1806 3615 1950 3690 quia
1986 3611 2099 3669 hoc
2136 3628 2248 3688 per
2283 3628 2384 3669 re·-

255 3714 482 3773 dimere
518 3716 907 3792 significatur,
947 3717 1083 3776 ideo
1115 3719 1295 3775 etiam
1333 3716 1549 3775 dicitur
1575 3713 1855 3803 {ehovah
1887 3712 2060 3772 Deus
2091 3713 2386 3772 veritatis.

255 3813 439 3890 Apud
469 3815 739 3875 Eundem
778 3813 908 3892 „In
930 3822 1333 3895 peccatorum
1368 3815 1667 3876 manibus
1695 3813 1993 3895 facinua,
2048 3817 2110 3871 et
2151 3812 2390 3875 dextra

253 3931 472 3974 eorum
503 3909 698 3994 plena
723 3920 820 3976 eet
846 3934 1099 3978 munere
1109 3936 1138 3988 ;
1173 3934 1286 3997 eqo
1313 3933 1457 3976 vero
1492 3916 1563 3975 in
1589 3914 1958 3995 inteqritate
1982 3931 2122 3975 mea
2147 3913 2386 3991 incedo,

254 4012 497 4074 redime
531 4018 591 4075 et
626 4015 928 4077 miserere
962 4015 1136 4077 mei“
1188 4016 1427 4077 Psalm:
1463 4014 1709 4075 XXVI:
1755 4017 1865 4075 10.
1909 4017 1937 4073 l
1959 4018 1987 4073 1
2015 4036 2030 4091 3
2089 4017 2385 4076 redimere

252 4131 363 4190 pro
400 4114 658 4176 liberare
697 4134 735 4176 a
768 4118 937 4176 falsis
976 4124 1035 4176 et
1070 4118 1415 4177 reformare.
1470 4115 1652 4191 Apud
1686 4115 1957 4175 Eundem
1999 4113 2111 4189 „A
2146 4112 2292 4176 dolo
2328 4119 2388 4172 et

250 4210 555 4277 violentia
596 4215 866 4277 redimet
892 4216 1179 4278 animam
1218 4234 1462 4289 eorum,
1509 4220 1569 4275 et
1599 4214 1926 4294 pretiosus
1964 4212 2086 4273 erit
2115 4211 2389 4291 eaviyuie
