2791 4778
463 386 573 439 294
798 370 1294 431 APOCALYPSIS
1336 373 1774 432 EXPLICATA.
1839 374 1885 441 ς.
1929 381 2055 435 376.
2100 381 2221 434 377.

464 539 550 594 ita
585 533 1057 609 intelligentiam.
1114 532 1184 591 In
1213 532 1591 608 Apocalypsi
1626 529 1951 606 „Oecidz't,
2007 530 2221 591 cecidit
2251 528 2511 610 Babylon,

457 634 610 697 urbs
649 650 889 712 mayna
904 676 923 707 ,
992 632 1147 711 quia
1189 649 1270 692 em
1314 631 1462 692 vino
1505 631 1645 692 irae
1691 630 2097 692 scortationis
2140 651 2282 692 suae
2316 631 2516 710 potavit

462 751 676 796 onmes
713 737 928 812 ‚qentes
944 753 966 792 .·
1020 732 1084 792 εἰ
1129 732 1275 811 quia
1312 731 1581 792 beatiam
1622 730 1855 792 adorat
1868 776 1885 807 ,
1963 729 2076 792 ille
2108 732 2256 792 bibet
2302 750 2371 791 em
2405 730 2514 790 vino

461 834 604 895 irae
652 831 791 892 Dei
836 831 1044 893 mixto
1092 851 1261 894 mero
1310 831 1381 892 in
1434 829 1631 892 calice
1683 831 1822 892 irae
1868 831 2038 902 Dei,
2089 837 2149 891 et
2198 830 2518 892 cruciabitur

459 935 611 1014 iyne
647 938 706 992 et
751 929 1102 1012 sulphur&
1142 933 1326 992 XIV:
1373 936 1432 993 8.
1471 937 1497 990 l
1517 934 1594 991 O:
1667 932 1810 990 alibi
1862 930 2274 1006 „Monstrabo
2316 930 2414 991 tibi
2432 928 2518 1012 ju-

461 1034 705 1095 dicium
770 1032 1120 1092 meretrici-s·
1178 1052 1451 1112 maynae
1512 1031 1789 1092 sedentis
1841 1050 2033 1110 super
2086 1032 2269 1111 aquis
2328 1027 2517 1102 multis,

463 1153 607 1195 cum
655 1151 784 1212 qua
821 1133 1088 1194 scortata·
1139 1137 1290 1192 eunt
1329 1152 1508 1210 reyes
1560 1137 1791 1206 terrae,
1856 1137 1918 1191 et
1949 1126 2252 1193 'inebria-ti
2298 1134 2424 1191 sunt
2462 1146 2520 1188 ex

463 1234 611 1296 vino
651 1232 1061 1294 scortationis
1104 1232 1241 1314 ejus
1290 1232 1718 1292 inhabitantes
1772 1235 2058 1292 tem-‹zm“
2115 1233 2328 1292 XVII:
2379 1236 2425 1288 1.
2462 1233 2521 1286 2:

464 1344 524 1394 et
567 1334 706 1393 alibi
755 1377 793 1407 „
811 1332 986 1409 Quia
1026 1351 1108 1393 ex
1149 1333 1293 1392 vino
1337 1333 1748 1392 scortationis
1790 1333 2050 1411 potavit
2098 1351 2303 1392 omnes
2341 1335 2521 1411 yeme,

460 1440 522 1495 et
554 1453 735 1514 reyes
762 1438 968 1494 terrae
995 1452 1137 1493 cum
1175 1451 1250 1492 ea
1276 1433 1548 1495 coartati
1582 1437 1774 1493 θωπί(
1823 1433 2073 1493 XVIII:
2120 1437 2157 1494 3
2175 1455 2191 1506 3
2240 1450 2342 1510 per
2371 1434 2525 1488 vinum

459 1539 587 1595 irae
624 1536 743 1594 Dei
778 1534 1147 1610 significatur
1197 1534 1417 1592 falsum
1463 1534 1633 1600 mali,
1695 1543 1754 1592 et
1795 1552 1906 1609 per
1953 1537 2161 1592 vinum
2210 1530 2527 1592 scortationis

465 1635 833 1711 significatur
867 1634 1248 1693 falsificatum
1285 1651 1526 1709 verum3
1584 1634 1724 1710 quid
1771 1652 1883 1711 per
1931 1635 2169 1710 reliqua
2221 1633 2527 1708 intelligitur,

459 1734 763 1794 videbitur
798 1736 857 1791 in
906 1732 1303 1812 explicatione
1353 1752 1588 1794 eorum:
1642 1741 1764 1792 tum
1806 1735 1946 1811 quid
1980 1752 2095 1810 per
2130 1735 2279 1793 haec
2313 1736 2367 1791 in
2396 1731 2528 1807 Apo-

460 1834 695 1910 calypsi
732 1831 1145 1913 „Babylonis
1187 1854 1462 1915 vna-qnae
1500 1835 1805 1895 memoria
1827 1835 2018 1914 sacta
2048 1841 2147 1894 eet
2180 1852 2380 1895 coram
2401 1831 2530 1902 Deo,

460 1931 552 1994 ad
586 1931 876 1993 dandum
915 1931 1024 1994 illi
1054 1933 1360 2014 poculum
1400 1935 1536 1995 vini
1559 1936 1820 2015 suroris
1851 1934 1989 1995 irae
2024 1933 2216 1995 Dei“
2257 1932 2412 1994 XVI:
2448 1933 2530 1989 19:

459 2033 657 2093 simile
702 2035 863 2109 quod
895 2053 1008 2112 per
1047 2038 1244 2094 vinum
1282 2038 1410 2095 irae
1445 2036 1591 2110 Dei,
1659 2037 1836 2095 etiam
1872 2036 2246 2113 significatur
2279 2052 2381 2111 per
2417 2031 2532 2091 cali-

460 2151 592 2194 cem
661 2151 772 2193 seu
818 2135 1103 2212 poculum
1156 2137 1281 2196 irae
1335 2137 1487 2195 Dei:
1544 2137 1706 2214 apud
1755 2138 2084 2198 Jeremiam
2150 2132 2386 2211 „Galim
2419 2129 2537 2192 auri

460 2232 668 2296 Bahel
715 2236 786 2297 in
838 2255 1034 2296 manu
1084 2234 1359 2297 Jehovae
1405 2236 1725 2298 imbriam
1761 2236 2131 2298 universam
2172 2243 2395 2298 terram
2410 2254 2434 2305 ;
2479 2230 2538 2290 de

458 2337 606 2399 vino
645 2335 783 2420 ejus
825 2337 1106 2399 biberunt
1154 2343 1387 2418 pentes,
1444 2335 1586 2397 ideo
1637 2338 1970 2420 insaniunt
2015 2340 2285 2417 θεηταί(
2335 2334 2433 2395 LI:
2479 2338 2533 2392 7:

453 2457 529 2499 ac
567 2439 729 2516 apud
762 2438 1059 2498 Davidem
1096 2482 1135 2513 „
1147 2436 1342 2499 Galia·
1370 2438 1440 2498 in
1465 2457 1662 2499 manu
1694 2437 1985 2513 Jehovae,
2029 2446 2094 2499 et
2130 2440 2275 2499 vino
2299 2432 2533 2505 misc-ait,

453 2535 745 2619 implevit
778 2540 1014 2613 mixte,
1064 2544 1125 2597 et
1164 2538 1412 2617 effudit,
1470 2538 1584 2599 sed
1607 2539 1785 2618 feces
1822 2540 1957 2621 ejus
1983 2543 2326 2619 exsuperia·
2378 2536 2539 2599 bibent

456 2657 669 2700 omnes
712 2639 905 2718 impii
943 2641 1192 2699 terrast
1223 2640 1465 2698 Psalm:
1500 2639 1772 2699 LXXV:
1819 2644 1877 2700 9.
1936 2640 2240 2715 Quoniam
2276 2657 2381 2715 per
2411 2637 2537 2695 Min-

454 2739 628 2799 cham
660 2747 721 2798 et
763 2739 1079 2811 Libauien,
1146 2757 1298 2815 quae
1338 2746 1509 2798 erant
1560 2741 1742 2798 Panis
1798 2749 1858 2800 et
1894 2740 2144 2811 Vinum,
2218 2739 2543 2817 significatur

456 2838 650 2898 cultus
690 2857 763 2897 ex
797 2839 952 2897 bono
990 2843 1206 2898 amoris
1247 2850 1305 2897 et
1348 2843 1509 2899 veris
1555 2840 1729 2914 fidei,
1786 2841 1923 2900 inde
1973 2842 2030 2897 in
2077 2844 2359 2917 opposito
2392 2851 2541 2896 sensu

452 2954 566 3017 per
614 2939 907 2997 mincham
957 2946 1017 2997 et
1078 2939 1338 2998 libamen
1397 2940 1765 3015 significatur
1828 2941 2023 3000 cultus
2071 2957 2144 2998 ex
2198 2942 2367 3000 malis
2418 2952 2542 3013 quae

456 3040 675 3097 amoris
724 3038 867 3096 mali
904 3047 963 3097 et
998 3055 1072 3098 ex
1108 3040 1276 3100 falsis
1325 3040 1496 3117 fidei;
1555 3031 1710 3115 quae
1747 3041 2239 3117 significabantur
2274 3058 2379 3118 per
2414 3039 2538 3096 min-

455 3138 628 3198 cham
664 3145 724 3197 et
754 3138 1034 3208 libamen,
1064 3158 1217 3216 quae
1246 3140 1650 3200 offerebantur
1689 3141 1865 3201 idolis
1902 3158 1972 3200 ac
2011 3142 2140 3218 diiS,
2184 3142 2349 3219 Esaj:
2386 3134 2542 3199 LXV:

462 3243 572 3297 11.
630 3238 790 3315 Cap:
827 3240 1030 3299 LVII:
1078 3244 1136 3300 6.
1176 3240 1416 3299 Jerem:
1457 3241 1611 3299 VII:
1661 3244 1768 3299 18.
1829 3242 1989 3317 Cap:
2026 3240 2267 3301 XLIV:
2316 3238 2539 3299 17.18.

460 3342 569 3398 19.
607 3340 834 3399 Ezech:
875 3340 1032 3400 XX:
1078 3342 1189 3399 28.
1230 3340 1427 3399 Dent:
1467 3341 1751 3401 XXXII:
1796 3344 1919 3419 383
1963 3347 2024 3400 et
2052 3341 2214 3400 alibi.
2272 3344 2361 3400 Ex
2388 3338 2543 3415 sigui-

367 3444 372 3449 ’
450 3440 725 3501 ficatione
764 3441 905 3499 Vini
940 3445 1220 3500 constare
1256 3448 1491 3518 potest,
1542 3441 1684 3517 quid
1721 3444 1779 3500 in
1809 3441 2016 3501 Verbo
2052 3442 2422 3517 significatur
2457 3452 2543 3515 per

451 3545 722 3617 vineam,
774 3560 887 3617 per
936 3544 1115 3601 vitem
1128 3507 1312 3616 ,Ῥω
1357 3542 1637 3618 palmites
1676 3544 1839 3619 ejus,
1897 3559 2127 3619 perque
2181 3559 2332 3601 uvas
2345 3588 2362 3617 ,
2415 3534 2544 3622 quod

449 3660 664 3720 nempe
699 3659 811 3719 per
845 3646 1078 3702 vineam
1114 3642 1390 3700 Ecclesia
1439 3643 1769 3718 spiritualis
1815 3659 1925 3702 seu
1976 3642 2250 3701 Ecclesia
2289 3659 2439 3719 quae
2472 3643 2543 3697 est

451 3744 512 3799 in
538 3746 696 3802 veris
735 3760 805 3801 ac
841 3742 1011 3801 bonis
1050 3743 1352 3801 doctrinae
1393 3761 1465 3800 ex
1503 3743 1729 3813 Verb0,
1766 3761 1876 3819 per
1902 3747 2080 3802 vitem
2111 3745 2245 3818 ipsa
2284 3743 2542 3805 doctrina,

449 3859 560 3916 per
594 3844 872 3917 palmites
913 3845 1041 3921 ejus
1078 3861 1223 3901 vera
1261 3861 1334 3901 ex
1371 3842 1590 3919 quibus
1635 3843 1928 3917 doctrina,
1983 3851 2042 3902 et
2084 3861 2194 3919 per
2233 3859 2376 3901 uvas
2412 3853 2542 3916 quae

450 3947 589 3998 sunt
623 3941 850 4001 fructus
888 3946 1099 4004 vineae
1138 3959 1207 4001 ac
1259 3945 1468 4002 vitium
1514 3944 1673 4002 bona
1722 3944 2025 4002 charitatis
2081 3950 2142 4003 et
2196 3943 2350 4002 bona
2395 3938 2541 3999 fidei:

448 4039 558 4098 sed
597 4039 668 4097 dc
702 4041 797 4100 his
833 4043 991 4104 alibi.
1908 4058 1914 4064 ·

607 4142 765 4197 377.
836 4142 1021 4203 Vers:
1068 4150 1126 4203 7.
1179 4151 1235 4205 8.
1308 4144 1405 4205 Et
1442 4163 1582 4205 cnm
1636 4144 1991 4223 aperuisset
2029 4141 2328 4224 ez‘yillum
2368 4156 2541 4221 quar-

448 4242 610 4312 tum>
689 4239 914 4299 audivi
978 4260 1182 4304 vocem
1235 4246 1456 4324 quarti
1504 4241 1838 4305 Animalis
1899 4244 2233 4322 dicentem,
2314 4239 2446 4304 veni
2496 4240 2543 4294 et
