2791 4778
402 336 634 391 CAPUT
676 335 1019 402 QUINTUM.
1830 336 2010 393 VERS
2025 360 2043 393 -ε
2086 351 2140 400 9.
2299 354 2370 404 97

220 496 412 561 halis
448 497 619 570 coni,
667 514 812 559 cum
856 492 1166 575 cymbalis
1216 492 1588 575 olanyorist
1639 496 1876 557 Psalm:
1918 497 2038 559 CL:
2086 500 2146 558 3.
2194 504 2258 559 4.
2298 505 2368 578 53

219 602 444 660 omnia
475 598 883 657 Instrumenta
915 595 1001 655 ibi
1035 598 1338 655 nominata
1371 596 1709 672 significant
1736 598 2113 669 affectioneS‚
2150 619 2366 662 unum-

220 700 501 778 quodvis
537 714 743 767 suam,
787 704 848 756 et
879 696 994 757 hoc
1032 713 1108 755 cx
1135 695 1558 756 concordantia
1582 699 1714 756 soni
1746 698 2000 773 illorum,
2039 707 2179 759 sunt
2207 705 2369 763 enim

218 801 591 860 affectiones
631 815 788 875 quae
822 796 1163 873 producunt
1196 798 1523 857 varietates
1558 794 1838 858 sonorum
1876 799 2040 877 apud
2073 799 2366 874 homines,

219 901 401 961 unde
440 902 623 960 etiam
661 916 734 958 ex
771 899 933 957 sonis
969 896 1314 956 affectiones
1343 906 1799 973 cognoscuntur,
1837 907 1905 958 ut
1937 916 2124 977 supra
2155 904 2217 960 in
2251 903 2367 963 hoc

221 1001 498 1061 articulo
534 1000 762 1060 dictum
799 1006 919 1057 est:
978 997 1198 1056 addam
1230 996 1325 1056 his
1354 1014 1669 1071 arcanum,
1708 999 1926 1075 Angeli
1962 1002 2065 1078 qui
2097 1003 2160 1059 in
2195 1003 2367 1063 coelo

219 1104 616 1161 constituunt
648 1098 922 1174 Regnum
965 1098 1229 1158 coeleste
1277 1097 1545 1171 Domini,
1582 1098 1866 1158 hauriunt
1898 1116 2145 1159 sensum
2178 1105 2368 1162 inter-

222 1221 387 1262 num
421 1199 611 1261 Verbi
647 1217 723 1258 ex
757 1198 891 1257 sola
927 1197 1237 1257 affectione
1272 1197 1529 1258 hominis
1565 1215 1698 1259 cum
1734 1200 1881 1276 legit
1913 1199 2210 1278 Verbum,
2261 1220 2366 1263 re-

221 1302 508 1362 sultante
573 1302 754 1359 etiam
817 1316 893 1357 ex
943 1315 1090 1357 sono
1128 1314 1346 1357 vocum
1397 1300 1460 1357 in
1506 1297 1740 1376 Lingua
1785 1302 2090 1377 originali;
2145 1303 2367 1380 Angeli

229 1409 455 1462 autem
491 1402 592 1477 qui
625 1402 686 1458 in
720 1398 930 1475 Regno
969 1398 1266 1475 spirituali
1294 1398 1537 1457 Domini
1586 1406 1753 1475 sunt,
1794 1400 2082 1461 hauriunt
2119 1419 2369 1463 sensum

230 1504 550 1559 internum
583 1516 654 1559 ex
687 1502 845 1558 veris
883 1516 1038 1576 quae
1074 1501 1381 1558 continent
1416 1516 1598 1558 voces
1617 1520 1636 1576 3
1689 1501 1827 1560 inde
1866 1518 1942 1559 ex
1973 1501 2182 1580 Regno
2220 1520 2364 1563 coc-

234 1602 396 1660 lesti
433 1606 527 1659 est
560 1599 834 1676 gaudium
861 1599 1057 1659 cordis
1092 1599 1315 1659 homini
1353 1602 1456 1675 qui
1487 1603 1547 1658 in
1575 1600 1885 1661 affectione
1913 1602 2214 1680 spirituali
2249 1611 2364 1679 est,

231 1710 305 1760 et
346 1718 424 1760 ex
458 1699 668 1776 Regno
710 1699 1004 1775 spirituali
1040 1700 1337 1759 confessio
1392 1717 1466 1759 ex
1516 1701 1620 1760 illo
1656 1701 1874 1779 gaudio
1886 1722 1903 1777 ς
1958 1706 2090 1762 soni
2137 1706 2366 1763 instru-

232 1808 584 1862 mentorum
617 1799 1011 1875 Musicorum,
1069 1817 1222 1875 quae
1257 1800 1341 1859 ibi
1375 1802 1677 1861 nominata
1714 1810 1882 1877 sunt,
1941 1804 2180 1863 elevant
2214 1804 2365 1864 affe·

230 1905 534 1976 ctionem,
592 1908 655 1961 et
688 1917 836 1959 vera
868 1901 1125 1961 formant
1184 1900 1381 1961 illam:
1438 1901 1597 1976 quod
1658 1905 1742 1961 ita
1792 1907 1902 1978 sit,
1960 1906 2141 1964 etiam
2184 1906 2367 1983 periti

230 2006 388 2063 artis
417 2002 688 2063 Musicae
716 2004 941 2060 sciunt:
982 2001 1056 2060 ob
1086 2000 1248 2059 illam
1286 2018 1532 2061 causam
1556 2003 1780 2062 Psalmi
1807 2003 2055 2063 Davidis
2092 2004 2367 2065 dicuntur

230 2104 471 2163 Psalmi
506 2120 544 2160 a
579 2101 874 2179 psallere,
917 2110 978 2160 et
1017 2118 1255 2178 quoque
1293 2102 1539 2163 Cantica
1577 2121 1614 2160 a
1649 2121 1894 2180 caner03
1950 2105 2367 2182 psallebantur

233 2206 402 2263 enim
441 2210 503 2263 et
537 2202 906 2262 canebantur
942 2219 1076 2263 cum
1111 2201 1407 2278 adjunctis
1444 2206 1607 2262 sonis
1647 2207 1945 2264 variorum
1997 2208 2363 2264 instrumen-

234 2312 439 2364 torum
453 2324 472 2379 3
527 2302 688 2380 quod
721 2302 949 2362 Psalmi
999 2302 1075 2360 ab
1109 2301 1593 2378 Ipsowdicantur,
1652 2310 1859 2362 notum
1908 2312 2029 2377 est,
2086 2306 2367 2378 quoniam

239 2404 519 2481 plerique
553 2404 659 2463 illa
690 2406 964 2481 inscripti
998 2411 1165 2477 sunt3
1223 2407 1325 2479 qui
1360 2411 1560 2463 autem
1600 2404 1874 2464 dicuntur
1902 2404 2192 2478 Cam-ren,
2229 2410 2369 2463 sunt

247 2511 574 2578 sequentes
596 2549 612 2577 ,
646 2503 881 2563 Psalm:
910 2504 1156 2564 XVIII:
1201 2508 1254 2562 1.
1294 2505 1533 2563 Psalm:
1573 2504 1880 2565 XXXIII:
1935 2508 1990 2563 l.
2028 2507 2088 2563 2.
2127 2503 2364 2564 Psalm:

247 2600 448 2662 XLV:
493 2606 552 2661 1.
621 2602 858 2664 Psalm:
910 2603 1147 2665 XLVI:
1206 2607 1262 2661 1.
1329 2606 1563 2663 Psalm:
1625 2605 1925 2664 XLVIII:
1983 2610 2041 2663 1.
2119 2604 2362 2666 Psalm:

248 2701 447 2762 LXV:
509 2706 564 2760 l.
640 2701 870 2763 Psalm:
924 2703 1155 2765 LXVI:
1220 2709 1277 2762 1.
1365 2705 1600 2764 Psalm:
1651 2705 1920 2765 LXVII:
1989 2708 2047 2764 1.
2126 2705 2385 2767 Psalm:

242 2801 549 2863 LXVIII:
595 2806 653 2862 1.
724 2804 953 2864 Psalm:
982 2805 1335 2891 LXXVgl.
1411 2805 1645 2865 Psalm:
1682 2805 1969 2866 LXXVI:
2010 2810 2065 2866 1.
2125 2806 2361 2866 Psalm:

244 2902 748 2981 [LXXX1H21.]
786 2902 1182 2966 LXXXVII:
1230 2910 1285 2965 1.
1323 2905 1546 2965 Psalm:
1581 2906 2006 2966 LXXXVIII:
2045 2912 2101 2966 1.
2137 2906 2366 2968 Psalm:
2405 2944 2408 2947 >

237 3005 449 3066 XCII:
507 3008 559 3063 1.
631 3005 868 3065 Psalm:
920 3004 1151 3065 XCVI:
1213 3010 1271 3064 1.
1343 3005 1580 3065 Psalm:
1632 3005 1931 3067 XCVIII:
1995 3011 2054 3067 1.
2126 3007 2364 3068 Psalm:

239 3103 482 3167 CVIII:
542 3108 600 3164 1.
682 3105 922 3165 Psalm:
982 3106 1188 3166 CXX:
1249 3111 1303 3166 1.
1387 3107 1626 3165 Psalm:
1685 3106 1924 3166 CXXI:
1987 3112 2046 3166 1.
2126 3107 2363 3168 Psalm:

240 3203 517 3267 CXXII:
553 3208 614 3263 1.
665 3205 900 3265 Psalm:
943 3205 1246 3266 CXXIII:
1293 3212 1351 3266 l.
1410 3206 1648 3265 Psalm:
1689 3206 1973 3267 CXXIV:
2014 3211 2072 3266 1.
2128 3206 2361 3267 Psalm:

239 3302 498 3367 CXXV:
544 3308 605 3365 1.
660 3305 899 3365 Psalm:
942 3305 1228 3367 CXXVI:
1268 3311 1327 3367 1.
1378 3306 1610 3366 Psalm:
1660 3306 1972 3366 CXXVII.
2020 3311 2080 3367 1.
2125 3306 2361 3366 Psalm:

239 3402 591 3467 CXXVIII:
629 3408 689 3464 1.
742 3407 975 3466 Psalm:
1017 3406 1306 3468 CXXIX:
1345 3411 1402 3466 l.
1450 3407 1684 3465 Psalm:
1716 3406 1972 3467 CXXX:
2009 3411 2069 3465 1.
2131 3404 2365 3464 Psalm:

246 3501 548 3567 CXXXI:
614 3511 670 3565 1.
743 3505 979 3566 Psalm:
1036 3505 1372 3568 CXXXII:
1437 3508 1493 3565 1.
1586 3507 1820 3567 Psalm:
1878 3503 2239 3564 CXXXIII:
2301 3507 2360 3562 1.

244 3600 478 3665 Psalm:
515 3605 866 3668 CXXXIV:
906 3611 964 3666 1.
1013 3607 1199 3666 Plura
1234 3607 1307 3668 dc
1339 3606 1533 3666 Cantu
1572 3614 1631 3666 et
1667 3606 1741 3665 de
1774 3605 2019 3664 Cantico
2058 3621 2132 3663 ex
2158 3603 2364 3664 Verbo

252 3699 467 3764 adduci
514 3713 793 3784 possent,
851 3713 912 3765 et
934 3707 1183 3767 ostendi
1245 3707 1407 3784 quod
1454 3707 1785 3782 significent
1835 3706 2242 3765 confessiones
2289 3722 2367 3766 ex

253 3802 469 3872 gaudio
493 3805 708 3882 cordis,
736 3807 847 3866 sed
873 3806 1290 3883 relinquuntur
1317 3807 1391 3867 ob
1421 3806 1851 3883 pluralitatem,
1879 3805 2181 3867 sufficiunt
2208 3823 2365 3884 quae

254 3898 507 3962 adducta
540 3914 696 3967 sunt.

404 4005 563 4064 327.
619 4005 941 4079 Dicentes‚
978 4008 1192 4086 dignus
1233 4025 1299 4070 es
1344 4010 1620 4086 accipere
1656 4008 1872 4068 librum
1910 4016 1969 4068 et
2006 4010 2241 4087 aperire
2274 4008 2364 4067 si-

251 4097 390 4170 gilla
442 4105 602 4183 ejus,
657 4108 818 4186 quod
867 4109 1163 4186 significet
1211 4109 1375 4186 quod
1409 4110 1666 4168 Domino
1722 4126 1799 4168 ex
1830 4109 2051 4168 Divino
2087 4108 2365 4167 Humano

247 4199 323 4257 sit
371 4202 816 4286 omnipotentia
864 4216 927 4268 et
979 4209 1441 4279 Omniscientia,
1507 4216 1742 4270 constat
1793 4225 1868 4268 ex
1920 4206 2191 4266 omnibus
2242 4203 2364 4263 illis

341 4318 772 4377 Swedcnborg‚
818 4323 1007 4376 pral.
1038 4325 1150 4378 cupi.
1185 4325 1249 4365 11.
2007 4311 2035 4328 μ’
