2791 4778
2647 125 2656 246 ἶ

470 383 583 437 206
776 401 782 408 ·
825 372 1318 429 APOCALYPSIS
1359 372 1797 433 EXPLIOATA.
1854 373 1903 442 §0
1943 383 2074 439 357.
2117 380 2243 435 358.
2651 387 2667 521 l

468 551 641 609 num3
697 549 806 608 per
844 532 1123 610 clypeum
1158 533 1376 592 falsum
1414 533 1732 593 destruens
1769 531 2005 609 verum3
2063 550 2174 608 per
2208 548 2395 589 arcum
2430 548 2537 590 cum
2634 525 2671 640 Ἶ

470 634 607 692 telis
647 633 914 692 doctrina
950 650 1082 691 cum
1122 635 1247 692 suis
1283 633 1483 707 falsis3
1537 651 1649 709 per
1685 633 1968 692 baculum
2004 649 2216 691 manus
2267 637 2322 689 et
2351 632 2540 689 hastam

472 733 841 809 significatur
875 735 1147 809 potentia
1184 741 1243 792 et
1293 734 1651 792 confidentia
1701 735 1975 810 propria,
2026 732 2240 809 quales
2291 739 2417 791 sunt
2451 730 2545 788 illis

474 836 670 911 quiin
707 840 951 892 externo
991 833 1156 893 cultu
1191 844 1423 910 ponunt
1474 852 1647 893 omne
1695 834 2006 893 Ecclesiae
2059 841 2122 890 et
2168 833 2303 893 iude
2349 832 2544 904 salutis;

471 935 631 1017 quod
675 934 1003 993 accendent
1042 934 1162 992 illis
1200 937 1394 1011 ignem
1424 941 1660 1010 septem
1693 935 1886 1008 annis,
1928 934 2228 1009 significat
2259 933 2407 1010 quod
2428 930 2547 989 falsa

473 1042 534 1093 et
571 1034 730 1092 mala
774 1034 877 1092 illa
923 1050 1172 1110 prorsus
1230 1037 1710 1111 exstinguentur,
1775 1042 2011 1111 septem
2061 1036 2207 1092 anni
2267 1032 2547 1110 significant
2677 987 2680 1108 i

473 1137 687 1209 omnia,
742 1134 984 1209 plenum
1021 1141 1081 1191 et
1115 1151 1395 1210 prorsus,
1453 1135 1727 1193 videatur
1762 1151 1950 1209 supra
1983 1153 2058 1191 n:
2107 1135 2273 1192 257.
2318 1135 2460 1193 300.

611 1237 647 1294 3
665 1237 772 1293 58.
805 1234 882 1292 Et
907 1233 1048 1292 data
1077 1242 1169 1292 est
1198 1223 1310 1322 [ei]
1327 1251 1565 1309 corona,
1589 1235 1748 1310 quod
1768 1234 2062 1309 significet
2090 1236 2279 1297 vitam
2299 1243 2555 1293 aeternam

472 1352 627 1410 quae
676 1336 960 1393 victoriae
1010 1337 1373 1410 praemium,
1434 1341 1670 1393 constat
1711 1352 1783 1393 ex
1833 1335 2273 1412 significatione
2322 1346 2549 1397 coronae,

471 1452 606 1494 cum
643 1436 837 1510 agitur
872 1434 947 1493 de
982 1453 1186 1511 pugna
1221 1435 1548 1511 spirituali,
1602 1442 1672 1493 ut
1712 1435 1838 1509 hic,
1880 1435 2043 1512 quod
2080 1437 2162 1493 sit
2197 1437 2320 1494 vita
2347 1438 2553 1493 aeterna

473 1553 628 1611 quae
664 1536 949 1593 victoriae
997 1536 1326 1611 praemium
1341 1557 1358 1613 3
1418 1536 1576 1612 quod
1624 1536 1721 1594 hic
1776 1542 1991 1611 agatur
2039 1534 2114 1593 de
2162 1552 2366 1613 pugna
2406 1532 2550 1608 spiri-

470 1636 650 1709 tuali,
726 1641 959 1692 constat
1014 1653 1088 1693 ex
1153 1636 1646 1695 antecedentibus
1700 1641 1759 1693 et
1810 1634 2207 1711 sequentibus
2222 1658 2240 1713 3
2305 1637 2364 1692 in
2411 1638 2550 1690 ante-

472 1734 820 1795 cedentibus
886 1734 1130 1810 dicitur,
1202 1736 1361 1812 quod
1417 1737 1634 1795 sedens
1681 1752 1866 1810 super
1927 1737 2095 1812 Equo
2153 1737 2294 1796 albo
2343 1732 2553 1792 haberet

470 1852 704 1907 arcum,
764 1838 824 1890 et
857 1851 966 1909 per
1002 1845 1202 1893 arcum
1241 1837 1609 1913 significatur
1654 1836 1921 1895 doctrina
1966 1837 2279 1896 charitatis
2328 1841 2384 1893 et
2423 1830 2550 1902 fidei,

472 1953 545 1994 ex
585 1951 704 2010 qua
728 1941 1028 2010 pugnatur
1064 1943 1271 1993 contra
1306 1937 1466 1995 mala
1502 1941 1562 1996 et
1596 1936 1781 2009 salsa,
1838 1944 1898 1996 et
1937 1937 2311 2014 dissipantur
2341 1934 2461 2007 illa3
2505 1933 2551 1987 et

473 2052 708 2113 quoque
749 2052 824 2094 ex
865 2036 1289 2111 sequentibus,
1351 2038 1413 2095 in
1449 2037 1665 2113 quibus
1701 2038 1947 2118 dicitur,
2015 2043 2075 2096 et
2123 2040 2312 2098 exivit
2344 2035 2551 2093 vincens

474 2144 534 2195 et
567 2142 635 2194 ut
668 2137 962 2208 vinceret,
999 2153 1110 2211 per
1146 2153 1300 2210 quae
1337 2138 1708 2213 significatur
1744 2139 1997 2196 victoria
2042 2137 2393 2215 superilla3
2441 2129 2550 2191 inde

271 2245 431 2307 [482]
472 2255 583 2315 per
618 2253 896 2296 coronam
932 2236 1026 2294 hic
1061 2236 1426 2311 significatur
1450 2241 1576 2296 vita
1611 2245 1858 2296 aeterna
1895 2256 2049 2315 quae
2088 2242 2369 2299 victoriae
2402 2247 2551 2311 prae·

471 2341 671 2399 mium.
753 2321 959 2398 Simile
1013 2336 1379 2413 significatur
1424 2356 1533 2415 per
1569 2338 1865 2398 Coronam
1902 2339 2004 2398 ubi
2043 2342 2244 2418 agitur
2281 2339 2352 2397 de
2386 2337 2549 2394 tenta-

466 2439 757 2513 tionibus»,
835 2441 1112 2513 quoniam
1173 2441 1534 2498 tentationes
1604 2445 1741 2497 sunt
1800 2457 2039 2517 pugnae
2093 2438 2460 2517 spiritualeS‚
2501 2436 2551 2488 ut

464 2541 525 2598 in
562 2540 773 2614 Capite
808 2538 873 2599 H
908 2538 1090 2616 hujus
1135 2538 1331 2613 Libri,
1403 2539 1507 2598 ubi
1540 2540 1694 2599 haec
1735 2539 1947 2614 „Ecce
1969 2540 2284 2620 futurum
2324 2545 2394 2600 ut
2431 2551 2549 2595 oon·

447 2639 654 2722 jiciat
691 2657 770 2699 ecc
815 2638 987 2698 vobis
1031 2635 1324 2699 diabolus
1360 2639 1431 2700 in
1471 2640 1833 2700 custodiam
1873 2648 1947 2702 ut
1982 2643 2325 2717 tentemini,
2378 2642 2433 2698 et
2456 2633 2550 2694 ha·

467 2738 690 2799 bebitis
751 2738 1166 2819 afflictionem
1218 2739 1439 2812 diebus
1493 2739 1736 2812 decem;
1801 2747 1931 2801 esto
1977 2741 2202 2823 fidelis
2264 2757 2448 2822 usque
2483 2728 2553 2793 ad

467 2842 762 2913 mortem,
813 2844 872 2897 et
909 2838 1068 2899 dabo
1113 2839 1231 2900 tibi
1269 2859 1565 2901 coronam
1615 2842 1828 2901 vitae“
1889 2843 2078 2903 Vers:
2136 2847 2253 2920 103
2312 2833 2552 2919 quodibi

468 2957 580 3017 per
616 2955 895 2998 coronam
938 2940 1304 3016 significetur
1340 2944 1640 3018 sapientia
1677 2950 1737 3002 et
1771 2943 2024 3002 felicitas
2063 2951 2336 3020 aeterna,
2374 2938 2549 3000 videa-

469 3047 566 3098 tur
603 3056 806 3116 supra,
847 3058 916 3097 n:
966 3043 1142 3116 1263
1197 3043 1497 3116 sapientia
1534 3050 1592 3100 et
1627 3043 1881 3102 felicitas
1924 3052 2171 3104 aeterna
2204 3042 2382 3103 simul
2414 3052 2549 3098 sum-

468 3148 568 3198 tae
605 3146 748 3198 sunt
781 3143 905 3198 vita
942 3147 1206 3210 aeterna,
1242 3159 1378 3201 nani
1416 3146 1475 3200 in
1513 3144 1812 3219 sapientia
1838 3152 1897 3203 et
1921 3146 1982 3202 in
2012 3146 2301 3204 felicitate
2342 3148 2550 3202 aeterna

473 3247 566 3299 est
606 3242 740 3316 ipsa
777 3243 903 3298 vita
948 3242 1116 3300 coeli.
1197 3228 1403 3301 Simile
1452 3243 1816 3318 significatur
1866 3262 1979 3320 per
2026 3262 2306 3304 coronam
2357 3243 2549 3312 marty⁶

467 3360 628 3417 rum,
686 3343 966 3416 quoniam
1008 3342 1094 3400 illi
1132 3345 1195 3401 in
1236 3342 1557 3401 afflictione
1605 3343 1876 3418 fuerunt,
1942 3351 2001 3403 et
2035 3345 2243 3404 fideles
2279 3357 2463 3422 usque
2492 3329 2550 3392 ad

468 3450 743 3515 mortem,
799 3449 858 3501 et-
895 3459 1135 3518 quoque
1172 3444 1231 3500 in
1267 3444 1695 3502 tentationibus
1708 3488 1725 3519 ,
1784 3451 1844 3504 et
1893 3436 2194 3522 'vicerunt3
2253 3448 2427 3505 etiam
2457 3436 2550 3496 ffliss

465 3552 606 3620 post
642 3551 889 3603 mortem
929 3543 1103 3603 datae
1155 3549 1293 3602 sunt
1339 3561 1626 3619 coronae,
1684 3545 1793 3603 sed
1830 3563 1906 3604 ne
1958 3545 2243 3604 honorem
2289 3546 2403 3604 sibi
2440 3535 2547 3599 inde

466 3652 832 3721 arrogarent,
873 3650 932 3701 et
969 3647 1055 3702 sic
1094 3644 1465 3703 attraherent
1500 3646 1739 3719 fastum,
1778 3645 2118 3721 rejecerunt
2142 3647 2277 3704 illas
2315 3663 2349 3704 e
2386 3639 2548 3720 capite

237 3778 293 3797 0
464 3761 593 3803 suo.
676 3745 833 3819 Quia
866 3761 976 3818 per
1012 3745 1173 3804 bella
1206 3748 1266 3803 in
1302 3745 1508 3803 Verbo
1546 3744 2153 3822 significanturbella
2185 3748 2247 3804 in
2285 3734 2549 3821 spirituali

466 3860 681 3912 sensu,
737 3861 890 3918 quae
927 3851 1066 3902 sunt
1099 3861 1339 3920 pugnae
1378 3853 1585 3904 contra
1619 3845 1779 3904 mala
1819 3851 1880 3904 et
1913 3845 2095 3921 falsa,
2153 3854 2213 3904 et
2245 3863 2356 3922 per
2381 3845 2547 3917 Reges

464 3942 876 4018 significantur
923 3959 1070 4001 vera
1120 3960 1194 4001 ex
1242 3943 1400 4000 bono
1449 3961 1602 4018 quae
1664 3953 1871 4006 contra
1922 3946 2027 4005 illa
2078 3952 2377 4023 pugnant,
2441 3935 2546 4002 inde

466 4044 726 4116 antiquis
762 4041 1166 4116 temporibus,
1224 4041 1461 4118 quando
1515 4045 1579 4102 in
1625 4048 1877 4106 scientia
1923 4047 2547 4124 correspondentiarum

465 4150 527 4202 et
561 4143 1183 4219 repraesentationum
1216 4143 1484 4217 fuerunt,
1522 4144 1721 4222 Reges
1757 4149 1819 4205 in
1845 4147 2091 4222 praeliis
2117 4147 2423 4207 habebant
2450 4142 2540 4202 Co·

462 4260 671 4302 ronam
707 4260 893 4319 super
928 4240 1141 4318 Capite
1178 4251 1239 4303 et
1273 4244 1568 4303 armillam
1620 4263 1806 4325 super
1849 4245 2128 4322 brachi0‚
2193 4253 2260 4306 ut
2302 4250 2545 4307 constare
