2791 4778
356 362 595 420 CAPUT
632 365 940 419 SEXTUM.
1250 357 1264 368 ⁵
1746 364 1922 421 VERS
1942 388 1954 420 ε
1999 376 2052 428 2.
2211 376 2320 429 207

204 531 395 602 potest
444 542 520 583 ex
570 525 748 584 Libro
784 525 847 584 H
887 524 1186 585 Samuelis
1234 522 1461 600 „Puer
1493 521 1687 607 filius
1726 523 2158 602 Amalekitae,
2214 527 2326 609 qui

200 624 520 690 nuntiavit
572 623 859 701 Davidi,
929 624 1099 704 quod
1135 633 1429 687 mortuus
1471 633 1634 687 esset
1668 624 1835 687 Saul
1872 633 1932 686 et
1970 626 2321 704 Jonathan,

201 725 402 799 dixit,
457 725 605 785 veni
643 724 714 785 in
761 732 1036 786 montem
1077 724 1345 786 Gilboae
1359 770 1377 800 ,
1447 744 1590 786 oum
1630 744 1760 786 ecoe
1802 725 1968 788 Saul
2015 727 2324 788 niteretur

199 828 265 888 in
293 825 555 887 hastam
581 845 795 900 suam,
847 844 923 886 ae
960 844 1185 887 eume
1222 831 1280 885 et
1323 825 1515 887 duces
1549 834 2073 906 persequerentur
2109 826 2318 902 illum,

199 932 256 987 et
294 925 475 987 dixit
514 924 609 986 ad
648 945 776 1002 me,
827 926 967 986 veni
1006 932 1065 986 et
1102 925 1311 986 occide
1351 945 1478 1001 me,
1536 934 1596 987 et
1634 928 1785 988 steti
1824 935 2041 988 contra
2078 947 2220 989 eum
2264 933 2324 989 et

199 1025 396 1088 occidi
429 1024 629 1087 illum
646 1046 675 1098 ,·
726 1031 787 1085 et
825 1026 1036 1105 accepi
1074 1045 1368 1086 coronam
1408 1045 1568 1105 quae
1602 1036 1798 1106 super
1824 1028 2030 1107 capite
2056 1028 2211 1110 ejus,
2264 1034 2324 1090 et

200 1124 526 1188 millam
554 1146 714 1206 quae
739 1146 931 1206 super
959 1125 1230 1201 brachio,
1260 1134 1318 1187 et
1343 1125 1594 1186 adduco
1621 1146 1695 1187 ea
1719 1126 1811 1187 ad
1839 1132 1941 1188 τῷ(
1969 1128 2018 1187 I:
2066 1132 2127 1187 6.
2165 1134 2222 1190 8.
2262 1131 2322 1189 9.

208 1230 309 1301 103
338 1226 582 1287 Corona
608 1230 668 1287 in
686 1228 931 1304 praeliis
963 1234 1101 1286 tunc
1129 1228 1241 1286 fuit
1265 1230 1495 1304 insigne
1519 1246 1777 1305 pugnae,
1806 1236 1865 1287 et
1885 1228 2117 1289 armilla
2136 1247 2321 1306 super

200 1326 432 1386 brachio
456 1328 589 1386 suit
621 1328 853 1405 insigne
890 1310 1213 1403 potentiae,
1262 1330 1573 1404 utriusque
1611 1336 1819 1388 eontra
1854 1329 2014 1388 mala
2042 1336 2100 1389 et
2133 1330 2288 1388 falsa
2301 1349 2317 1404 3

201 1426 308 1486 hae
335 1431 513 1487 etiam
540 1446 783 1505 pugnae
818 1446 930 1504 per
957 1428 1190 1503 praelia
1218 1428 1412 1487 ubivis
1437 1429 1497 1486 in
1525 1429 1747 1502 Verb0,
1789 1432 1965 1487 etiam
1995 1430 2318 1504 Historiae,

203 1528 638 1604 significantur:
677 1528 837 1605 quod
875 1528 1125 1587 Armilla
1159 1544 1344 1604 super
1373 1528 1618 1589 brachio
1655 1530 1950 1605 significet
1991 1532 2321 1606 potentiam

206 1631 324 1687 veri
357 1647 430 1687 ex
462 1629 629 1689 bono
648 1674 665 1703 ,
722 1628 1000 1687 videatur
1035 1646 1106 1685 n:
1166 1629 1377 1687 3105.
1471 1629 1628 1705 Quid
1662 1647 1840 1706 porro
1891 1629 2164 1690 Coronae
2216 1648 2319 1689 re-

208 1745 363 1804 gum,
412 1735 473 1788 et
509 1729 788 1814 Coronae
819 1732 878 1787 in
915 1745 1171 1804 genere,
1221 1729 1585 1805 significant,
1631 1717 1906 1789 videatur
1942 1749 2010 1788 n:
2056 1734 2140 1789 27
2158 1733 2218 1790 2.

352 1830 511 1889 359.
588 1830 665 1888 Et
716 1831 900 1888 exivit
951 1832 1193 1887 vincens
1245 1837 1304 1888 et
1352 1838 1418 1888 ut
1464 1832 1758 1905 vinceret,
1825 1830 1985 1907 quod
2027 1831 2322 1907 significet

208 1932 585 1990 remotionem
622 1930 914 1988 malorum
944 1936 1005 1988 et
1028 1929 1167 1988 inde
1194 1929 1483 1988 falsorum
1511 1933 1570 1989 in
1595 1931 1711 1989 fine
1739 1932 1899 1990 vitae
1930 1939 1989 1989 et
2015 1940 2233 2008 postea
2260 1932 2319 1989 in

211 2035 529 2104 aeternum,
586 2036 820 2090 constat
857 2048 928 2088 ex
967 2028 1397 2104 significatione
1426 2034 1664 2091 vincere
1702 2033 1761 2089 in
1790 2031 2011 2103 Verbo,
2053 2032 2213 2107 quod
2241 2033 2319 2089 sit

212 2131 587 2204 spiritualiter
611 2133 870 2204 vincere,
899 2128 1059 2206 quod
1079 2138 1171 2188 est
1193 2130 1520 2209 subjugare
1549 2132 1707 2189 mala
1744 2138 1803 2189 et
1825 2131 2005 2206 falsa3
2036 2131 2146 2189 sed
2168 2131 2321 2191 haee

217 2231 343 2303 quia
372 2249 487 2289 non
512 2232 691 2290 aliter
715 2215 1050 2299 ⁸vincuntur,
1090 2248 1268 2305 quam
1305 2231 1465 2307 quod
1505 2238 1933 2289 removeantur
1962 2247 1999 2288 a
2041 2231 2316 2303 Domino,

215 2328 337 2388 inde
365 2349 468 2408 per
487 2335 732 2392 vincere
761 2330 1127 2408 significatur
1151 2333 1402 2391 remotio
1431 2332 1718 2389 malorum
1738 2338 1797 2388 et
1823 2330 2130 2389 falsorum:
2161 2330 2322 2406 quod

221 2430 364 2488 mala
390 2439 445 2491 et
472 2433 628 2492 falsa
645 2439 1066 2492 removeantur
1095 2439 1154 2490 et
1187 2450 1307 2491 non
1335 2432 1771 2509 abstergantur,
1812 2448 1922 2489 seu
1957 2431 2116 2507 quod
2144 2431 2318 2489 homo

227 2526 530 2592 detineatur
567 2534 641 2592 ab
671 2533 787 2591 illis
818 2540 877 2590 et
903 2540 1176 2592 teneatur
1203 2535 1263 2590 in
1287 2532 1445 2591 bono
1475 2538 1536 2590 et
1569 2549 1712 2591 vero
1747 2551 1780 2588 a
1804 2532 2080 2605 Domino,
2106 2530 2318 2589 videa-

223 2632 315 2686 tur
341 2633 396 2689 in
426 2632 749 2694 Doernnu
784 2633 997 2692 Noun
1025 2635 1510 2692 Hmaosomme
1541 2650 1598 2690 n:
1644 2634 1673 2689 1
1693 2635 1803 2692 66:
1844 2640 1904 2691 et
1945 2633 2002 2689 in
2035 2632 2319 2690 Ancaeus

224 2726 616 2794 Connnsmnns
661 2752 731 2792 n:
777 2735 937 2793 865.
984 2736 1145 2794 868.
1191 2735 1354 2792 887.
1418 2735 1579 2793 894.
1622 2735 1779 2792 929.
1840 2733 2052 2793 1581.
2097 2733 2311 2790 2116.

229 2830 417 2892 2406.
457 2836 674 2894 4564.
717 2836 928 2894 8206.
969 2836 1181 2894 8393.
1224 2836 1437 2892 8988.
1502 2835 1713 2892 9014.
1771 2834 1956 2893 9333
2000 2832 2076 2890 ad
2110 2833 2320 2891 9338.

230 2928 417 2992 9446.
465 2937 680 2993 9447.
731 2936 942 2994 9448.
989 2934 1199 2993 9451.
1255 2935 1517 2994 10057.
1571 2934 1833 2993 10060.
1875 2933 2089 2992 dieitur
2137 2933 2320 2992 exivit

223 3030 441 3093 vincens
479 3042 542 3094 et
570 3042 636 3093 ut
661 3037 946 3109 vinceret,
979 3043 1037 3092 et
1060 3052 1170 3110 per
1208 3036 1393 3094 exivit
1424 3036 1670 3093 vincens
1709 3034 2079 3110 significatur
2113 3050 2313 3092 remo-

222 3128 295 3186 tio
324 3135 609 3194 malorum
646 3141 707 3193 et
741 3135 878 3194 inde
918 3135 1207 3194 salsorum
1243 3134 1320 3192 ad
1362 3135 1540 3193 finem
1578 3136 1769 3206 vitae,
1828 3141 1887 3192 et
1922 3151 2032 3210 per
2070 3139 2135 3191 ut
2176 3134 2315 3190 vin-

223 3239 368 3289 ceret
409 3235 778 3313 significatur
832 3241 890 3292 et
955 3242 1171 3310 postea
1221 3237 1280 3293 iu
1332 3240 1675 3310 aetermam
1748 3253 1884 3292 nam
1940 3236 2043 3310 qui
2089 3237 2319 3309 pugnat

224 3338 405 3391 contra
436 3335 599 3394 mala
635 3343 696 3394 et
731 3335 917 3403 salsa,
973 3343 1033 3394 et
1068 3337 1250 3395 vineit
1284 3334 1390 3393 illa
1440 3336 1499 3393 in
1539 3334 1755 3392 mundo
1795 3351 1987 3409 usque
2025 3332 2103 3388 ad
2138 3332 2318 3390 finem

224 3428 392 3502 vitae,
439 3438 492 3495 is
548 3437 732 3495 vincit
767 3434 871 3493 illa
913 3437 973 3493 in
1025 3441 1365 3511 aeternum3
1421 3431 1598 3493 homo
1653 3436 1810 3494 enim
1864 3431 2056 3508 qualis
2108 3437 2201 3487 est
2245 3445 2317 3488 ex

228 3535 475 3594 anteacta
512 3538 641 3594 vita
675 3538 735 3593 in
770 3535 886 3594 fine
923 3538 1083 3594 vitae
1121 3552 1296 3608 suae,
1357 3535 1494 3594 talis
1548 3539 1861 3611 permanet
1897 3533 1956 3589 iu
1992 3534 2318 3588 aeternum.

229 3623 382 3701 Quod
423 3639 663 3695 vincere
715 3635 1011 3712 significet
1057 3636 1452 3712 spiritualiter
1490 3637 1765 3701 vincere,
1820 3639 1911 3691 est
1967 3631 2108 3706 quia
2154 3628 2314 3686 Ver-

227 3722 349 3789 bum
379 3735 436 3792 in
470 3739 606 3794 sinu
641 3753 752 3794 suo
796 3744 888 3795 est
925 3736 1267 3810 spirituale,
1323 3752 1436 3795 seu
1474 3737 1534 3793 in
1584 3736 1719 3793 sinu
1767 3750 1877 3792 suo
1916 3732 2039 3807 agit
2075 3729 2150 3789 de
2186 3732 2316 3806 spi-

227 3826 540 3910 ritualibus,
606 3845 667 3894 et
701 3853 818 3894 non
854 3835 928 3894 de
964 3837 1383 3911 terrestribus;
1443 3835 1782 3908 terrestria,
1836 3850 1989 3909 quae
2038 3833 2096 3888 iu
2135 3847 2320 3890 sensu

230 3921 420 4016 literae.
448 3936 580 4012 ejus
617 3942 785 4011 sunt,
862 3935 1038 3995 modo
1076 3937 1407 3996 inserviunt
1443 3937 1649 3995 sensui
1684 3933 1984 4010 spirituali
2032 3932 2165 4010 ejus
2209 3950 2319 4009 pro
2413 3922 2418 3925 ’

230 4021 487 4104 basi,·in
540 4053 717 4113 quam
771 4035 1108 4112 spiritualia
1156 4037 1463 4109 desinunt,
1531 4043 1591 4094 et
1636 4037 1697 4093 in
1738 4053 1856 4112 qua
1905 4040 2072 4093 sunt:
2128 4032 2321 4093 simile

234 4124 564 4202 Significatur
598 4153 709 4212 per
756 4139 996 4196 vincere
1033 4138 1094 4194 in
1132 4136 1533 4213 *sequentibus
1581 4135 1676 4195 his
1728 4135 1908 4211 locis;
1963 4135 2023 4192 in
2070 4133 2319 4211 Apoea-
2362 4135 2522 4196 [483]

230 4219 368 4302 lypsi
414 4277 446 4308 „
468 4232 754 4297 Vincenti
792 4234 951 4298 dabo
993 4234 1172 4298 edere
1212 4233 1289 4295 de
1329 4235 1548 4296 arbore
1592 4233 1760 4298 vitae
1803 4253 1961 4313 quae
1997 4232 2069 4292 in
2107 4229 2315 4292 medio
