2791 4778
445 331 559 384 28ss
826 318 1359 390 EAPOGALYPSIS
1408 318 1843 376 EXPLICATA.
1924 319 1974 386 §0
2015 328 2140 380 376.

442 477 693 560 quando
739 473 816 538 id
864 476 1065 537 bibero
1102 475 1423 538 vobiscum
1466 494 1696 536 novum
1739 475 1812 535 in
1848 475 2076 555 Reyno
2109 473 2326 536 Patris
2369 477 2508 537 Μ’

445 579 663 640 Matth:
715 577 962 636 XXVI:
1011 578 1123 636 29.
1221 576 1443 651 „Dico
1483 575 1654 636 vobis
1699 575 1869 655 quod
1905 595 2034 636 non
2082 574 2371 637 bibiturae
2415 575 2516 636 sim

446 678 523 739 de
556 675 873 757 ymimine
916 676 1100 746 vitis,
1165 676 1355 736 donec
1397 675 1649 755 quando
1687 676 1989 755 Regnum
2046 674 2181 736 Dei
2236 681 2517 737 venturam

448 782 598 840 est“
652 778 810 836 Luc:
849 776 1072 837 XXII:
1129 774 1251 850 183
1330 795 1442 853 per
1485 771 1760 852 genimen
1814 779 1951 835 vitis
2002 794 2117 835 seu
2156 779 2349 835 vinum
2394 776 2518 853 quod

448 881 741 938 Dominus
779 895 911 935 cum
946 877 1065 935 illis
1100 877 1398 936 bibiturus
1440 895 1665 936 novum
1700 880 1759 935 in
1793 876 2006 953 Regno
2043 879 2238 936 Patris
2274 879 2386 949 sui,
2434 893 2518 934 seu

446 980 637 1039 donec
690 979 924 1054 quando
976 977 1247 1063 Regnum
1303 978 1423 1036 Dei
1472 983 1788 1035 venturum
1842 983 1961 1050 est,
2021 978 2361 1052 intelligitur
2398 975 2521 1051 quod

451 1098 488 1138 a
519 1080 740 1138 Divino
777 1078 1054 1136 Humano
1089 1077 1294 1153 Ipsius
1330 1085 1472 1137 tunc
1510 1095 1684 1155 omne
1711 1078 1997 1135 Divinum
2036 1078 2267 1137 Verum
2298 1079 2354 1134 in
2378 1074 2519 1134 Coelo

453 1188 513 1239 et
559 1183 621 1237 in
665 1178 965 1237 Ecclesia:
1023 1194 1208 1253 quare
1260 1175 1410 1234 illud
1452 1183 1630 1235 vocat
1683 1194 1933 1249 novum,
1991 1183 2056 1235 et
2110 1184 2341 1254 quoque
2386 1179 2522 1232 vocat

449 1281 686 1340 Novum
737 1278 1187 1336 Testamentum
1242 1279 1299 1334 in
1356 1279 1650 1355 sanguine
1703 1293 1848 1347 su0,
1903 1276 2104 1335 Vers:
2149 1279 2274 1351 203
2325 1274 2523 1351 sanguis

454 1384 608 1438 enim
644 1379 884 1438 Domini
919 1375 1111 1435 simile
1162 1376 1461 1452 significat
1512 1386 1580 1434 ac
1628 1376 1879 1450 Vinum,
1937 1377 2225 1434 videatur
2270 1393 2437 1452 supra
2469 1391 2522 1430 n:

456 1482 567 1539 30.
614 1479 774 1538 328.
835 1478 1010 1535 329:
1064 1481 1124 1534 et
1170 1478 1474 1552 quoniam,
1530 1482 1855 1553 postquam
1889 1478 2192 1535 Dominus
2229 1475 2524 1545 resurrexit,

451 1595 624 1637 omne
674 1577 957 1635 Divinum
1008 1576 1082 1633 ab
1134 1574 1278 1651 Ipso
1340 1576 1643 1651 procedit,
1693 1577 1831 1636 ideo
1882 1577 2059 1647 dicit,
2124 1577 2282 1653 quod
2324 1575 2381 1634 id
2424 1589 2529 1632 cum

449 1677 568 1737 illis
604 1677 899 1735 bibiturus
937 1676 1032 1749 fit,
1090 1676 1327 1752 quando
1363 1675 1638 1753 Regnum
1673 1676 1791 1735 Dei
1826 1684 2154 1736 venturum
2194 1683 2299 1748 est,
2337 1681 2389 1734 et
2416 1680 2528 1732 tunc

449 1779 615 1835 venit
651 1776 886 1851 quando
922 1774 1063 1851 Ipse
1101 1778 1299 1834 omnia
1332 1778 1393 1834 in
1439 1778 1705 1835 ordinem
1752 1778 1810 1833 in
1864 1776 2067 1836 Coelis
2123 1783 2185 1835 et
2227 1779 2287 1834 in
2319 1773 2527 1833 Infernis

449 1876 682 1950 redegit
694 1894 711 1948 3
767 1875 925 1950 quod
959 1875 1230 1952 Regnum
1267 1876 1385 1935 Dei
1424 1895 1555 1936 cum
1591 1877 1847 1935 Domino
1883 1879 2153 1951 venerit,
2207 1884 2267 1934 et
2299 1874 2368 1932 ab
2400 1875 2525 1949 Ipso,

452 1982 724 2035 constare
776 1981 980 2050 potest
1031 1976 1194 2051 apud
1243 1976 1616 2036 Matthaeum
1670 1974 1832 2052 Cap:
1890 1977 2021 2035 111:
2086 1982 2150 2035 2.
2233 1976 2384 2051 Cap:
2431 1969 2528 2030 IV:
2638 2008 2641 2013 -

456 2078 514 2134 8.
570 2073 730 2150 Gap:
769 2075 863 2134 X:
907 2081 963 2133 7.
1024 2075 1183 2151 Cap:
1221 2076 1378 2156 XII:
1424 2080 1535 2136 28.
1585 2075 1744 2151 Cap:
1782 2077 1969 2135 XVI:
2016 2081 2133 2137 28.
2193 2075 2367 2152 Apud
2395 2072 2528 2132 Mar-

453 2194 587 2236 cum
642 2174 798 2252 Gap:
836 2176 894 2234 I:
941 2176 1197 2234 14.15.
1268 2174 1431 2253 Gap:
1471 2176 1562 2235 V:
1614 2181 1669 2234 l.
1773 2170 1953 2252 Apud
2008 2178 2260 2251 Lucam,
2316 2168 2529 2248 Cap:l:

458 2280 569 2337 32.
623 2279 733 2336 33.
796 2275 958 2352 Cap:
1008 2276 1131 2333 IX:
1199 2280 1302 2333 ll.
1349 2281 1461 2335 27.
1514 2279 1622 2336 60.
1680 2276 1840 2352 Cap:
1877 2277 1974 2336 X:
2026 2281 2138 2335 11.
2197 2267 2529 2351 Gap2XV1:

460 2381 568 2438 16.
628 2376 789 2454 Cap:
827 2375 1042 2435 XVII:
1088 2377 1197 2434 20.
1242 2379 1352 2434 21.
1414 2374 1573 2453 Cap:
1613 2376 1864 2437 XXIII:
1906 2381 2020 2436 42.
2066 2379 2184 2437 51.
2249 2370 2529 2452 ApudJo-

448 2479 704 2536 hannem
760 2477 919 2553 Cap:
973 2476 1216 2535 XVIII:
1275 2478 1385 2535 36.
1485 2477 1781 2553 Quoniam
1832 2496 1988 2535 nunc
2038 2478 2228 2536 Panis
2280 2472 2533 2551 significat

449 2578 671 2636 bonum
724 2580 971 2647 amoriS,
1028 2593 1098 2635 ac
1141 2575 1359 2634 Vinum
1408 2577 1629 2634 bonum
1672 2577 1812 2636 fidei
1865 2577 2023 2653 quod
2061 2579 2123 2635 in
2162 2596 2274 2636 sua
2311 2570 2535 2634 essentia

452 2684 546 2736 est
580 2694 787 2735 verum
826 2695 898 2735 ex
935 2677 1037 2736 illo
1073 2677 1255 2750 bono,
1297 2692 1367 2735 ac
1402 2679 1463 2734 in
1499 2694 1782 2753 supremo
1819 2694 2002 2736 sensu
2036 2678 2224 2736 Panis
2252 2674 2531 2735 Dominum

454 2776 652 2851 quoad
686 2777 969 2837 Divinum
1003 2778 1267 2845 Bonum,
1322 2794 1390 2834 ac
1429 2777 1646 2835 Vinum
1684 2778 2004 2835 Dominum
2044 2779 2248 2853 quoad
2282 2776 2532 2836 Divinum

450 2876 706 2945 Verum,
768 2882 829 2934 et
879 2878 1155 2951 quoniam
1206 2877 1734 2952 coi-respondentia
1779 2885 1870 2937 est
1916 2879 2072 2934 inter
2118 2873 2443 2954 spiritualia
2484 2871 2531 2927 et

449 2974 775 3043 naturalia,
844 2992 913 3032 ac
962 2975 1098 3033 talis
1153 2976 1708 3053 correspondentia,
1784 2984 1850 3035 ut
1906 2993 2038 3034 cum
2095 2980 2157 3035 in
2213 2974 2532 3053 cogitatione

452 3074 704 3134 hominis
753 3081 845 3132 est
893 3077 1065 3150 panis
1118 3082 1177 3134 et
1232 3079 1468 3149 vinum,
1532 3079 1593 3133 in
1644 3080 2001 3153 cogitatione
2064 3077 2422 3155 Angelorum
2470 3069 2532 3126 sit

449 3176 671 3233 bonum
717 3177 932 3233 amoris
993 3182 1053 3234 et
1100 3176 1321 3234 bonum
1366 3177 1536 3249 fidei,
1605 3183 1665 3235 et
1711 3180 1987 3253 quoniam
2038 3181 2238 3236 omnia
2295 3173 2449 3234 Coeli
2485 3170 2532 3225 et

445 3273 758 3334 Ecclesiae
820 3292 891 3334 se
952 3276 1218 3335 referunt
1267 3276 1344 3333 ad
1399 3276 1616 3334 bonum
1671 3280 1888 3335 amoris
1937 3282 1996 3334 et
2031 3278 2107 3335 ad
2155 3277 2371 3336 bonum
2403 3268 2530 3338 fidei,

449 3375 584 3434 ideo
618 3392 652 3433 a
687 3375 944 3433 Domino
989 3378 1262 3433 instituta
1316 3382 1409 3434 est
1458 3375 1680 3435 Sancta
1717 3376 1952 3450 Coena,
2010 3383 2076 3434 ut
2126 3394 2239 3452 per
2291 3376 2442 3434 illam
2471 3367 2532 3425 sit

448 3478 788 3554 conjunctio
831 3476 1197 3552 Angelorum
1235 3473 1401 3533 Coeli
1445 3492 1578 3534 cum
1615 3477 1950 3534 hominibus
1986 3477 2317 3535 Ecclesiae.
2402 3468 2532 3546 Quia

445 3576 550 3637 illa
584 3595 695 3653 per
730 3577 954 3634 Panem
993 3582 1053 3634 et
1087 3575 1306 3634 Vinum
1343 3578 1403 3634 in
1442 3574 1627 3634 Coelo
1663 3575 2108 3655 intelliguntur,
2158 3577 2293 3636 ideo
2335 3562 2530 3648 „Mal-

448 3675 772 3736 chizedech.
821 3676 972 3736 Rea:
1032 3672 1351 3735 Schalemz‘
1410 3674 1629 3735 exiens
1677 3675 1924 3735 obviam
1970 3676 2251 3736 Abramo
2266 3720 2284 3750 ,
2336 3664 2530 3734 eduoeit

447 3774 692 3835 Panem
731 3784 789 3836 et
817 3774 1087 3836 Vinum.-
1124 3783 1183 3836 et
1220 3775 1323 3835 hic
1363 3775 1661 3835 sacerdos
1689 3775 1834 3835 Deo
1870 3773 2262 3847 Altissimo,·
2301 3781 2357 3834 et
2383 3773 2528 3831 bene·

450 3872 630 3933 dixit
668 3874 995 3934 Abramo“
1054 3876 1285 3935 Genes:
1323 3875 1510 3934 XIV:
1567 3878 1676 3936 18.
1731 3878 1856 3952 193
1907 3893 2018 3951 per
2052 3873 2528 3935 Malchizedecnm

447 3982 939 4047 repraesentatur
985 3976 1067 4033 ibi
1102 3977 1393 4034 Dominus
1432 3975 1631 4051 quoad
1672 3975 1957 4035 Divinum
1992 3976 2224 4035 Bonum
2263 3981 2320 4033 et
2361 3960 2531 4047 quoad
2585 4033 2589 4037 ,

444 4072 730 4139 Divinum
767 4073 1019 4148 Verum,
1076 4094 1187 4150 per
1228 4077 1398 4134 illum
1444 4083 1508 4133 ut
1561 4076 1939 4134 sacerdotem
1989 4077 2273 4135 Divinum
2305 4074 2525 4133 Bonum,

448 4177 509 4229 et
544 4187 652 4245 per
696 4172 862 4231 illum
896 4180 963 4230 ut
1009 4192 1215 4249 regem
1258 4176 1541 4233 Divinum
1590 4174 1845 4250 Verum,
1902 4177 2038 4237 ideo
2086 4176 2291 4235 eduxit
2339 4177 2527 4248 panem
