2791 4778
430 334 539 385 220
857 322 1350 378 APOCAYLPSIS
1392 323 1829 383 EXPLICATA.
1901 326 1948 393 §0
1993 334 2121 387 365.

427 483 569 545 rias
596 479 988 562 prophetans
1040 481 1258 555 dixin
1312 488 1492 545 ortus
1538 483 1616 544 de
1661 482 1796 545 alto
1844 490 2110 563 apparet
2144 478 2289 543 illis
2328 484 2436 562 qui
2476 484 2539 545 in
2655 505 2675 560 q

429 582 694 645 tenebris
718 588 778 642 et
803 583 1028 643 umbra
1055 582 1284 644 mortis
1334 582 1550 643 sedent
1562 628 1580 658 ,
1637 584 1728 645 ad
1765 582 2173 664 dir-iyendum
2211 582 2411 663 pedes
2433 603 2536 644 no·

429 690 599 745 atros
634 681 706 743 in
738 681 911 742 viam
934 683 1173 761 paci-W
1202 683 1250 742 I:
1290 674 1457 771 [78]
1479 690 1510 742 7
1529 687 1563 742 9
1582 705 1598 760 3
1629 685 1781 745 haec
1801 684 1876 742 de
1894 684 2149 743 Domino
2186 685 2540 757 inmundum

428 788 700 857 venturo,
757 788 818 841 et
851 783 925 842 de
954 783 1347 842 illustratione
1382 784 1619 842 illorum
1658 791 1827 858 tunc,
1867 786 1969 860 qui
2006 791 2173 843 extra
2208 784 2536 844 Ecclesiam

432 888 633 953 erant,
688 889 749 942 et
781 884 842 940 in
876 885 1217 959 ignorantia
1249 884 1455 943 Divini
1502 884 1650 943 Veri
1702 886 1842 961 quia
1875 901 1995 942 non
2043 883 2355 943 habebant
2388 883 2534 943 Ver-

428 983 574 1043 bum
586 1002 602 1058 3
656 983 948 1042 Dominus
984 983 1333 1059 intelligitur
1367 1001 1479 1059 per
1516 991 1710 1043 ortum
1736 984 1812 1042 ab
1849 984 1969 1042 alto
2007 985 2106 1059 qui
2146 991 2439 1061 apparet,
2490 990 2544 1042 et

429 1084 516 1142 illi
552 1086 654 1159 qui
692 1090 859 1142 extra
895 1083 1255 1157 Ecclesiam,
1307 1084 1722 1159 intelliguntur
1756 1102 1867 1160 per
1908 1100 2011 1142 eos
2049 1086 2150 1159 qui
2187 1086 2248 1141 in
2286 1084 2538 1142 tenebris

430 1190 491 1243 et
532 1183 743 1242 umbra
777 1187 982 1241 mortis
1022 1182 1235 1242 sedent
1247 1204 1264 1261 ;
1322 1190 1382 1243 et
1417 1183 1736 1243 illustratio
1776 1201 1984 1244 eorum
2016 1186 2075 1241 in
2109 1183 2353 1243 Divinis
2391 1186 2537 1243 veris

427 1301 539 1360 per
584 1286 988 1359 receptionem
1028 1282 1268 1341 Domini
1331 1291 1392 1341 et
1444 1285 1918 1360 conjunctionem
1974 1301 2108 1343 cum
2151 1284 2333 1360 Ipso,
2392 1285 2536 1342 unde

429 1383 664 1442 coelum
712 1390 773 1441 et
818 1382 1071 1441 felicitas
1110 1390 1385 1455 aeterna,
1447 1384 1800 1461 intelligitur
1833 1401 1943 1460 per
1981 1386 2139 1445 viam
2176 1386 2382 1460 pacis;
2439 1402 2540 1460 per

231 1490 392 1551 [491]
434 1484 690 1559 dirigere
726 1483 914 1560 pedes
953 1489 1186 1541 nostros
1221 1486 1281 1540 in
1316 1483 1515 1557 illam,
1556 1484 1925 1560 significatur
1959 1485 2290 1542 instructio.
2368 1482 2541 1559 Apud

427 1583 697 1642 Eundem
728 1579 1119 1661 „Discipuli
1154 1579 1504 1643 laudabant
1530 1582 1769 1657 Deum,
1818 1582 2111 1654 dicentes,
2153 1582 2540 1644 Benedictus

427 1683 578 1746 Rex
613 1682 723 1760 qui
762 1683 929 1743 venit
968 1681 1038 1742 in
1064 1682 1339 1747 Nomine
1378 1682 1686 1757 Domini,
1733 1701 1874 1762 pax
1915 1684 1985 1743 in
2024 1680 2206 1743 Coelo
2243 1688 2310 1741 et
2331 1681 2539 1763 gloria

427 1782 498 1843 in
538 1778 957 1843 Altissimis“
1006 1782 1187 1841 XIX:
1233 1785 1318 1841 38
1338 1805 1353 1859 3
1410 1783 1563 1842 haec
1599 1802 1635 1841 a
1672 1784 1982 1859 discipulis
2020 1783 2179 1842 dicta
2213 1790 2376 1855 sunt,
2412 1800 2539 1841 eum

427 1882 720 1941 Dominus
765 1882 874 1939 ivit
927 1882 1438 1958 Hierosolymam,
1500 1889 1566 1941 ut
1616 1885 1702 1942 ibi
1750 1901 1861 1959 per
1920 1885 2266 1960 passionem
2332 1885 2536 1958 crucis,

429 1998 584 2057 quae
621 1981 732 2038 fuit
765 1980 972 2040 ultima
1006 1981 1209 2058 Ipsius
1247 1986 1515 2056 tentatio,
1555 1984 1734 2061 plane
1771 1987 1970 2043 uniret
1993 1984 2339 2041 Humanum
2369 2000 2539 2041 suum

426 2081 645 2141 Divino
683 2098 818 2155 sue,
885 2088 945 2141 et
995 2099 1233 2158 quoque
1281 2100 1529 2159 prorsus
1576 2084 1929 2161 subjugaret
1973 2084 2238 2172 inferna3
2292 2090 2351 2143 et
2404 2085 2540 2159 quia

427 2189 567 2241 tunc
598 2182 674 2241 ab
708 2181 853 2259 Ipso
887 2182 1244 2259 procederet
1280 2201 1453 2241 omne
1488 2184 1775 2241 Divinum
1801 2184 2037 2242 Bonum
2068 2190 2127 2242 et
2161 2184 2411 2257 Verum,
2450 2184 2536 2241 di-

430 2289 571 2342 cunt
604 2281 968 2340 Benedictus
1004 2282 1137 2340 Rex
1174 2284 1272 2357 qui
1307 2286 1472 2341 venit
1507 2286 1566 2341 in
1612 2283 1863 2343 Nomine
1910 2284 2179 2359 Domini,
2237 2302 2350 2359 per
2387 2283 2539 2360 quod

427 2382 874 2461 significabatur
930 2384 1149 2460 agnitio
1163 2427 1178 2456 ,
1244 2383 1622 2460 glorificatiO,
1699 2389 1759 2443 et
1803 2386 2127 2461 gratiarum
2178 2387 2335 2443 actio
2385 2382 2538 2461 quod
2663 2428 2675 2467 4,

428 2484 505 2544 ab
539 2484 684 2560 Ipso
721 2482 858 2557 illa,
897 2484 1175 2541 videatur
1207 2500 1393 2560 supra
1430 2503 1497 2542 n:
1544 2486 1715 2560 3403
1771 2503 1881 2561 per
1913 2501 2125 2561 pacem
2161 2487 2224 2543 in
2259 2484 2448 2544 Coelo
2484 2490 2539 2544 et
2659 2512 2675 2569 5

424 2602 535 2661 per
581 2584 831 2660 gloriam
875 2586 936 2641 in
991 2585 1324 2652 altissimiS,
1385 2585 1752 2660 significatur
1792 2586 1949 2661 quod
1982 2585 2085 2642 illa
2122 2603 2277 2661 quae
2313 2584 2536 2662 signifi-

427 2689 639 2742 cantur
689 2699 800 2759 per
851 2701 1063 2759 pacem
1118 2685 1238 2742 sint
1302 2702 1375 2743 ex
1437 2686 1653 2743 unione
1712 2684 1912 2761 Ipsius
1956 2685 2160 2743 Divini
2215 2702 2287 2742 ac
2340 2685 2541 2744 Divini

426 2783 721 2854 Humani,
813 2791 875 2841 et
936 2784 1072 2847 inde
1137 2784 1385 2865 Angelis
1455 2791 1516 2843 et
1577 2786 1909 2846 hominibus
1987 2803 2061 2844 ex
2126 2785 2536 2862 conjunctione

429 2899 563 2941 cum
615 2880 899 2958 Domin03
966 2902 1101 2942 nam
1166 2901 1297 2942 cum
1356 2903 1392 2942 a
1449 2884 1705 2943 Domino
1765 2886 2086 2963 subjugata
2144 2886 2386 2943 suerunt
2445 2888 2534 2944 in-

425 2983 625 3050 ferna,
686 2988 826 3040 tunc
875 2983 1035 3041 facta
1088 2991 1181 3042 est
1226 3002 1346 3060 pax
1389 2987 1451 3043 in
1501 2984 1711 3061 Coelo,
1782 2994 1842 3045 et
1889 2994 2029 3044 tunc
2077 2985 2361 3044 Divinum
2414 2983 2535 3044 Ve-

425 3098 555 3142 rum
598 3081 709 3138 suit
742 3081 884 3155 illis,
938 3085 1039 3158 qui
1086 3083 1196 3158 ibi,
1252 3101 1289 3142 a
1323 3084 1611 3160 Domin0,
1689 3087 1848 3161 quod
1896 3092 1989 3144 est
2037 3085 2229 3162 gloria
2263 3086 2325 3143 in
2363 3085 2530 3143 altis-

428 3183 625 3256 simis;
682 3182 841 3258 quod
891 3182 1098 3241 Gloria
1151 3184 1445 3260 significet
1493 3185 1779 3244 Divinum
1831 3185 2057 3244 Verum
2117 3185 2455 3261 procedens
2498 3199 2534 3245 a

424 3282 711 3357 Domino,
780 3283 1058 3342 videatur
1102 3300 1289 3360 supra
1339 3303 1404 3341 n:
1475 3287 1585 3344 33.
1635 3288 1800 3346 288.
1859 3287 2019 3344 345.
2098 3283 2255 3360 Quia
2302 3286 2434 3343 Pax
2476 3285 2533 3341 in

426 3399 609 3443 sensu
659 3386 888 3443 interno
925 3383 1114 3442 Verbi
1161 3383 1456 3460 significat
1490 3384 1839 3460 Dominum,
1904 3394 1965 3445 et
1998 3386 2135 3444 inde
2191 3383 2441 3443 Coelum
2476 3388 2533 3441 et

424 3486 605 3543 vitam
634 3492 970 3559 aeternam,
1025 3486 1083 3541 in
1120 3486 1323 3562 specie
1350 3484 1685 3561 jucundum
1722 3485 1891 3545 Coeli
1924 3486 2236 3544 oriundum
2275 3502 2353 3543 ex
2394 3500 2530 3543 con-

415 3586 726 3663 junctione
767 3603 900 3643 cum
934 3585 1223 3656 Domino,
1279 3586 1415 3643 ideo
1452 3584 1775 3660 Dominus,
1831 3592 1971 3662 post
2017 3586 2532 3656 resurrectionem,

427 3703 561 3745 cum
585 3687 866 3761 apparuit
891 3685 1203 3760 discipulis
1243 3683 1473 3760 „dimit
1498 3681 1660 3760 illis,
1694 3704 1839 3764 pax
1867 3685 2087 3745 vobis“
2117 3685 2262 3744 Luc:
2302 3682 2529 3743 XXIV:

433 3786 541 3843 36.
580 3786 690 3841 37.
730 3784 964 3842 Johan:
1001 3784 1155 3842 XX:
1202 3788 1310 3843 19.
1356 3789 1469 3843 21.
1506 3789 1615 3844 26.
1669 3786 1884 3863 Porro3
1924 3785 2085 3863 apud
2115 3785 2327 3843 Mosen
2360 3782 2533 3858 „Be-

422 3879 678 3942 medicat
717 3882 830 3942 tibi
858 3881 1159 3957 Jehovah,
1196 3888 1257 3942 et
1283 3884 1607 3945 custodiat
1632 3890 1730 3957 τω
1784 3883 1987 3948 lucere
2002 3885 2221 3967 faciat
2255 3879 2532 3943 Jehovah

412 3980 626 4063 facies
663 3999 821 4041 suas
860 3999 1050 4058 super
1089 3986 1173 4057 te,
1220 3988 1282 4042 et
1322 3982 1703 4046 misereatur
1754 3986 1853 4047 tui
1867 4007 1897 4059 ;
1949 3991 2009 4045 et
2056 3982 2317 4046 attollat
2345 3982 2528 4042 Jeho-

424 4079 549 4142 vah
572 4079 788 4162 facies
826 4097 984 4140 suas
1035 4099 1225 4159 super
1259 4086 1348 4157 te,
1398 4088 1459 4143 et
1486 4090 1686 4164 ponat
1727 4086 1847 4147 tibi
1883 4088 2147 4166 paoem“
2190 4084 2377 4144 Num:
2416 4080 2529 4140 VI:

431 4184 538 4242 24.
587 4183 692 4242 25.
737 4185 859 4257 263
914 4180 1194 4241 Divinum
1231 4183 1493 4255 Verum,
1540 4203 1612 4245 ex
1660 4203 1778 4261 quo
1814 4190 2004 4248 omnis
2040 4186 2432 4264 intelligentia
2476 4185 2535 4242 et
