2791 4778
330 422 341 435 χ
435 360 504 411 10
838 347 1326 402 APOCALYPSIS
1380 345 1808 402 EXPLICATA.
1882 345 1927 413 §.
1973 353 2105 407 298.

430 506 673 582 Esajam
715 500 1001 579 „Manus
1035 521 1175 565 mea
1194 501 1512 583 fundavit
1545 507 1807 576 tem-am,
1860 505 1919 560 et
1952 499 2223 564 Dextra
2256 521 2396 564 mea
2418 523 2552 584 pu-

431 601 698 685 yillavit
725 600 990 664 Coelos“
1031 602 1330 663 XLVIII:
1373 605 1484 662 13:
1524 601 1686 679 apud
1720 601 1990 661 Eundem
2026 601 2343 677 „Juravit
2366 603 2559 668 Deus

421 723 545 786 per
569 703 901 764 Dextram
935 722 1148 777 suam,
1189 706 1249 762 et
1271 721 1391 782 per
1416 700 1742 762 brachium
1785 701 2029 763 roboris
2057 704 2164 764 sui
2174 707 2212 738 (ί
2257 704 2453 765 LXII:
2491 708 2556 765 8:

431 808 495 865 in
547 803 917 880 Apocalypsi
986 788 1269 878 „filius
1319 800 1597 862 hominis
1659 799 1890 862 habens·
1942 801 2012 863 in
2063 822 2259 864 manu
2320 803 2556 865 dextra

434 900 659 965 stellas
685 906 963 982 septem“
990 902 1041 962 I:
1080 906 1200 964 16:
1240 901 1402 979 apud
1427 902 1719 961 Davidem
1749 900 2066 976 „Dea'tra
2091 901 2364 963 Jehovae
2377 905 2555 983 facit

419 1002 912 1084 fortitudinem,
962 1003 1228 1065 Deoetra
1263 1001 1539 1063 Jehovae
1570 999 1914 1063 exaltata“
1972 1002 2208 1063 Psalm:
2252 1003 2550 1064 CXVIII:

443 1108 472 1162 1
494 1105 555 1164 5.
601 1107 631 1162 1
653 1105 712 1162 6.
771 1102 928 1179 Quia
962 1122 1072 1180 per
1098 1103 1385 1176 dextram,
1426 1118 1560 1160 cum
1597 1102 1671 1160 de
1708 1102 1957 1179 Angelis
1996 1109 2057 1162 et
2091 1104 2165 1164 de
2192 1103 2553 1173 hominibuS‚

431 1202 782 1279 intelligitur
816 1205 1113 1279 sapientia
1149 1209 1210 1261 et
1243 1201 1643 1278 intelligentia
1693 1219 1851 1278 quae
1897 1202 2017 1262 illis
2072 1210 2163 1264 est
2220 1221 2293 1261 ex
2330 1205 2551 1263 Divino
2621 1203 2629 1211 “

432 1303 601 1363 Bono
636 1320 746 1379 per
777 1303 1064 1362 Divinum
1096 1303 1323 1362 Verum
1360 1302 1693 1378 procedens
1731 1319 1766 1358 a
1801 1302 2086 1374 Domin0,
2135 1304 2270 1362 ideo
2321 1302 2558 1377 „visus

431 1408 528 1463 est
553 1401 920 1463 Zachariae
942 1400 1236 1483 Anyelus
1253 1401 1537 1462 Domini
1562 1407 1744 1462 stans
1770 1421 1813 1461 a
1844 1401 2096 1463 dextris
2112 1400 2373 1464 Altaria
2403 1403 2552 1484 sus-

421 1502 721 1584 fimenti“
758 1503 906 1562 Luc:
935 1504 995 1562 I:
1034 1507 1060 1561 l
1086 1507 1141 1561 l:
1180 1520 1251 1562 ac
1287 1501 1518 1577 „visus
1559 1507 1654 1562 est
1693 1499 1985 1582 Anyelus
2020 1502 2091 1564 in
2123 1501 2548 1577 Monumento,

421 1602 543 1673 ,ubi
560 1600 789 1682 fuerat
820 1602 1183 1676 Dominus,
1237 1601 1461 1663 sedens
1495 1621 1539 1663 a
1574 1601 1873 1665 deoetris“
1910 1603 2107 1665 Marc:
2143 1604 2331 1664 XVI:
2377 1605 2431 1663 5.
2478 1606 2554 1662 6:

433 1719 505 1761 ac
551 1703 688 1762 ideo
746 1701 960 1777 „Oves
999 1702 1302 1763 dicuntur
1340 1701 1598 1781 positae
1648 1721 1691 1762 a
1728 1701 2014 1778 dextris,
2081 1708 2141 1763 et
2176 1701 2344 1764 hirci
2376 1722 2419 1763 a
2454 1702 2551 1764 ci-

429 1801 707 1864 nistris“
768 1803 996 1862 Matth:
1032 1802 1239 1862 XXV:
1292 1805 1404 1862 33.
1468 1805 1580 1863 34.
1634 1820 1779 1880 seq:
1833 1820 1945 1880 per
1981 1802 2144 1863 Oves
2194 1803 2278 1861 ibi
2326 1802 2550 1863 intelli-

431 1909 651 1980 guntur
711 1904 812 1980 qui
862 1906 924 1962 in
958 1904 1118 1961 veris
1169 1921 1243 1961 ex
1291 1901 1447 1963 bono
1481 1909 1652 1973 sunt,
1722 1920 1833 1961 seu
1880 1905 1940 1962 in
1974 1903 2090 1963 fide
2127 1905 2258 1963 veri
2285 1921 2361 1961 ex
2394 1902 2552 1964 bono

433 2002 772 2076 eharitatis3
825 2020 936 2079 per
972 2002 1187 2061 Hircos
1238 2009 1439 2060 autem
1476 2002 1889 2080 intelliguntur
1934 2005 2034 2081 qui
2068 2005 2131 2062 in
2165 2003 2281 2062 fide
2320 2004 2557 2080 absque

432 2101 754 2176 charitate,
811 2120 965 2179 quae
992 2101 1140 2161 fides
1166 2109 1417 2161 vocatur
1451 2102 1584 2160 sola
1605 2102 1765 2162 'fides
1786 2148 1803 2176 ,
1844 2108 1904 2162 et
1939 2105 2000 2161 in
2041 2120 2108 2163 se
2143 2109 2422 2180 spectata
2458 2107 2553 2163 est

433 2200 598 2260 nulla
630 2200 799 2260 fides.
879 2200 1034 2278 Quia
1070 2202 1282 2261 dextra
1328 2201 1473 2260 talia
1510 2202 1831 2278 significat,
1880 2204 2015 2263 ideo
2052 2203 2296 2262 Aharon
2355 2210 2415 2276 et
2448 2202 2554 2262 filii

429 2300 580 2378 ejus,
621 2317 758 2361 cum
794 2302 1308 2379 inaugurabantur
1341 2304 1402 2360 in
1439 2302 1857 2377 sacerdotium,
1899 2301 2236 2383 „Sanquis
2277 2321 2547 2382 δραγμε-

427 2401 616 2463 batur
665 2419 857 2482 super
909 2421 1125 2464 eorum
1180 2400 1541 2463 auriculam
1598 2401 1929 2479 dextram,
1995 2409 2056 2464 et
2113 2423 2303 2484 super
2338 2420 2553 2463 eorum

426 2500 694 2563 dextrae
729 2522 961 2564 manus
1000 2507 1062 2562 et
1087 2502 1308 2564 dextri
1321 2502 1517 2581 pedis
1532 2499 1880 2581 pollicem“
1919 2504 2123 2563 Exod:
2161 2503 2399 2564 XXIX:
2434 2504 2550 2577 203

427 2619 538 2678 per
572 2606 920 2680 sanguinem
956 2603 1040 2662 ibi
1074 2604 1441 2679 significatur
1454 2602 1739 2661 Divinum
1758 2602 1986 2663 Verum
2014 2622 2086 2662 ex
2116 2605 2333 2664 Divino
2358 2604 2549 2675 Bono;

427 2718 539 2777 per
565 2702 909 2761 Auriculam
947 2703 1216 2762 dextram
1244 2702 1614 2778 significatur
1640 2706 2056 2779 perceptivum
2082 2707 2212 2763 veri
2248 2723 2321 2763 ex
2348 2704 2504 2763 bono
2530 2720 2547 2777 ς

428 2817 538 2877 per
565 2800 831 2860 dextram
858 2819 1098 2861 manum
1129 2808 1188 2861 et
1218 2802 1488 2862 dextrum
1517 2801 1732 2878 pedem
1762 2804 2128 2880 significatur
2153 2803 2550 2881 intelligentia

428 2907 489 2961 et
520 2904 792 2977 potentia
824 2903 953 2960 veri
989 2919 1063 2960 ex
1097 2901 1253 2960 bono
1288 2903 1349 2959 in
1384 2904 1615 2961 interno
1644 2920 1755 2963 seu
1783 2904 2083 2981 spirituali
2116 2904 2354 2964 homine
2392 2910 2453 2964 et
2485 2905 2551 2961 in

428 3006 674 3060 externo
735 3018 844 3060 seu
898 3002 1184 3075 naturali,
1260 3007 1319 3061 et
1371 3019 1481 3078 per
1529 3002 1808 3079 pollicem
1856 3003 2223 3082 significatur
2284 3005 2547 3081 plenum.

430 3099 722 3176 Quoniam
760 3101 1050 3178 pleraque
1084 3105 1147 3161 in
1182 3102 1385 3163 Verbo
1424 3105 1602 3161 etiam
1654 3106 1993 3181 oppositum
2030 3120 2274 3164 sensum
2308 3104 2549 3178 habent,

428 3216 616 3277 quare
653 3202 831 3259 etiam
868 3201 1104 3277 dextra,
1144 3209 1203 3261 et
1235 3205 1295 3261 in
1325 3219 1397 3262 eo
1423 3219 1609 3263 sensu
1648 3204 1945 3281 significat
1982 3204 2192 3264 dextra
2226 3205 2443 3264 falsum
2470 3220 2547 3262 ex

427 3298 605 3371 malo,
637 3316 707 3359 ac
733 3303 1243 3362 ratiocinationem
1276 3309 1336 3362 et
1358 3321 1623 3380 pugnam
1646 3305 1779 3381 ejus
1811 3309 2019 3364 contra
2040 3322 2247 3363 verum
2281 3323 2352 3364 ex
2372 3304 2550 3378 bon03

427 3406 495 3458 ut
548 3400 711 3475 apud
755 3401 1052 3461 Davidem
1118 3445 1155 3477 „
1176 3398 1530 3463 Ea‘altasti
1572 3402 1869 3464 deoetram
1917 3404 2321 3466 inimicorum
2364 3402 2550 3488 ejus“

224 3514 386 3579 [349]
425 3498 659 3560 Psalm:
695 3501 1052 3561 LXXXIX:
1093 3504 1216 3562 43:
1273 3502 1435 3578 apud
1470 3502 1742 3562 Eundem
1780 3502 2123 3580 „Quorum
2159 3523 2229 3564 os
2271 3502 2559 3583 loquitur

424 3586 802 3674 vanitatem,
880 3605 941 3661 et
992 3601 1227 3664 dextra
1274 3620 1490 3664 eorum
1542 3602 1777 3665 deoetra
1842 3602 2160 3665 mendacii
2187 3606 2222 3636 “
2313 3604 2552 3663 Psalm:

427 3698 700 3761 CXLIV:
735 3703 796 3760 8.
835 3704 863 3759 1
885 3704 914 3759 1
944 3722 958 3761 :
998 3703 1161 3779 apud
1174 3703 1420 3780 Esajam
1459 3748 1495 3779 „
1514 3701 1595 3764 Ut
1620 3723 1743 3765 non
1766 3703 2001 3784 eripiat
2029 3704 2315 3765 animam
2342 3721 2549 3778 suam,

424 3817 535 3859 nec
570 3797 747 3860 dicat
783 3818 982 3862 nonne
1015 3800 1415 3863 mendacium
1449 3803 1521 3864 in
1559 3803 1789 3866 dextra
1832 3807 2019 3865 mea“
2056 3805 2281 3865 XLIV:
2327 3808 2450 3864 20:
2488 3806 2555 3863 in

314 3890 319 3894 ⁴
424 3898 797 3977 Apocalypsi
834 3900 1213 3983 „Accipient
1239 3901 1659 3964 characterem
1693 3904 1927 3966 bestiae
1960 3903 2032 3966 in
2068 3923 2266 3966 manu
2296 3903 2550 3978 dextra,

424 4003 543 4061 aut
590 3999 660 4061 in
684 4000 1020 4080 frontibus
1047 4005 1083 4035 “
1140 4002 1324 4062 XIII:
1372 4005 1484 4062 16.
1543 4002 1702 4081 Cap:
1739 4006 1912 4065 XIV:
1962 4007 2040 4064 9:
2107 4004 2267 4082 quod
2320 4004 2550 4078 dextra,

424 4115 557 4158 cum
606 4101 680 4161 de
732 4101 940 4177 malis,
1008 4101 1305 4181 significet
1351 4102 1568 4162 falsum
1632 4120 1701 4166 ac
1739 4106 1874 4166 inde
1921 4107 2439 4165 ratiocinationem
2490 4108 2555 4164 et

421 4216 684 4277 pugnam
734 4209 945 4264 contra
998 4220 1240 4279 verum,
1310 4209 1402 4264 est
1456 4204 1593 4279 quia
1642 4202 1867 4282 Plagae
1935 4206 2097 4284 apud
2150 4206 2287 4266 illos
2339 4207 2442 4289 qui
2490 4205 2553 4262 in
