2791 4778
514 332 625 387 320
961 320 1454 379 APOCALYPSIS
1495 321 1926 381 EXPLICATA.
1991 322 2051 390 §„
2069 330 2189 385 388.

506 488 742 542 vineam
784 497 997 556 supra,
1055 497 1269 557 nempe
1303 480 1582 541 Ecclesia
1632 481 1832 557 quoad
1865 498 2103 551 verum,
2152 497 2291 557 quae
2336 487 2535 542 vocatur
2616 418 2646 567 ε

510 583 786 643 Ecclesia
833 581 1192 657 spiritualis3
1251 582 1510 640 vastatio
1558 582 1690 657 ejus
1725 598 1837 660 per
1874 581 2215 657 cupiditates
2251 587 2305 640 et
2333 599 2426 658 per
2452 581 2536 641 falv

513 685 722 742 sitates
761 681 1051 740 naturalis
1084 681 1337 740 hominis
1375 683 1642 756 separati
1689 699 1726 738 a
1772 681 2066 758 spirituali
2110 681 2421 757 intelligitur
2460 698 2538 757 per

514 783 675 861 quod
724 799 874 858 aper
923 799 957 841 e
1007 780 1182 858 sylva
1229 781 1542 840 conculcet
1590 781 1787 853 illam,
1841 799 1989 860 aper
2036 800 2068 840 e
2116 781 2277 858 sylva
2314 783 2539 858 significat

513 883 875 961 cupiditates
911 881 1102 940 malas
1138 881 1425 940 naturalis
1461 882 1748 955 hominis,
1813 889 1875 940 et
1919 883 2048 941 fera
2081 899 2337 958 agrorum
2365 883 2538 942 salsita-

507 994 618 1043 teS.
700 982 879 1059 Apud
915 982 1259 1041 Hoscheam
1297 981 1723 1055 „Devastabo
1760 983 1952 1042 vitem
1995 982 2129 1064 ejus
2162 987 2216 1041 et
2238 983 2411 1063 ficum
2430 982 2539 1064 ejus,

513 1091 574 1146 et
607 1101 850 1162 Ponam
897 1100 971 1141 ea
1020 1082 1091 1142 in
1139 1079 1424 1161 sylvam,
1480 1086 1542 1141 et
1591 1082 1862 1143 comedet
1914 1080 2037 1143 illa
2074 1083 2226 1162 fera
2272 1082 2434 1161 ayri“
2472 1079 2538 1139 11:

527 1188 646 1258 123
704 1201 813 1259 per
847 1184 1030 1241 vitem
1066 1190 1128 1241 et
1161 1182 1338 1240 ficum
1374 1182 1744 1258 significatur
1778 1184 2087 1255 Ecclesia,
2143 1200 2249 1259 per
2282 1185 2431 1242 vitem
2453 1182 2538 1240 Ec-

519 1286 705 1345 clesia
745 1285 979 1342 interna
1015 1300 1170 1358 quae
1209 1290 1302 1341 est
1339 1283 1669 1358 spiritualis
1718 1284 2001 1358 hominis,
2059 1292 2119 1342 et
2151 1300 2256 1358 per
2285 1283 2433 1341 ficum
2457 1281 2537 1339 Ec-

514 1385 704 1445 clesia
744 1391 993 1442 externa
1028 1399 1182 1459 quae
1221 1389 1316 1441 est
1349 1383 1640 1441 naturalis
1668 1385 1923 1443 hominis
1943 1406 1958 1460 ;
2013 1387 2267 1443 vastatio
2303 1385 2537 1457 utriusque

515 1485 884 1561 significatur
917 1502 1029 1559 pcr
1063 1483 1397 1541 devastabo
1433 1483 1570 1541 illas
1622 1491 1681 1543 et
1725 1502 1947 1561 ponam
1980 1484 2118 1543 illas
2152 1487 2213 1543 in
2244 1483 2462 1561 sylvam,
2501 1486 2539 1539 et
2642 1512 2645 1549 2

517 1583 792 1646 comedet
831 1583 962 1642 illas
1007 1583 1135 1641 fera
1183 1585 1340 1659 agri,
1392 1583 1566 1660 sylva
1609 1583 1906 1660 significat
1947 1585 2285 1644 sensualem
2317 1584 2539 1642 hominem
2642 1556 2645 1575 *

516 1687 616 1761 qui
650 1688 710 1741 in
748 1687 925 1742 meris
965 1683 1219 1741 fallaciis
1258 1690 1318 1742 et
1351 1683 1488 1741 inde
1523 1684 1692 1742 falsis
1731 1692 1852 1758 est,
1902 1691 1962 1744 et
1997 1686 2129 1744 fera
2164 1687 2285 1761 agri
2323 1680 2541 1759 significat

513 1783 809 1842 falsitates
843 1784 981 1842 inde
1012 1791 1070 1842 et
1109 1783 1465 1860 cupiditates
1502 1784 1723 1861 malas3
1762 1803 1898 1844 cum
1925 1788 2085 1845 enim
2112 1792 2364 1844 vastatur
2389 1781 2542 1842 Eccle-

512 1886 603 1943 sia
639 1883 803 1959 apud
836 1883 1170 1957 hominem,
1224 1884 1337 1942 hoc
1394 1891 1486 1942 est
1508 1929 1522 1956 ,
1579 1901 1715 1943 cum
1751 1903 1870 1945 non
1919 1887 2181 1963 amplius
2217 1884 2440 1944 creditur
2467 1898 2538 1939 ve-

509 2002 641 2042 rum
682 1983 1024 2053 Ecclesiae,
1061 1990 1200 2045 tunc
1244 1983 1310 2042 fit
1351 1984 1529 2043 homo
1578 1984 1909 2055 sensualis,
1963 1989 2068 2061 qui
2116 2003 2233 2044 non
2280 1980 2541 2044 creditalia
2632 2036 2633 2039 ,

511 2101 687 2161 quam
726 2101 881 2160 quae
919 2083 1107 2142 oculis
1144 2084 1308 2142 videt
1345 2092 1406 2143 et
1443 2085 1714 2144 manibus
1763 2088 1987 2162 tangit,
2043 2095 2105 2146 et
2155 2085 2286 2144 talis
2333 2084 2471 2142 homo
2496 2096 2540 2139 se

506 2187 610 2244 dat
647 2191 836 2243 totum
873 2186 1059 2242 amori
1092 2186 1188 2242 sui
1234 2192 1293 2244 et
1329 2187 1518 2243 amori
1552 2186 1786 2260 mundi,
1822 2188 1909 2245 ita
1946 2186 2387 2264 cupiditatibus:
2430 2178 2545 2258 quod

507 2285 783 2346 Ecclesia
838 2285 920 2342 ibi
964 2302 1075 2360 per
1122 2286 1304 2343 vitem
1365 2291 1427 2343 et
1472 2303 1583 2361 per
1641 2286 1818 2345 ficum
1864 2288 2266 2364 intelligatur,
2322 2289 2459 2362 patet
2493 2296 2545 2338 ex

502 2387 704 2446 Versu
760 2391 795 2445 2
850 2386 1022 2445 istius
1075 2384 1332 2460 Capitis,
1390 2385 1493 2445 ubi
1541 2386 1755 2446 dicitur
1811 2388 1969 2464 quod
2021 2387 2426 2448 contenderent
2451 2398 2542 2442 cum

499 2497 688 2547 matre
726 2504 867 2561 sua,
925 2488 1204 2561 quoniam
1238 2486 1344 2544 illa
1377 2505 1495 2546 non
1532 2506 1681 2547 uxor
1729 2506 1892 2561 mea,
1950 2496 2011 2547 et
2051 2490 2185 2566 Ego
2222 2506 2331 2546 non
2360 2485 2543 2545 maritus

502 2589 662 2664 ejus,
721 2594 780 2647 et
815 2606 925 2664 per
961 2594 1209 2645 matrem
1250 2594 1309 2645 et
1345 2605 1592 2646 uxorem
1640 2591 1702 2647 in
1738 2588 1943 2656 Verbo
1990 2590 2350 2665 significatur
2383 2582 2539 2644 Eccle-

496 2690 606 2746 sia.
671 2688 850 2762 Apud
887 2689 1097 2746 Mosen
1138 2684 1552 2759 „Paullatim
1585 2684 1903 2766 expellam
1940 2694 2188 2769 9entes,
2229 2707 2299 2749 ue
2322 2687 2430 2768 fiat
2454 2689 2540 2742 ter-

496 2804 577 2846 ra
616 2783 895 2847 solitudo
908 2832 926 2861 ,
991 2791 1053 2846 et
1095 2784 1561 2865 multiplicetur
1607 2796 1825 2849 contra
1872 2795 1930 2849 te
1954 2790 2112 2870 fera
2156 2788 2343 2869 a9ri“
2391 2781 2536 2843 E10d2

495 2885 743 2945 XXIII:
796 2889 904 2947 29.
942 2889 1154 2947 Deutr:
1196 2888 1344 2946 VII:
1391 2892 1512 2965 223
1572 2889 1715 2965 quid
1748 2890 1899 2950 haec
1937 2892 2300 2967 significant,
2337 2886 2540 2950 videatur

497 2987 558 3044 in
602 2987 876 3044 Aacams
926 2986 1365 3058 ConLns'rmus,
1425 3008 1497 3048 n:
1560 2991 1745 3049 9333
1789 2990 1866 3049 ad
1909 2993 2132 3067 93383
2191 2990 2344 3069 quod
2386 2995 2540 3056 nempe

503 3105 613 3163 per
649 3092 859 3162 gentes
896 3089 1300 3164 significentur
1344 3089 1506 3147 mala
1556 3107 1710 3165 quae
1759 3091 2011 3165 homini,
2069 3095 2249 3151 etiam
2286 3108 2355 3148 ex
2382 3087 2540 3144 haere-

504 3186 744 3258 ditarie,
804 3193 863 3246 et
917 3189 1082 3263 quod
1115 3188 1219 3247 illa
1257 3190 1570 3265 paullatim
1620 3190 1783 3265 apud
1827 3192 2127 3250 hominem
2179 3191 2537 3252 removeantur,

501 3289 781 3364 quoniam
817 3289 868 3346 si
901 3288 1149 3359 festino,
1203 3297 1523 3365 antequam
1574 3291 1795 3349 bonum
1829 3309 1940 3367 per
1976 3310 2120 3351 vera
2172 3293 2456 3351 formatum
2481 3285 2540 3339 est

498 3388 661 3465 apud
703 3388 901 3462 illum,
953 3391 1243 3448 intrarent
1288 3391 1581 3450 falsitates
1619 3409 1775 3466 quae
1812 3381 2217 3467 destruerent3
2270 3393 2419 3450 ferae
2456 3378 2538 3455 agri

495 3490 830 3567 significant
853 3489 1150 3548 falsitates
1182 3506 1257 3547 ex
1274 3491 1559 3565 jucundis
1597 3508 1867 3551 amorum
1901 3492 2266 3551 naturalium
2305 3482 2534 3549 oriundas-

492 3590 675 3668 Apud
711 3590 981 3648 Eundem
1018 3586 1146 3663 „Si
1179 3588 1248 3648 iu
1288 3591 1558 3651 statutis
1593 3592 1751 3653 meis
1788 3590 2286 3667 ambulaveritis,
2325 3594 2379 3648 et
2397 3595 2534 3664 prae·

492 3696 670 3769 cepta
707 3708 849 3750 mea
883 3690 1362 3749 observaveritis
1377 3734 1394 3765 ,
1468 3698 1527 3752 et
1568 3691 1864 3772 feceritis
1910 3711 2016 3762 ea,
2072 3691 2230 3751 dabo
2266 3702 2461 3771 pacem
2492 3678 2537 3737 ist

492 3796 695 3859 terra,
748 3790 846 3849 ita
891 3794 962 3850 ut
1001 3807 1211 3850 secure
1251 3790 1487 3849 cubetis
1524 3799 1583 3853 et
1625 3811 1750 3852 non
1766 3791 2290 3872 perterrefaciens
2302 3811 2328 3862 ;
2375 3791 2424 3845 et
2443 3795 2535 3842 σεε·

493 3906 641 3947 sare
663 3889 919 3967 faciam
944 3890 1165 3969 feram
1200 3887 1446 3951 malam
1484 3909 1516 3949 e
1553 3899 1752 3967 term,
1810 3898 1869 3953 et
1906 3889 2175 3972 yladius
2217 3909 2336 3952 non
2376 3893 2534 3947 tram·

489 3987 609 4046 ibit
649 4005 770 4062 per
815 3993 1053 4048 terram
1101 3994 1414 4051 vestram:
1480 3991 1541 4051 si
1593 4011 1734 4053 vero
1777 4011 1901 4054 uon
1955 3991 2349 4053 obediveritis
2393 3973 2535 4047 Mihi,

492 4088 553 4141 et
592 4082 883 4158 feceritis
928 4087 1141 4146 omnia
1189 4093 1532 4169 praecepta
1577 4110 1744 4164 mea,
1814 4094 2072 4154 mittam
2123 4092 2194 4153 in
2235 4108 2339 4152 vos
2372 4085 2537 4167 seram

494 4175 644 4254 aym·
656 4218 673 4248 2
743 4196 902 4253 quae
959 4183 1198 4244 orbabit
1260 4206 1370 4246 vos
1382 4232 1400 4263 ,
1479 4197 1539 4250 et
1590 4191 1919 4254 exscindet
1982 4192 2242 4256 bestiam
2298 4192 2534 4251 vestram,
