2791 4778
404 396 639 454 CAPUT
694 395 1039 465 QUINTUM.
1763 397 1971 455 VERS=
2019 410 2107 465 14·
2267 415 2373 466 163

242 561 435 619 istere
473 563 534 617 et
570 557 902 617 subsistere
936 559 1132 634 possit
1166 574 1242 616 ex
1267 574 1355 633 se,
1392 558 1506 617 sed
1548 575 1583 617 a
1616 560 1801 635 priori
1826 574 1914 634 se,
1954 565 2016 620 et
2046 560 2184 623 inde
2215 563 2378 640 quod

245 676 364 720 nec
399 660 565 735 prius
615 676 653 715 a
688 675 786 732 se,
840 659 957 716 nisi
1004 658 1065 715 in
1110 657 1315 717 ordine
1363 661 1715 719 successivo
1762 676 1799 718 a
1833 660 2064 735 Primo,
2120 668 2181 721 et
2216 662 2376 739 quod
2459 717 2462 720 ,

246 763 340 820 sic
376 761 510 835 ipsa
545 760 670 817 vita
704 760 767 816 in
801 775 867 817 se
905 764 1179 835 spectata
1214 775 1331 817 non
1367 761 1447 817 sit
1480 760 1599 818 nisi
1632 759 1706 817 ab
1731 759 1875 836 Ipso
1913 759 2033 837 Qui
2060 759 2242 822 Solus
2279 769 2376 823 est
2414 760 2576 824 [4521

247 860 396 920 Vita
439 862 500 917 in
537 858 647 935 Se3
701 858 838 918 inde
885 861 1063 917 etiam
1101 860 1334 934 sciunt,
1392 865 1453 918 et
1489 877 1729 936 quoque
1780 876 1855 919 ex
1904 860 2043 920 idea
2077 862 2379 939 spirituali

247 961 623 1039 percipiunt,
664 958 824 1037 quod
859 976 1033 1019 omne
1071 961 1183 1019 erit
1217 961 1277 1018 in
1313 977 1472 1034 nexu
1510 977 1642 1019 cum
1673 960 1871 1020 Primo
1912 967 1978 1020 ut
2012 964 2091 1021 sit
2125 962 2369 1039 aliquid,

251 1068 315 1123 et
354 1060 514 1137 quod
548 1062 627 1118 sit
666 1061 823 1119 sicut
869 1065 962 1118 cst
1007 1060 1068 1117 in
1103 1077 1281 1118 nexu.
1336 1039 1556 1119 Ex⁸his
1592 1065 1791 1136 patet,
1848 1077 2026 1137 quam
2063 1062 2227 1123 fatue
2263 1079 2370 1124 co-

248 1165 476 1241 gitant,
528 1162 630 1251 qui
681 1162 967 1237 originem
1014 1162 1173 1217 vitae
1211 1160 1438 1219 ducunt
1471 1178 1546 1220 ex
1583 1168 1828 1236 natura,
1887 1169 1949 1221 et
1996 1162 2161 1245 quod
2193 1162 2373 1224 homo

248 1262 452 1322 discat
486 1262 747 1337 cogitare
782 1278 892 1337 per
923 1259 1211 1318 influxum
1247 1262 1545 1320 interioris
1581 1267 1831 1320 naturae
1867 1267 1926 1320 et
1962 1260 2094 1339 ejus
2130 1262 2374 1340 ordinis,

249 1368 315 1423 et
351 1379 470 1420 non
515 1378 553 1419 a
587 1361 751 1436 Deo,
808 1359 926 1436 Qui
975 1367 1069 1419 est
1102 1360 1306 1436 ipsum
1343 1361 1499 1419 Esse
1544 1363 1742 1435 vitae,
1801 1367 1863 1420 et
1900 1378 1974 1420 ex
2010 1361 2145 1438 Quo
2182 1364 2374 1424 omnis

250 1461 421 1525 Ordo
457 1464 769 1542 utriusque
805 1459 1010 1519 Mundi
1044 1466 1164 1518 tam
1202 1460 1533 1537 spiritualis
1571 1477 1752 1537 quam
1786 1461 2110 1538 naturalis,
2148 1480 2372 1523 secun-

252 1563 397 1622 dum
452 1578 626 1639 quem
682 1561 873 1619 influit
923 1562 1074 1636 vita,
1130 1562 1253 1619 vita
1301 1568 1549 1621 aeterna
1595 1562 1757 1637 apud
1802 1561 1938 1620 illos
1988 1565 2090 1639 qui
2136 1562 2377 1640 disponi

249 1669 508 1741 possunt
556 1661 633 1721 ad
680 1660 1091 1737 recipiendum
1143 1662 1325 1720 vitam
1372 1661 1703 1720 secundum
1747 1662 2032 1721 Divinum
2068 1661 2372 1740 Ordinem,

252 1770 319 1823 at
353 1765 478 1821 vita
513 1764 823 1838 opposita,
865 1778 1020 1837 quae
1054 1769 1306 1820 vocatur
1340 1778 1498 1820 mors
1527 1762 1874 1839 spiritualis,
1913 1763 2074 1840 apud
2107 1763 2244 1823 illos
2272 1766 2379 1841 qui

250 1881 375 1924 non
411 1863 648 1940 disponi
685 1868 967 1938 possunt,
1007 1863 1091 1920 ita
1128 1863 1227 1937 qui
1265 1864 1474 1919 vivunt
1508 1868 1717 1922 contra
1744 1863 2028 1922 Divinum
2058 1862 2373 1924 Ordinem:

248 1966 540 2027 Divinum
576 1963 812 2021 Bonum
849 1960 1010 2038 quod
1043 1962 1315 2038 procedit
1341 1980 1376 2020 a
1403 1963 1659 2021 Domino
1697 1969 1791 2022 est
1827 1980 1903 2021 ex
1939 1981 2056 2040 quo
2083 1963 2266 2034 Ord0,
2303 1981 2377 2025 ac

245 2067 478 2127 Divina
511 2062 678 2122 Vera
714 2070 851 2120 sunt
886 2062 1055 2138 leges
1093 2062 1355 2135 Ordinis,
1393 2063 1668 2122 videatur
1704 2066 1764 2122 in
1797 2063 2126 2122 Doo'rnuu
2159 2065 2374 2124 Novam

248 2167 741 2226 Hmaosommffl
792 2165 1061 2221 11:279.
1132 2162 1405 2223 Cavcant
1439 2164 1550 2223 sibi
1599 2181 1672 2221 ne
1719 2162 1999 2237 credant,
2048 2164 2208 2240 quod
2257 2164 2374 2224 Di·
2445 2141 2453 2149 ⁸

247 2269 394 2324 vina
426 2265 574 2323 Vita
607 2263 769 2340 apud
796 2263 1075 2339 aliquem,
1113 2281 1188 2322 ne
1225 2263 1468 2340 quidem
1503 2263 1665 2339 apud
1699 2261 1892 2321 malos
1930 2269 1992 2321 et
2024 2266 2085 2322 in
2110 2263 2370 2339 Inserno,

249 2371 549 2440 mutetur,
597 2382 765 2438 nam,
823 2370 888 2422 ut
939 2380 1128 2441 supra
1175 2364 1398 2425 dictum
1450 2371 1572 2437 est,
1627 2365 1764 2440 ipsa
1797 2364 1923 2421 vita
1956 2380 2076 2422 non
2111 2369 2376 2423 mutatur

255 2473 367 2526 aut
397 2469 695 2537 variatur,
748 2465 855 2524 sed
902 2483 1014 2541 per
1063 2465 1227 2524 illam
1272 2465 1503 2523 sistitur
1554 2465 1910 2541 apparentia
1954 2465 2181 2522 formae
2219 2464 2378 2522 reci-

256 2568 483 2644 pientis
514 2584 621 2642 per
656 2584 834 2642 quam
873 2573 933 2625 et
969 2582 1001 2624 e
1032 2582 1151 2642 qua
1189 2566 1429 2640 transit3
1467 2581 1662 2642 paene
1699 2566 1856 2622 sicut
1884 2567 2138 2641 quisque
2174 2581 2372 2640 appa·-

252 2673 354 2727 ret
389 2668 448 2725 in
484 2667 729 2742 speculo
767 2666 959 2742 qualis
998 2674 1090 2725 est
1126 2684 1237 2742 per
1268 2665 1486 2739 lucem,
1527 2682 1684 2742 quae
1722 2681 1912 2740 usque
1948 2671 2151 2724 manet
2175 2666 2236 2723 in
2263 2680 2373 2724 suo

250 2774 438 2841 statu,
478 2774 535 2825 et
560 2766 735 2856 modo
772 2766 1047 2843 producit
1081 2766 1330 2825 formam
1368 2766 1445 2825 ad
1471 2768 1680 2839 visum,
1722 2772 1785 2824 et
1820 2769 1975 2825 sicut
2011 2764 2222 2825 eadem
2245 2768 2375 2825 vita

251 2885 323 2928 sc
359 2869 516 2926 sistit
549 2862 756 2926 sentiri
791 2866 1121 2926 secundum
1175 2867 1425 2926 formam
1462 2866 1687 2944 Organi
1724 2868 2023 2944 corporiS,
2077 2868 2163 2925 ita
2198 2867 2378 2925 aliter

248 2971 313 3027 in
350 2966 562 3042 oculo,
601 2967 775 3026 aliter
808 2969 867 3025 in
905 2967 1144 3037 auditu,
1182 2975 1242 3026 et
1276 2968 1454 3026 aliter
1487 2969 1548 3025 in
1586 2967 1841 3038 olfactu,
1875 2975 2057 3045 gustu
2084 2973 2146 3025 et
2174 2974 2371 3044 tactu3

250 3071 308 3129 si
344 3067 627 3127 credatur
663 3066 822 3143 quod
856 3068 980 3125 vita
1004 3070 1280 3126 varietur
1317 3074 1377 3126 et
1414 3073 1707 3141 mutetur,
1765 3073 1859 3126 est
1905 3085 1982 3127 ex
2016 3062 2376 3144 apparentia

253 3185 414 3247 quae
451 3174 545 3227 est
571 3166 826 3241 fallacia,
866 3167 1076 3226 sitnilis
1105 3167 1381 3227 fallaciae
1421 3182 1493 3226 ex
1529 3152 1885 3243 apparentia
1929 3167 2089 3245 quod
2115 3168 2375 3229 influxus

249 3268 544 3347 physicus
582 3269 691 3337 sit,
744 3285 879 3327 cum
915 3274 1115 3326 tamen
1151 3277 1244 3327 est
1278 3269 1537 3328 influxus
1576 3268 1937 3345 spiritualis:
1995 3266 2118 3327 Sed
2152 3268 2225 3327 de
2259 3266 2376 3325 hac

251 3387 319 3429 re
348 3368 667 3427 videantur
692 3368 868 3444 plura
893 3371 954 3427 in
985 3367 1184 3445 Opere
1224 3369 1299 3427 de
1331 3367 1534 3427 Coeno
1560 3386 1638 3426 m*
1665 3367 1940 3427 Inmano
1966 3385 2023 3424 n:
2059 3369 2119 3441 93
2157 3366 2374 3443 quibus

249 3468 620 3546 adjiciantur
664 3485 819 3546 quae
866 3469 940 3528 de
975 3468 1213 3527 Influxu
1262 3470 1425 3528 vitae
1477 3469 1540 3526 in
1584 3468 1911 3528 DocrmNA
1956 3467 2170 3525 Novas
2219 3463 2375 3523 Hm-

255 3586 622 3628 nosomms
651 3585 727 3628 ex
752 3569 1030 3627 Ancnms
1059 3566 1478 3629 Connnsrrnos
1506 3585 1564 3626 n:
1596 3571 1632 3627 2
1650 3572 1681 3626 7
1700 3573 1732 3626 7
1747 3613 1760 3627 .
1798 3568 1959 3640 278,
2003 3564 2191 3623 allata
2218 3568 2375 3639 sunt3

251 3675 316 3729 et
356 3668 433 3728 de
489 3669 713 3727 influxu
762 3670 923 3729 vitae
976 3668 1139 3745 apud
1189 3668 1490 3728 Animalia
1526 3668 1585 3726 in
1631 3667 1911 3728 Ancaeus
1958 3665 2377 3727 commensus

251 3788 322 3828 n:
374 3770 581 3828 5850.
625 3771 847 3843 62113
902 3786 974 3828 ac
1024 3771 1087 3826 in
1124 3768 1327 3846 Opere
1365 3768 1441 3827 de
1479 3767 1684 3827 Coum
1721 3784 1800 3826 nr
1834 3767 2111 3825 Ins-enno
2146 3782 2218 3826 n:
2262 3765 2376 3825 39.

260 3872 423 3929 108.
470 3871 630 3929 110.
670 3872 835 3929 435.
885 3871 1058 3943 5673
1111 3876 1239 3928 tum
1272 3871 1335 3927 in
1370 3867 1683 3945 Opusculo
1733 3866 1808 3927 do
1845 3866 2092 3928 Ummo
2127 3866 2378 3927 Jnmcro

249 3988 322 4029 n:
366 3972 477 4029 25.
549 3969 719 4029 Haec
765 3970 925 4028 dicta
973 3975 1143 4039 sunt,
1193 3976 1261 4028 ut
1305 3970 1535 4029 sciatur
1583 3968 1746 4045 quod
1787 3969 1966 4027 unica
1998 3968 2125 4026 vita
2158 3969 2263 4038 sit,
2320 3972 2382 4027 et

252 4069 416 4147 quod
476 4088 552 4129 ex
600 4069 730 4143 illa,
787 4076 1171 4145 quotcunque
1216 4072 1456 4144 vivunt,
1506 4069 1739 4128 vivant:
1803 4084 1961 4128 nunc
2009 4067 2377 4143 ostendetur,

251 4170 411 4247 quod
448 4170 741 4229 Dominus
780 4172 857 4228 sit
890 4172 1028 4247 ipsa
1060 4169 1168 4228 illa
1204 4169 1380 4244 Vita,
1437 4185 1553 4227 seu
1592 4168 1753 4246 quod
1796 4168 1942 4244 Ipse
1979 4166 2158 4228 Solus
2192 4168 2379 4239 vivat,

248 4274 531 4346 quoniam
566 4270 680 4329 hoc
706 4270 1077 4350 significatur
1103 4260 1216 4347 per
1243 4268 1568 4330 Viventem
1605 4271 1669 4330 in
1704 4267 1954 4330 saecula
1977 4264 2375 4326 saeculorum.

1889 4370 1961 4421 11
2012 4359 2050 4395 ⁷*
