<?xml version="1.0" encoding="UTF-8"?>
<!DOCTYPE html PUBLIC "-//W3C//DTD XHTML 1.0 Transitional//EN"
    "http://www.w3.org/TR/xhtml1/DTD/xhtml1-transitional.dtd">
<html xmlns="http://www.w3.org/1999/xhtml" xml:lang="en" lang="en">
 <head>
  <title>
</title>
<meta http-equiv="Content-Type" content="text/html;charset=utf-8" />
  <meta name='ocr-system' content='tesseract 3.04.00' />
  <meta name='ocr-capabilities' content='ocr_page ocr_carea ocr_par ocr_line ocrx_word'/>
</head>
<body>
  <div class='ocr_page' id='page_1' title='image "apocalypsisexpl03swedgoog_0253.png"; bbox 0 0 2791 4778; ppageno 0'>
   <div class='ocr_carea' id='block_1_1' title="bbox 418 374 2380 446">
    <p class='ocr_par' dir='ltr' id='par_1_1' title="bbox 418 374 2380 446">
     <span class='ocr_line' id='line_1_1' title="bbox 418 374 2380 446; baseline 0.004 -15"><span class='ocrx_word' id='word_1_1' title='bbox 418 375 651 431; x_wconf 87' lang='lat' dir='ltr'>CAPUT</span> <span class='ocrx_word' id='word_1_2' title='bbox 691 374 1004 439; x_wconf 80' lang='lat' dir='ltr'><strong>sEx&#39;rUM.</strong></span> <span class='ocrx_word' id='word_1_3' title='bbox 1809 375 2016 429; x_wconf 71' lang='lat' dir='ltr'>VERS:</span> <span class='ocrx_word' id='word_1_4' title='bbox 2061 384 2115 446; x_wconf 78' lang='lat'><strong>4·</strong></span> <span class='ocrx_word' id='word_1_5' title='bbox 2273 388 2380 441; x_wconf 81' lang='lat'><strong>231</strong></span> 
     </span>
    </p>
   </div>
   <div class='ocr_carea' id='block_1_2' title="bbox 259 529 2581 4333">
    <p class='ocr_par' dir='ltr' id='par_1_2' title="bbox 259 529 2581 4333">
     <span class='ocr_line' id='line_1_2' title="bbox 269 529 2379 614; baseline 0.002 -20"><span class='ocrx_word' id='word_1_6' title='bbox 269 532 500 609; x_wconf 79' lang='lat' dir='ltr'><strong>Zione,</strong></span> <span class='ocrx_word' id='word_1_7' title='bbox 565 540 637 595; x_wconf 78' lang='lat' dir='ltr'><strong>ut</strong></span> <span class='ocrx_word' id='word_1_8' title='bbox 662 532 885 596; x_wconf 83' lang='lat' dir='ltr'><strong>videas</strong></span> <span class='ocrx_word' id='word_1_9' title='bbox 927 533 1153 594; x_wconf 78' lang='lat' dir='ltr'><strong>bonum</strong></span> <span class='ocrx_word' id='word_1_10' title='bbox 1187 529 1681 614; x_wconf 75' lang='lat' dir='ltr'><strong>fflerosolymae</strong></span> <span class='ocrx_word' id='word_1_11' title='bbox 1722 532 2009 596; x_wconf 79' lang='lat' dir='ltr'><strong>omnibus</strong></span> <span class='ocrx_word' id='word_1_12' title='bbox 2037 533 2255 599; x_wconf 79' lang='lat' dir='ltr'><strong>diebus</strong></span> <span class='ocrx_word' id='word_1_13' title='bbox 2280 538 2379 599; x_wconf 80' lang='lat' dir='ltr'><strong>vi-</strong></span> 
     </span>
     <span class='ocr_line' id='line_1_3' title="bbox 267 617 2581 717; baseline 0.001 -21"><span class='ocrx_word' id='word_1_14' title='bbox 267 641 364 696; x_wconf 82' lang='lat' dir='ltr'><strong>tae</strong></span> <span class='ocrx_word' id='word_1_15' title='bbox 413 640 580 706; x_wconf 75' lang='lat' dir='ltr'><strong>tuae,</strong></span> <span class='ocrx_word' id='word_1_16' title='bbox 634 640 710 694; x_wconf 75' lang='lat' dir='ltr'><strong>ut</strong></span> <span class='ocrx_word' id='word_1_17' title='bbox 748 617 975 693; x_wconf 51' lang='lat' dir='ltr'><strong>‘videas</strong></span> <span class='ocrx_word' id='word_1_18' title='bbox 1014 630 1197 714; x_wconf 82' lang='lat' dir='ltr'><strong>filios</strong></span> <span class='ocrx_word' id='word_1_19' title='bbox 1237 631 1535 715; x_wconf 79' lang='lat' dir='ltr'><strong>filiorum</strong></span> <span class='ocrx_word' id='word_1_20' title='bbox 1587 639 1866 706; x_wconf 79' lang='lat' dir='ltr'><strong>tuorum,</strong></span> <span class='ocrx_word' id='word_1_21' title='bbox 1911 654 2135 714; x_wconf 79' lang='lat' dir='ltr'><strong>pacem</strong></span> <span class='ocrx_word' id='word_1_22' title='bbox 2190 655 2382 717; x_wconf 80' lang='lat' dir='ltr'><strong>super</strong></span> <span class='ocrx_word' id='word_1_23' title='bbox 2421 636 2581 700; x_wconf 83' lang='grc'>[498]</span> 
     </span>
     <span class='ocr_line' id='line_1_4' title="bbox 266 732 2380 812; baseline 0.001 -17"><span class='ocrx_word' id='word_1_24' title='bbox 266 732 557 795; x_wconf 56' lang='lat' dir='ltr'><strong>Israelffl</strong></span> <span class='ocrx_word' id='word_1_25' title='bbox 599 735 834 793; x_wconf 86' lang='lat' dir='ltr'><strong>Psalm:</strong></span> <span class='ocrx_word' id='word_1_26' title='bbox 888 733 1246 794; x_wconf 88' lang='lat' dir='ltr'>CXXVIH:</span> <span class='ocrx_word' id='word_1_27' title='bbox 1306 735 1363 793; x_wconf 88' lang='lat'><strong>5.</strong></span> <span class='ocrx_word' id='word_1_28' title='bbox 1414 736 1482 809; x_wconf 84' lang='lat'><strong>63</strong></span> <span class='ocrx_word' id='word_1_29' title='bbox 1539 752 1648 811; x_wconf 89' lang='lat' dir='ltr'><strong>per</strong></span> <span class='ocrx_word' id='word_1_30' title='bbox 1682 735 1930 793; x_wconf 84' lang='lat' dir='ltr'><strong>Zionem</strong></span> <span class='ocrx_word' id='word_1_31' title='bbox 1975 744 2035 793; x_wconf 89' lang='lat' dir='ltr'><strong>et</strong></span> <span class='ocrx_word' id='word_1_32' title='bbox 2082 755 2192 812; x_wconf 82' lang='lat' dir='ltr'><strong>per</strong></span> <span class='ocrx_word' id='word_1_33' title='bbox 2229 738 2380 799; x_wconf 87' lang='lat' dir='ltr'><strong>Hie-</strong></span> 
     </span>
     <span class='ocr_line' id='line_1_5' title="bbox 262 834 2379 913; baseline 0.002 -18"><span class='ocrx_word' id='word_1_34' title='bbox 262 835 626 913; x_wconf 82' lang='lat' dir='ltr'><strong>rosolymam</strong></span> <span class='ocrx_word' id='word_1_35' title='bbox 661 835 1030 911; x_wconf 81' lang='lat' dir='ltr'><strong>significatur</strong></span> <span class='ocrx_word' id='word_1_36' title='bbox 1065 834 1161 894; x_wconf 91' lang='lat' dir='ltr'><strong>hic</strong></span> <span class='ocrx_word' id='word_1_37' title='bbox 1192 840 1257 892; x_wconf 92' lang='lat' dir='ltr'><strong>ut</strong></span> <span class='ocrx_word' id='word_1_38' title='bbox 1292 851 1478 911; x_wconf 87' lang='lat' dir='ltr'><strong>supra</strong></span> <span class='ocrx_word' id='word_1_39' title='bbox 1501 834 1777 893; x_wconf 76' lang='lat' dir='ltr'><strong>Ecclesia</strong></span> <span class='ocrx_word' id='word_1_40' title='bbox 1802 836 2000 910; x_wconf 89' lang='lat' dir='ltr'><strong>quoad</strong></span> <span class='ocrx_word' id='word_1_41' title='bbox 2025 835 2184 896; x_wconf 88' lang='lat' dir='ltr'><strong>bona</strong></span> <span class='ocrx_word' id='word_1_42' title='bbox 2211 855 2379 900; x_wconf 84' lang='lat' dir='ltr'><strong>amo-</strong></span> 
     </span>
     <span class='ocr_line' id='line_1_6' title="bbox 265 934 2378 1012; baseline 0.003 -18"><span class='ocrx_word' id='word_1_43' title='bbox 265 939 341 994; x_wconf 87' lang='lat' dir='ltr'><strong>ris</strong></span> <span class='ocrx_word' id='word_1_44' title='bbox 378 943 438 993; x_wconf 88' lang='lat' dir='ltr'><strong>ct</strong></span> <span class='ocrx_word' id='word_1_45' title='bbox 474 935 682 1012; x_wconf 89' lang='lat' dir='ltr'><strong>quoad</strong></span> <span class='ocrx_word' id='word_1_46' title='bbox 715 953 860 993; x_wconf 87' lang='lat' dir='ltr'><strong>vera</strong></span> <span class='ocrx_word' id='word_1_47' title='bbox 897 935 1235 1009; x_wconf 83' lang='lat' dir='ltr'><strong>doctrinae3</strong></span> <span class='ocrx_word' id='word_1_48' title='bbox 1293 934 1452 1010; x_wconf 90' lang='lat' dir='ltr'><strong>quod</strong></span> <span class='ocrx_word' id='word_1_49' title='bbox 1497 934 1729 992; x_wconf 90' lang='lat' dir='ltr'><strong>dicatur</strong></span> <span class='ocrx_word' id='word_1_50' title='bbox 1761 935 2080 995; x_wconf 82' lang='lat' dir='ltr'>benedicat</span> <span class='ocrx_word' id='word_1_51' title='bbox 2123 937 2231 996; x_wconf 90' lang='lat' dir='ltr'><strong>tibi</strong></span> <span class='ocrx_word' id='word_1_52' title='bbox 2265 940 2378 1000; x_wconf 86' lang='lat' dir='ltr'><strong>Je-</strong></span> 
     </span>
     <span class='ocr_line' id='line_1_7' title="bbox 261 1035 2383 1113; baseline 0.002 -19"><span class='ocrx_word' id='word_1_53' title='bbox 261 1035 456 1095; x_wconf 86' lang='lat' dir='ltr'><strong>hovah</strong></span> <span class='ocrx_word' id='word_1_54' title='bbox 491 1053 526 1093; x_wconf 92' lang='lat' dir='ltr'><strong>e</strong></span> <span class='ocrx_word' id='word_1_55' title='bbox 579 1035 802 1106; x_wconf 89' lang='lat' dir='ltr'><strong>Zione,</strong></span> <span class='ocrx_word' id='word_1_56' title='bbox 862 1044 955 1094; x_wconf 87' lang='lat' dir='ltr'><strong>est</strong></span> <span class='ocrx_word' id='word_1_57' title='bbox 990 1043 1058 1093; x_wconf 91' lang='lat' dir='ltr'><strong>ut</strong></span> <span class='ocrx_word' id='word_1_58' title='bbox 1109 1053 1181 1094; x_wconf 82' lang='lat' dir='ltr'><strong>ex</strong></span> <span class='ocrx_word' id='word_1_59' title='bbox 1219 1036 1376 1095; x_wconf 90' lang='lat' dir='ltr'><strong>bono</strong></span> <span class='ocrx_word' id='word_1_60' title='bbox 1426 1036 1673 1108; x_wconf 86' lang='lat' dir='ltr'><strong>amoris,</strong></span> <span class='ocrx_word' id='word_1_61' title='bbox 1727 1052 1864 1094; x_wconf 88' lang='lat' dir='ltr'><strong>nam</strong></span> <span class='ocrx_word' id='word_1_62' title='bbox 1898 1036 2050 1095; x_wconf 91' lang='lat' dir='ltr'><strong>Zion</strong></span> <span class='ocrx_word' id='word_1_63' title='bbox 2087 1039 2383 1113; x_wconf 85' lang='lat' dir='ltr'><strong>significat</strong></span> 
     </span>
     <span class='ocr_line' id='line_1_8' title="bbox 263 1134 2379 1212; baseline 0.003 -19"><span class='ocrx_word' id='word_1_64' title='bbox 263 1136 594 1195; x_wconf 80' lang='lat' dir='ltr'><strong>Ecclesiam</strong></span> <span class='ocrx_word' id='word_1_65' title='bbox 646 1135 845 1212; x_wconf 87' lang='lat' dir='ltr'><strong>quoad</strong></span> <span class='ocrx_word' id='word_1_66' title='bbox 889 1136 1111 1196; x_wconf 91' lang='lat' dir='ltr'><strong>bonum</strong></span> <span class='ocrx_word' id='word_1_67' title='bbox 1161 1138 1412 1211; x_wconf 89' lang='lat' dir='ltr'><strong>amoris;</strong></span> <span class='ocrx_word' id='word_1_68' title='bbox 1470 1143 1530 1194; x_wconf 93' lang='lat' dir='ltr'><strong>et</strong></span> <span class='ocrx_word' id='word_1_69' title='bbox 1566 1137 1705 1211; x_wconf 90' lang='lat' dir='ltr'><strong>quia</strong></span> <span class='ocrx_word' id='word_1_70' title='bbox 1752 1154 1822 1194; x_wconf 80' lang='lat' dir='ltr'><strong>ex</strong></span> <span class='ocrx_word' id='word_1_71' title='bbox 1873 1134 1974 1194; x_wconf 91' lang='lat' dir='ltr'><strong>illo</strong></span> <span class='ocrx_word' id='word_1_72' title='bbox 2010 1136 2167 1197; x_wconf 90' lang='lat' dir='ltr'><strong>bono</strong></span> <span class='ocrx_word' id='word_1_73' title='bbox 2205 1156 2379 1199; x_wconf 88' lang='lat' dir='ltr'><strong>omne</strong></span> 
     </span>
     <span class='ocr_line' id='line_1_9' title="bbox 259 1235 2386 1314; baseline 0.002 -21"><span class='ocrx_word' id='word_1_74' title='bbox 259 1235 470 1295; x_wconf 86' lang='lat' dir='ltr'><strong>bonum</strong></span> <span class='ocrx_word' id='word_1_75' title='bbox 502 1242 568 1294; x_wconf 90' lang='lat' dir='ltr'><strong>et</strong></span> <span class='ocrx_word' id='word_1_76' title='bbox 607 1253 815 1294; x_wconf 90' lang='lat' dir='ltr'><strong>verum</strong></span> <span class='ocrx_word' id='word_1_77' title='bbox 866 1236 1168 1296; x_wconf 87' lang='lat' dir='ltr'><strong>doctrinae</strong></span> <span class='ocrx_word' id='word_1_78' title='bbox 1206 1236 1480 1314; x_wconf 83' lang='lat' dir='ltr'><strong>procedit</strong></span> <span class='ocrx_word' id='word_1_79' title='bbox 1516 1242 1575 1295; x_wconf 89' lang='lat' dir='ltr'><strong>et</strong></span> <span class='ocrx_word' id='word_1_80' title='bbox 1612 1238 1841 1308; x_wconf 77' lang='lat' dir='ltr'><strong>existit,</strong></span> <span class='ocrx_word' id='word_1_81' title='bbox 1890 1236 2027 1297; x_wconf 88' lang='lat' dir='ltr'><strong>inde</strong></span> <span class='ocrx_word' id='word_1_82' title='bbox 2064 1237 2281 1298; x_wconf 85' lang='lat' dir='ltr'><strong>dicitur</strong></span> <span class='ocrx_word' id='word_1_83' title='bbox 2314 1248 2386 1299; x_wconf 68' lang='lat' dir='ltr'><strong>ut‘</strong></span> 
     </span>
     <span class='ocr_line' id='line_1_10' title="bbox 262 1335 2380 1413; baseline 0.002 -20"><span class='ocrx_word' id='word_1_84' title='bbox 262 1336 462 1394; x_wconf 88' lang='lat' dir='ltr'><strong>videas</strong></span> <span class='ocrx_word' id='word_1_85' title='bbox 502 1336 729 1394; x_wconf 88' lang='lat' dir='ltr'><strong>bonum</strong></span> <span class='ocrx_word' id='word_1_86' title='bbox 768 1336 1254 1413; x_wconf 87' lang='lat' dir='ltr'><strong>Hierosolymae,</strong></span> <span class='ocrx_word' id='word_1_87' title='bbox 1310 1354 1380 1395; x_wconf 89' lang='lat' dir='ltr'><strong>ac</strong></span> <span class='ocrx_word' id='word_1_88' title='bbox 1428 1335 1580 1395; x_wconf 85' lang='lat' dir='ltr'><strong>filios</strong></span> <span class='ocrx_word' id='word_1_89' title='bbox 1633 1336 1885 1395; x_wconf 88' lang='lat' dir='ltr'><strong>filiorum</strong></span> <span class='ocrx_word' id='word_1_90' title='bbox 1935 1344 2208 1412; x_wconf 86' lang='lat' dir='ltr'><strong>tuorum,</strong></span> <span class='ocrx_word' id='word_1_91' title='bbox 2272 1339 2380 1399; x_wconf 87' lang='lat' dir='ltr'><strong>filii</strong></span> 
     </span>
     <span class='ocr_line' id='line_1_11' title="bbox 270 1436 2379 1513; baseline 0.002 -19"><span class='ocrx_word' id='word_1_92' title='bbox 270 1436 516 1496; x_wconf 85' lang='lat' dir='ltr'><strong>filiorum</strong></span> <span class='ocrx_word' id='word_1_93' title='bbox 556 1436 894 1513; x_wconf 86' lang='lat' dir='ltr'><strong>significant</strong></span> <span class='ocrx_word' id='word_1_94' title='bbox 943 1455 1090 1495; x_wconf 83' lang='lat' dir='ltr'><strong>vera</strong></span> <span class='ocrx_word' id='word_1_95' title='bbox 1137 1437 1441 1497; x_wconf 86' lang='lat' dir='ltr'><strong>doctrinae</strong></span> <span class='ocrx_word' id='word_1_96' title='bbox 1478 1454 1548 1496; x_wconf 86' lang='lat' dir='ltr'><strong>ac</strong></span> <span class='ocrx_word' id='word_1_97' title='bbox 1584 1436 2134 1512; x_wconf 82' lang='lat' dir='ltr'><strong>multiplicationem</strong></span> <span class='ocrx_word' id='word_1_98' title='bbox 2172 1456 2379 1499; x_wconf 88' lang='lat' dir='ltr'><strong>eorum</strong></span> 
     </span>
     <span class='ocr_line' id='line_1_12' title="bbox 269 1537 2380 1615; baseline 0.003 -22"><span class='ocrx_word' id='word_1_99' title='bbox 269 1538 321 1594; x_wconf 87' lang='lat' dir='ltr'><strong>in</strong></span> <span class='ocrx_word' id='word_1_100' title='bbox 355 1545 671 1596; x_wconf 86' lang='lat' dir='ltr'><strong>aeternum</strong></span> <span class='ocrx_word' id='word_1_101' title='bbox 683 1559 698 1613; x_wconf 85' lang='lat'>3</span> <span class='ocrx_word' id='word_1_102' title='bbox 740 1540 880 1613; x_wconf 89' lang='lat' dir='ltr'><strong>quia</strong></span> <span class='ocrx_word' id='word_1_103' title='bbox 904 1537 1057 1596; x_wconf 89' lang='lat' dir='ltr'><strong>haec</strong></span> <span class='ocrx_word' id='word_1_104' title='bbox 1093 1539 1292 1596; x_wconf 87' lang='lat' dir='ltr'><strong>omnia</strong></span> <span class='ocrx_word' id='word_1_105' title='bbox 1318 1545 1457 1597; x_wconf 89' lang='lat' dir='ltr'><strong>sunt</strong></span> <span class='ocrx_word' id='word_1_106' title='bbox 1492 1554 1565 1595; x_wconf 80' lang='lat' dir='ltr'><strong>ex</strong></span> <span class='ocrx_word' id='word_1_107' title='bbox 1600 1537 1886 1612; x_wconf 88' lang='lat' dir='ltr'><strong>Domino,</strong></span> <span class='ocrx_word' id='word_1_108' title='bbox 1928 1545 1987 1596; x_wconf 83' lang='lat' dir='ltr'><strong>et</strong></span> <span class='ocrx_word' id='word_1_109' title='bbox 2021 1556 2131 1615; x_wconf 90' lang='lat' dir='ltr'><strong>per</strong></span> <span class='ocrx_word' id='word_1_110' title='bbox 2164 1557 2380 1615; x_wconf 87' lang='lat' dir='ltr'><strong>pacem</strong></span> 
     </span>
     <span class='ocr_line' id='line_1_13' title="bbox 264 1637 2380 1720; baseline 0.002 -25"><span class='ocrx_word' id='word_1_111' title='bbox 264 1654 407 1713; x_wconf 84' lang='lat' dir='ltr'><strong>quae</strong></span> <span class='ocrx_word' id='word_1_112' title='bbox 460 1638 537 1695; x_wconf 89' lang='lat' dir='ltr'><strong>ab</strong></span> <span class='ocrx_word' id='word_1_113' title='bbox 591 1637 766 1713; x_wconf 77' lang='lat' dir='ltr'>IpSO,</span> <span class='ocrx_word' id='word_1_114' title='bbox 839 1638 974 1696; x_wconf 91' lang='lat' dir='ltr'><strong>ideo</strong></span> <span class='ocrx_word' id='word_1_115' title='bbox 1032 1638 1409 1720; x_wconf 71' lang='lat' dir='ltr'><strong>concluditur</strong></span> <span class='ocrx_word' id='word_1_116' title='bbox 1456 1654 1567 1712; x_wconf 89' lang='lat' dir='ltr'><strong>per</strong></span> <span class='ocrx_word' id='word_1_117' title='bbox 1601 1644 1667 1694; x_wconf 90' lang='lat' dir='ltr'><strong>ut</strong></span> <span class='ocrx_word' id='word_1_118' title='bbox 1699 1637 1908 1696; x_wconf 88' lang='lat' dir='ltr'><strong>videas</strong></span> <span class='ocrx_word' id='word_1_119' title='bbox 1944 1655 2157 1714; x_wconf 83' lang='lat' dir='ltr'><strong>pacem</strong></span> <span class='ocrx_word' id='word_1_120' title='bbox 2192 1656 2380 1716; x_wconf 87' lang='lat' dir='ltr'><strong>super</strong></span> 
     </span>
     <span class='ocr_line' id='line_1_14' title="bbox 261 1736 2377 1814; baseline 0.002 -20"><span class='ocrx_word' id='word_1_121' title='bbox 261 1736 510 1811; x_wconf 72' lang='lat' dir='ltr'><strong>Israele,</strong></span> <span class='ocrx_word' id='word_1_122' title='bbox 571 1737 766 1797; x_wconf 78' lang='lat' dir='ltr'><strong>Israe‘l</strong></span> <span class='ocrx_word' id='word_1_123' title='bbox 800 1746 942 1797; x_wconf 88' lang='lat' dir='ltr'><strong>sunt</strong></span> <span class='ocrx_word' id='word_1_124' title='bbox 987 1737 1077 1796; x_wconf 89' lang='lat' dir='ltr'><strong>illi</strong></span> <span class='ocrx_word' id='word_1_125' title='bbox 1127 1739 1288 1814; x_wconf 90' lang='lat' dir='ltr'><strong>apud</strong></span> <span class='ocrx_word' id='word_1_126' title='bbox 1326 1754 1474 1814; x_wconf 91' lang='lat' dir='ltr'><strong>quos</strong></span> <span class='ocrx_word' id='word_1_127' title='bbox 1510 1737 1803 1797; x_wconf 83' lang='lat' dir='ltr'><strong>Ecclesia.</strong></span> <span class='ocrx_word' id='word_1_128' title='bbox 1892 1739 2071 1813; x_wconf 88' lang='lat' dir='ltr'><strong>Apud</strong></span> <span class='ocrx_word' id='word_1_129' title='bbox 2106 1740 2377 1799; x_wconf 85' lang='lat' dir='ltr'><strong>Eundem</strong></span> 
     </span>
     <span class='ocr_line' id='line_1_15' title="bbox 267 1834 2373 1921; baseline 0.001 -24"><span class='ocrx_word' id='word_1_130' title='bbox 267 1835 436 1910; x_wconf 68' lang='lat' dir='ltr'><strong>„Est</strong></span> <span class='ocrx_word' id='word_1_131' title='bbox 474 1837 548 1898; x_wconf 81' lang='lat' dir='ltr'><strong>in</strong></span> <span class='ocrx_word' id='word_1_132' title='bbox 592 1835 882 1898; x_wconf 78' lang='lat' dir='ltr'><strong>Schalem</strong></span> <span class='ocrx_word' id='word_1_133' title='bbox 913 1834 1419 1898; x_wconf 74' lang='lat' dir='ltr'><strong>Tabemaculum</strong></span> <span class='ocrx_word' id='word_1_134' title='bbox 1458 1835 1624 1913; x_wconf 84' lang='lat' dir='ltr'><strong>Dei,</strong></span> <span class='ocrx_word' id='word_1_135' title='bbox 1665 1845 1725 1899; x_wconf 81' lang='lat' dir='ltr'><strong>et</strong></span> <span class='ocrx_word' id='word_1_136' title='bbox 1763 1837 2230 1901; x_wconf 79' lang='lat' dir='ltr'><strong>Habitaculum</strong></span> <span class='ocrx_word' id='word_1_137' title='bbox 2255 1838 2373 1921; x_wconf 76' lang='lat' dir='ltr'><strong>Ip-</strong></span> 
     </span>
     <span class='ocr_line' id='line_1_16' title="bbox 263 1935 2377 2022; baseline 0.003 -25"><span class='ocrx_word' id='word_1_138' title='bbox 263 1937 396 1997; x_wconf 83' lang='lat' dir='ltr'><strong>sius</strong></span> <span class='ocrx_word' id='word_1_139' title='bbox 432 1938 504 1998; x_wconf 75' lang='lat' dir='ltr'><strong>in</strong></span> <span class='ocrx_word' id='word_1_140' title='bbox 542 1939 791 2009; x_wconf 77' lang='lat' dir='ltr'><strong>Zione;</strong></span> <span class='ocrx_word' id='word_1_141' title='bbox 845 1937 936 1998; x_wconf 85' lang='lat' dir='ltr'><strong>ibi</strong></span> <span class='ocrx_word' id='word_1_142' title='bbox 968 1938 1184 2018; x_wconf 72' lang='lat' dir='ltr'><strong>freyit</strong></span> <span class='ocrx_word' id='word_1_143' title='bbox 1230 1935 1554 1998; x_wconf 79' lang='lat' dir='ltr'><strong>scintillas</strong></span> <span class='ocrx_word' id='word_1_144' title='bbox 1612 1957 1833 2013; x_wconf 79' lang='lat' dir='ltr'><strong>arcus,</strong></span> <span class='ocrx_word' id='word_1_145' title='bbox 1892 1947 2173 2017; x_wconf 75' lang='lat' dir='ltr'><strong>scutum,</strong></span> <span class='ocrx_word' id='word_1_146' title='bbox 2225 1939 2377 2022; x_wconf 75' lang='lat' dir='ltr'><strong>yla-</strong></span> 
     </span>
     <span class='ocr_line' id='line_1_17' title="bbox 266 2035 2377 2120; baseline 0.003 -24"><span class='ocrx_word' id='word_1_147' title='bbox 266 2036 440 2099; x_wconf 83' lang='lat' dir='ltr'><strong>dium</strong></span> <span class='ocrx_word' id='word_1_148' title='bbox 483 2046 545 2101; x_wconf 77' lang='lat' dir='ltr'><strong>et</strong></span> <span class='ocrx_word' id='word_1_149' title='bbox 594 2035 866 2101; x_wconf 57' lang='lat' dir='ltr'><strong>bellum</strong></span> <span class='ocrx_word' id='word_1_150' title='bbox 932 2039 1168 2098; x_wconf 85' lang='lat' dir='ltr'><strong>Psalm:</strong></span> <span class='ocrx_word' id='word_1_151' title='bbox 1218 2039 1518 2099; x_wconf 86' lang='lat' dir='ltr'><strong>LXXVI:</strong></span> <span class='ocrx_word' id='word_1_152' title='bbox 1574 2042 1633 2100; x_wconf 90' lang='lat'><strong>3.</strong></span> <span class='ocrx_word' id='word_1_153' title='bbox 1677 2043 1753 2116; x_wconf 84' lang='lat'><strong>43</strong></span> <span class='ocrx_word' id='word_1_154' title='bbox 1807 2040 1904 2102; x_wconf 92' lang='lat' dir='ltr'><strong>hic</strong></span> <span class='ocrx_word' id='word_1_155' title='bbox 1954 2040 2377 2120; x_wconf 83' lang='lat' dir='ltr'><strong>Hierosolyma</strong></span> 
     </span>
     <span class='ocr_line' id='line_1_18' title="bbox 266 2139 2376 2219; baseline 0.004 -25"><span class='ocrx_word' id='word_1_156' title='bbox 266 2146 506 2198; x_wconf 79' lang='lat' dir='ltr'><strong>vocatur</strong></span> <span class='ocrx_word' id='word_1_157' title='bbox 542 2140 857 2215; x_wconf 85' lang='lat' dir='ltr'><strong>Schalem,</strong></span> <span class='ocrx_word' id='word_1_158' title='bbox 914 2142 1056 2215; x_wconf 89' lang='lat' dir='ltr'><strong>quia</strong></span> <span class='ocrx_word' id='word_1_159' title='bbox 1088 2158 1199 2217; x_wconf 88' lang='lat' dir='ltr'><strong>per</strong></span> <span class='ocrx_word' id='word_1_160' title='bbox 1240 2139 1521 2200; x_wconf 82' lang='lat' dir='ltr'><strong>Schalem</strong></span> <span class='ocrx_word' id='word_1_161' title='bbox 1557 2139 1923 2217; x_wconf 83' lang='lat' dir='ltr'><strong>significatur</strong></span> <span class='ocrx_word' id='word_1_162' title='bbox 1959 2141 2121 2214; x_wconf 83' lang='lat' dir='ltr'><strong>Pax,</strong></span> <span class='ocrx_word' id='word_1_163' title='bbox 2184 2161 2217 2202; x_wconf 94' lang='lat' dir='ltr'><strong>e</strong></span> <span class='ocrx_word' id='word_1_164' title='bbox 2255 2160 2376 2219; x_wconf 86' lang='lat' dir='ltr'><strong>qua</strong></span> 
     </span>
     <span class='ocr_line' id='line_1_19' title="bbox 269 2240 2376 2318; baseline 0.003 -23"><span class='ocrx_word' id='word_1_165' title='bbox 269 2240 436 2298; x_wconf 88' lang='lat' dir='ltr'><strong>etiam</strong></span> <span class='ocrx_word' id='word_1_166' title='bbox 470 2241 896 2318; x_wconf 86' lang='lat' dir='ltr'><strong>Hierosolyma</strong></span> <span class='ocrx_word' id='word_1_167' title='bbox 931 2244 1235 2301; x_wconf 86' lang='lat' dir='ltr'><strong>nominata</strong></span> <span class='ocrx_word' id='word_1_168' title='bbox 1271 2248 1393 2315; x_wconf 82' lang='lat' dir='ltr'><strong>est,</strong></span> <span class='ocrx_word' id='word_1_169' title='bbox 1451 2240 1608 2315; x_wconf 90' lang='lat' dir='ltr'><strong>quod</strong></span> <span class='ocrx_word' id='word_1_170' title='bbox 1653 2242 1738 2298; x_wconf 89' lang='lat' dir='ltr'><strong>ita</strong></span> <span class='ocrx_word' id='word_1_171' title='bbox 1781 2243 2085 2300; x_wconf 87' lang='lat' dir='ltr'><strong>nominata</strong></span> <span class='ocrx_word' id='word_1_172' title='bbox 2123 2245 2227 2312; x_wconf 88' lang='lat' dir='ltr'><strong>sit,</strong></span> <span class='ocrx_word' id='word_1_173' title='bbox 2282 2251 2376 2301; x_wconf 89' lang='lat' dir='ltr'><strong>est</strong></span> 
     </span>
     <span class='ocr_line' id='line_1_20' title="bbox 273 2340 2376 2419; baseline 0.002 -23"><span class='ocrx_word' id='word_1_174' title='bbox 273 2340 401 2416; x_wconf 88' lang='lat' dir='ltr'><strong>quia</strong></span> <span class='ocrx_word' id='word_1_175' title='bbox 432 2341 559 2401; x_wconf 81' lang='lat' dir='ltr'><strong>Pax</strong></span> <span class='ocrx_word' id='word_1_176' title='bbox 600 2341 890 2418; x_wconf 86' lang='lat' dir='ltr'><strong>significat</strong></span> <span class='ocrx_word' id='word_1_177' title='bbox 927 2344 1123 2401; x_wconf 88' lang='lat' dir='ltr'><strong>omnia</strong></span> <span class='ocrx_word' id='word_1_178' title='bbox 1155 2342 1259 2401; x_wconf 89' lang='lat' dir='ltr'><strong>illa</strong></span> <span class='ocrx_word' id='word_1_179' title='bbox 1287 2359 1443 2419; x_wconf 87' lang='lat' dir='ltr'><strong>quae</strong></span> <span class='ocrx_word' id='word_1_180' title='bbox 1472 2357 1658 2418; x_wconf 88' lang='lat' dir='ltr'><strong>supra</strong></span> <span class='ocrx_word' id='word_1_181' title='bbox 1683 2341 1743 2398; x_wconf 87' lang='lat' dir='ltr'><strong>in</strong></span> <span class='ocrx_word' id='word_1_182' title='bbox 1770 2357 2004 2400; x_wconf 88' lang='lat' dir='ltr'><strong>summa</strong></span> <span class='ocrx_word' id='word_1_183' title='bbox 2032 2342 2190 2401; x_wconf 87' lang='lat' dir='ltr'><strong>dicta</strong></span> <span class='ocrx_word' id='word_1_184' title='bbox 2217 2350 2376 2414; x_wconf 88' lang='lat' dir='ltr'><strong>sunt,</strong></span> 
     </span>
     <span class='ocr_line' id='line_1_21' title="bbox 282 2442 2377 2520; baseline 0.002 -23"><span class='ocrx_word' id='word_1_185' title='bbox 282 2456 423 2515; x_wconf 87' lang='lat' dir='ltr'><strong>quae</strong></span> <span class='ocrx_word' id='word_1_186' title='bbox 455 2443 770 2503; x_wconf 80' lang='lat' dir='ltr'><strong>videantur</strong></span> <span class='ocrx_word' id='word_1_187' title='bbox 784 2463 799 2518; x_wconf 90' lang='lat'>;</span> <span class='ocrx_word' id='word_1_188' title='bbox 861 2461 972 2520; x_wconf 91' lang='lat' dir='ltr'><strong>per</strong></span> <span class='ocrx_word' id='word_1_189' title='bbox 1015 2443 1470 2502; x_wconf 87' lang='lat' dir='ltr'><strong>tabernaculum</strong></span> <span class='ocrx_word' id='word_1_190' title='bbox 1520 2442 1637 2501; x_wconf 88' lang='lat' dir='ltr'><strong>Dei</strong></span> <span class='ocrx_word' id='word_1_191' title='bbox 1687 2442 1846 2518; x_wconf 84' lang='lat' dir='ltr'><strong>quod</strong></span> <span class='ocrx_word' id='word_1_192' title='bbox 1890 2443 1974 2501; x_wconf 92' lang='lat' dir='ltr'><strong>ibi</strong></span> <span class='ocrx_word' id='word_1_193' title='bbox 2007 2443 2377 2518; x_wconf 84' lang='lat' dir='ltr'><strong>significatur</strong></span> 
     </span>
     <span class='ocr_line' id='line_1_22' title="bbox 280 2538 2371 2621; baseline 0.002 -25"><span class='ocrx_word' id='word_1_194' title='bbox 280 2538 533 2601; x_wconf 87' lang='lat' dir='ltr'><strong>Ecclesia</strong></span> <span class='ocrx_word' id='word_1_195' title='bbox 572 2562 643 2602; x_wconf 87' lang='lat' dir='ltr'><strong>ex</strong></span> <span class='ocrx_word' id='word_1_196' title='bbox 686 2544 839 2620; x_wconf 88' lang='lat' dir='ltr'><strong>illis;</strong></span> <span class='ocrx_word' id='word_1_197' title='bbox 894 2550 954 2602; x_wconf 89' lang='lat' dir='ltr'><strong>et</strong></span> <span class='ocrx_word' id='word_1_198' title='bbox 987 2562 1099 2620; x_wconf 90' lang='lat' dir='ltr'><strong>per</strong></span> <span class='ocrx_word' id='word_1_199' title='bbox 1132 2543 1540 2602; x_wconf 87' lang='lat' dir='ltr'><strong>habitaculum</strong></span> <span class='ocrx_word' id='word_1_200' title='bbox 1572 2543 1773 2620; x_wconf 85' lang='lat' dir='ltr'><strong>Ipsius</strong></span> <span class='ocrx_word' id='word_1_201' title='bbox 1810 2545 1870 2600; x_wconf 88' lang='lat' dir='ltr'><strong>in</strong></span> <span class='ocrx_word' id='word_1_202' title='bbox 1904 2543 2093 2603; x_wconf 86' lang='lat' dir='ltr'><strong>Zione</strong></span> <span class='ocrx_word' id='word_1_203' title='bbox 2142 2543 2371 2621; x_wconf 88' lang='lat' dir='ltr'><strong>signifi-</strong></span> 
     </span>
     <span class='ocr_line' id='line_1_23' title="bbox 276 2643 2373 2720; baseline 0.003 -24"><span class='ocrx_word' id='word_1_204' title='bbox 276 2646 434 2698; x_wconf 87' lang='lat' dir='ltr'><strong>catur</strong></span> <span class='ocrx_word' id='word_1_205' title='bbox 466 2643 681 2703; x_wconf 86' lang='lat' dir='ltr'><strong>bonum</strong></span> <span class='ocrx_word' id='word_1_206' title='bbox 721 2647 940 2704; x_wconf 88' lang='lat' dir='ltr'><strong>amoris</strong></span> <span class='ocrx_word' id='word_1_207' title='bbox 952 2688 972 2719; x_wconf 89' lang='lat'><em>,</em></span> <span class='ocrx_word' id='word_1_208' title='bbox 1011 2645 1287 2720; x_wconf 86' lang='lat' dir='ltr'><strong>quoniam</strong></span> <span class='ocrx_word' id='word_1_209' title='bbox 1317 2647 1374 2702; x_wconf 90' lang='lat' dir='ltr'><strong>in</strong></span> <span class='ocrx_word' id='word_1_210' title='bbox 1403 2643 1504 2702; x_wconf 91' lang='lat' dir='ltr'><strong>illo</strong></span> <span class='ocrx_word' id='word_1_211' title='bbox 1533 2643 1824 2702; x_wconf 85' lang='lat' dir='ltr'><strong>Dominus</strong></span> <span class='ocrx_word' id='word_1_212' title='bbox 1852 2643 2099 2715; x_wconf 87' lang='lat' dir='ltr'><strong>habitat,</strong></span> <span class='ocrx_word' id='word_1_213' title='bbox 2140 2651 2199 2703; x_wconf 89' lang='lat' dir='ltr'><strong>et</strong></span> <span class='ocrx_word' id='word_1_214' title='bbox 2235 2643 2373 2702; x_wconf 87' lang='lat' dir='ltr'><strong>inde</strong></span> 
     </span>
     <span class='ocr_line' id='line_1_24' title="bbox 268 2739 2373 2822; baseline 0.003 -25"><span class='ocrx_word' id='word_1_215' title='bbox 268 2739 361 2798; x_wconf 85' lang='lat' dir='ltr'><strong>dat</strong></span> <span class='ocrx_word' id='word_1_216' title='bbox 393 2760 570 2815; x_wconf 83' lang='lat' dir='ltr'><strong>vcra,</strong></span> <span class='ocrx_word' id='word_1_217' title='bbox 623 2763 694 2804; x_wconf 90' lang='lat' dir='ltr'><strong>ac</strong></span> <span class='ocrx_word' id='word_1_218' title='bbox 728 2744 1048 2804; x_wconf 84' lang='lat' dir='ltr'><strong>fructificat</strong></span> <span class='ocrx_word' id='word_1_219' title='bbox 1085 2753 1145 2804; x_wconf 90' lang='lat' dir='ltr'><strong>et</strong></span> <span class='ocrx_word' id='word_1_220' title='bbox 1179 2745 1534 2821; x_wconf 88' lang='lat' dir='ltr'><strong>multiplicat</strong></span> <span class='ocrx_word' id='word_1_221' title='bbox 1568 2744 1672 2802; x_wconf 91' lang='lat' dir='ltr'><strong>illa</strong></span> <span class='ocrx_word' id='word_1_222' title='bbox 1683 2764 1701 2820; x_wconf 78' lang='lat'><em>3</em></span> <span class='ocrx_word' id='word_1_223' title='bbox 1742 2750 1803 2803; x_wconf 89' lang='lat' dir='ltr'><strong>et</strong></span> <span class='ocrx_word' id='word_1_224' title='bbox 1837 2746 1979 2820; x_wconf 87' lang='lat' dir='ltr'><strong>quia</strong></span> <span class='ocrx_word' id='word_1_225' title='bbox 2012 2762 2123 2821; x_wconf 83' lang='lat' dir='ltr'><strong>per</strong></span> <span class='ocrx_word' id='word_1_226' title='bbox 2157 2762 2373 2822; x_wconf 90' lang='lat' dir='ltr'><strong>pacem</strong></span> 
     </span>
     <span class='ocr_line' id='line_1_25' title="bbox 268 2832 2378 2922; baseline 0.002 -23"><span class='ocrx_word' id='word_1_227' title='bbox 268 2843 431 2902; x_wconf 87' lang='lat' dir='ltr'><strong>etiam</strong></span> <span class='ocrx_word' id='word_1_228' title='bbox 458 2846 836 2921; x_wconf 85' lang='lat' dir='ltr'><strong>significatur</strong></span> <span class='ocrx_word' id='word_1_229' title='bbox 872 2846 1029 2922; x_wconf 92' lang='lat' dir='ltr'><strong>quod</strong></span> <span class='ocrx_word' id='word_1_230' title='bbox 1066 2863 1181 2903; x_wconf 89' lang='lat' dir='ltr'><strong>non</strong></span> <span class='ocrx_word' id='word_1_231' title='bbox 1218 2863 1457 2922; x_wconf 86' lang='lat' dir='ltr'><strong>pugnae</strong></span> <span class='ocrx_word' id='word_1_232' title='bbox 1494 2844 1636 2903; x_wconf 88' lang='lat' dir='ltr'><strong>mali</strong></span> <span class='ocrx_word' id='word_1_233' title='bbox 1671 2852 1733 2902; x_wconf 90' lang='lat' dir='ltr'><strong>et</strong></span> <span class='ocrx_word' id='word_1_234' title='bbox 1766 2845 1903 2903; x_wconf 87' lang='lat' dir='ltr'><strong>falsi</strong></span> <span class='ocrx_word' id='word_1_235' title='bbox 1939 2845 2195 2922; x_wconf 83' lang='lat' dir='ltr'><strong>amplius</strong></span> <span class='ocrx_word' id='word_1_236' title='bbox 2226 2832 2378 2904; x_wconf 66' lang='lat' dir='ltr'><strong>con-⁸</strong></span> 
     </span>
     <span class='ocr_line' id='line_1_26' title="bbox 274 2944 2368 3024; baseline 0.004 -26"><span class='ocrx_word' id='word_1_237' title='bbox 274 2947 357 3001; x_wconf 86' lang='lat' dir='ltr'><strong>tra</strong></span> <span class='ocrx_word' id='word_1_238' title='bbox 387 2944 607 3003; x_wconf 89' lang='lat' dir='ltr'><strong>bonum</strong></span> <span class='ocrx_word' id='word_1_239' title='bbox 646 2954 704 3005; x_wconf 89' lang='lat' dir='ltr'><strong>et</strong></span> <span class='ocrx_word' id='word_1_240' title='bbox 739 2964 978 3020; x_wconf 88' lang='lat' dir='ltr'><strong>verum,</strong></span> <span class='ocrx_word' id='word_1_241' title='bbox 1030 2964 1140 3004; x_wconf 87' lang='lat' dir='ltr'><strong>seu</strong></span> <span class='ocrx_word' id='word_1_242' title='bbox 1181 2963 1299 3004; x_wconf 91' lang='lat' dir='ltr'><strong>non</strong></span> <span class='ocrx_word' id='word_1_243' title='bbox 1337 2946 1646 3005; x_wconf 88' lang='lat' dir='ltr'><strong>dissidium</strong></span> <span class='ocrx_word' id='word_1_244' title='bbox 1683 2951 1789 3003; x_wconf 88' lang='lat' dir='ltr'><strong>aut</strong></span> <span class='ocrx_word' id='word_1_245' title='bbox 1829 2945 2055 3005; x_wconf 88' lang='lat' dir='ltr'><strong>bellum</strong></span> <span class='ocrx_word' id='word_1_246' title='bbox 2090 2949 2149 3005; x_wconf 90' lang='lat' dir='ltr'><strong>in</strong></span> <span class='ocrx_word' id='word_1_247' title='bbox 2185 2950 2368 3024; x_wconf 87' lang='lat' dir='ltr'><strong>spiri-</strong></span> 
     </span>
     <span class='ocr_line' id='line_1_27' title="bbox 268 3044 2371 3122; baseline 0.001 -20"><span class='ocrx_word' id='word_1_248' title='bbox 268 3044 407 3102; x_wconf 86' lang='lat' dir='ltr'><strong>tuali</strong></span> <span class='ocrx_word' id='word_1_249' title='bbox 445 3062 662 3116; x_wconf 86' lang='lat' dir='ltr'><strong>sensu,</strong></span> <span class='ocrx_word' id='word_1_250' title='bbox 700 3047 835 3106; x_wconf 90' lang='lat' dir='ltr'><strong>ideo</strong></span> <span class='ocrx_word' id='word_1_251' title='bbox 880 3047 1120 3121; x_wconf 85' lang='lat' dir='ltr'><strong>dicitur,</strong></span> <span class='ocrx_word' id='word_1_252' title='bbox 1162 3046 1244 3105; x_wconf 91' lang='lat' dir='ltr'><strong>ibi</strong></span> <span class='ocrx_word' id='word_1_253' title='bbox 1279 3047 1457 3122; x_wconf 84' lang='lat' dir='ltr'><strong>fregit</strong></span> <span class='ocrx_word' id='word_1_254' title='bbox 1482 3046 1771 3106; x_wconf 82' lang='lat' dir='ltr'><strong>scintillas</strong></span> <span class='ocrx_word' id='word_1_255' title='bbox 1808 3064 2006 3118; x_wconf 79' lang='lat' dir='ltr'><strong>arcuS‚</strong></span> <span class='ocrx_word' id='word_1_256' title='bbox 2044 3055 2278 3106; x_wconf 89' lang='lat' dir='ltr'><strong>scutum</strong></span> <span class='ocrx_word' id='word_1_257' title='bbox 2310 3054 2371 3106; x_wconf 87' lang='lat' dir='ltr'><strong>et</strong></span> 
     </span>
     <span class='ocr_line' id='line_1_28' title="bbox 266 3143 2371 3225; baseline 0.001 -24"><span class='ocrx_word' id='word_1_258' title='bbox 266 3143 516 3219; x_wconf 84' lang='lat' dir='ltr'><strong>gladium</strong></span> <span class='ocrx_word' id='word_1_259' title='bbox 558 3154 617 3204; x_wconf 89' lang='lat' dir='ltr'><strong>et</strong></span> <span class='ocrx_word' id='word_1_260' title='bbox 650 3146 907 3222; x_wconf 83' lang='lat' dir='ltr'><strong>bellum,</strong></span> <span class='ocrx_word' id='word_1_261' title='bbox 944 3165 1055 3224; x_wconf 87' lang='lat' dir='ltr'><strong>per</strong></span> <span class='ocrx_word' id='word_1_262' title='bbox 1091 3165 1245 3223; x_wconf 89' lang='lat' dir='ltr'><strong>quae</strong></span> <span class='ocrx_word' id='word_1_263' title='bbox 1281 3147 1648 3224; x_wconf 86' lang='lat' dir='ltr'><strong>significatur</strong></span> <span class='ocrx_word' id='word_1_264' title='bbox 1675 3147 1990 3225; x_wconf 86' lang='lat' dir='ltr'><strong>dissipatio</strong></span> <span class='ocrx_word' id='word_1_265' title='bbox 2027 3150 2215 3206; x_wconf 90' lang='lat' dir='ltr'><strong>omnis</strong></span> <span class='ocrx_word' id='word_1_266' title='bbox 2250 3166 2371 3224; x_wconf 88' lang='lat' dir='ltr'><strong>pu-</strong></span> 
     </span>
     <span class='ocr_line' id='line_1_29' title="bbox 265 3247 2370 3323; baseline 0 -20"><span class='ocrx_word' id='word_1_267' title='bbox 265 3260 406 3318; x_wconf 84' lang='lat' dir='ltr'><strong>gnae</strong></span> <span class='ocrx_word' id='word_1_268' title='bbox 440 3247 733 3306; x_wconf 85' lang='lat' dir='ltr'><strong>salsorum</strong></span> <span class='ocrx_word' id='word_1_269' title='bbox 769 3249 1072 3307; x_wconf 90' lang='lat' dir='ltr'><strong>doctrinae</strong></span> <span class='ocrx_word' id='word_1_270' title='bbox 1101 3253 1306 3307; x_wconf 87' lang='lat' dir='ltr'><strong>contra</strong></span> <span class='ocrx_word' id='word_1_271' title='bbox 1340 3247 1562 3307; x_wconf 89' lang='lat' dir='ltr'><strong>bonum</strong></span> <span class='ocrx_word' id='word_1_272' title='bbox 1600 3253 1659 3306; x_wconf 90' lang='lat' dir='ltr'><strong>et</strong></span> <span class='ocrx_word' id='word_1_273' title='bbox 1691 3265 1916 3322; x_wconf 82' lang='lat' dir='ltr'><strong>verum,</strong></span> <span class='ocrx_word' id='word_1_274' title='bbox 1955 3265 2026 3307; x_wconf 92' lang='lat' dir='ltr'><strong>ac</strong></span> <span class='ocrx_word' id='word_1_275' title='bbox 2061 3251 2122 3306; x_wconf 90' lang='lat' dir='ltr'><strong>in</strong></span> <span class='ocrx_word' id='word_1_276' title='bbox 2148 3264 2370 3323; x_wconf 86' lang='lat' dir='ltr'><strong>genere</strong></span> 
     </span>
     <span class='ocr_line' id='line_1_30' title="bbox 263 3342 2370 3424; baseline 0.002 -23"><span class='ocrx_word' id='word_1_277' title='bbox 263 3342 566 3421; x_wconf 84' lang='lat' dir='ltr'><strong>dissipatio</strong></span> <span class='ocrx_word' id='word_1_278' title='bbox 603 3350 792 3406; x_wconf 89' lang='lat' dir='ltr'><strong>omnis</strong></span> <span class='ocrx_word' id='word_1_279' title='bbox 830 3347 1082 3407; x_wconf 89' lang='lat' dir='ltr'><strong>dissidii.</strong></span> <span class='ocrx_word' id='word_1_280' title='bbox 1163 3349 1217 3406; x_wconf 90' lang='lat' dir='ltr'>A</span> <span class='ocrx_word' id='word_1_281' title='bbox 1254 3365 1404 3424; x_wconf 88' lang='lat' dir='ltr'><strong>pace</strong></span> <span class='ocrx_word' id='word_1_282' title='bbox 1442 3349 1620 3406; x_wconf 86' lang='lat' dir='ltr'><strong>etiam</strong></span> <span class='ocrx_word' id='word_1_283' title='bbox 1657 3346 1832 3408; x_wconf 77' lang='lat' dir='ltr'><strong>dicta</strong></span> <span class='ocrx_word' id='word_1_284' title='bbox 1871 3355 1967 3409; x_wconf 79' lang='lat' dir='ltr'><strong>est</strong></span> <span class='ocrx_word' id='word_1_285' title='bbox 2007 3346 2370 3422; x_wconf 75' lang='lat' dir='ltr'><strong>„Hieroso-</strong></span> 
     </span>
     <span class='ocr_line' id='line_1_31' title="bbox 261 3438 2364 3524; baseline 0.001 -22"><span class='ocrx_word' id='word_1_286' title='bbox 261 3438 427 3524; x_wconf 78' lang='lat' dir='ltr'><strong>lyma</strong></span> <span class='ocrx_word' id='word_1_287' title='bbox 454 3445 884 3508; x_wconf 74' lang='lat' dir='ltr'><strong>Schelomim“</strong></span> <span class='ocrx_word' id='word_1_288' title='bbox 914 3448 1150 3507; x_wconf 86' lang='lat' dir='ltr'><strong>Jerem:</strong></span> <span class='ocrx_word' id='word_1_289' title='bbox 1190 3448 1372 3509; x_wconf 91' lang='lat' dir='ltr'>XIII:</span> <span class='ocrx_word' id='word_1_290' title='bbox 1419 3452 1449 3507; x_wconf 92' lang='lat'>1</span> <span class='ocrx_word' id='word_1_291' title='bbox 1470 3451 1538 3507; x_wconf 79' lang='lat'><strong>9:</strong></span> <span class='ocrx_word' id='word_1_292' title='bbox 1580 3454 1640 3506; x_wconf 92' lang='lat' dir='ltr'><strong>et</strong></span> <span class='ocrx_word' id='word_1_293' title='bbox 1670 3447 1811 3507; x_wconf 81' lang='lat' dir='ltr'><strong>ideo</strong></span> <span class='ocrx_word' id='word_1_294' title='bbox 1840 3444 2364 3522; x_wconf 57' lang='lat' dir='ltr'><strong>„Melchisedech</strong></span> 
     </span>
     <span class='ocr_line' id='line_1_32' title="bbox 263 3543 2366 3629; baseline -0.001 -24"><span class='ocrx_word' id='word_1_295' title='bbox 263 3543 365 3621; x_wconf 83' lang='lat' dir='ltr'><strong>qui</strong></span> <span class='ocrx_word' id='word_1_296' title='bbox 406 3546 703 3608; x_wconf 81' lang='lat' dir='ltr'><strong>sacerdos</strong></span> <span class='ocrx_word' id='word_1_297' title='bbox 743 3548 890 3609; x_wconf 85' lang='lat' dir='ltr'><strong>Deo</strong></span> <span class='ocrx_word' id='word_1_298' title='bbox 938 3545 1316 3624; x_wconf 81' lang='lat' dir='ltr'><strong>Altissim0‚</strong></span> <span class='ocrx_word' id='word_1_299' title='bbox 1359 3546 1505 3629; x_wconf 82' lang='lat' dir='ltr'><strong>fuit</strong></span> <span class='ocrx_word' id='word_1_300' title='bbox 1540 3547 1691 3608; x_wconf 70' lang='lat' dir='ltr'><strong>Rem</strong></span> <span class='ocrx_word' id='word_1_301' title='bbox 1739 3543 2076 3607; x_wconf 78' lang='lat' dir='ltr'><strong>Sohalem“</strong></span> <span class='ocrx_word' id='word_1_302' title='bbox 2134 3545 2366 3604; x_wconf 73' lang='lat' dir='ltr'><strong>Genesx</strong></span> 
     </span>
     <span class='ocr_line' id='line_1_33' title="bbox 261 3642 2368 3725; baseline -0.001 -20"><span class='ocrx_word' id='word_1_303' title='bbox 261 3642 434 3706; x_wconf 84' lang='lat' dir='ltr'>XIV:</span> <span class='ocrx_word' id='word_1_304' title='bbox 479 3652 509 3707; x_wconf 92' lang='grc'><strong>1</strong></span> <span class='ocrx_word' id='word_1_305' title='bbox 531 3650 603 3724; x_wconf 81' lang='lat'><strong>83</strong></span> <span class='ocrx_word' id='word_1_306' title='bbox 660 3655 720 3709; x_wconf 88' lang='lat' dir='ltr'><strong>et</strong></span> <span class='ocrx_word' id='word_1_307' title='bbox 753 3667 866 3725; x_wconf 87' lang='lat' dir='ltr'><strong>per</strong></span> <span class='ocrx_word' id='word_1_308' title='bbox 896 3648 1065 3707; x_wconf 92' lang='lat' dir='ltr'><strong>illum</strong></span> <span class='ocrx_word' id='word_1_309' title='bbox 1098 3654 1589 3725; x_wconf 85' lang='lat' dir='ltr'><strong>repraesentatus</strong></span> <span class='ocrx_word' id='word_1_310' title='bbox 1628 3654 1718 3707; x_wconf 85' lang='lat' dir='ltr'><strong>est</strong></span> <span class='ocrx_word' id='word_1_311' title='bbox 1744 3646 2067 3720; x_wconf 85' lang='lat' dir='ltr'><strong>Dominus3</strong></span> <span class='ocrx_word' id='word_1_312' title='bbox 2107 3651 2172 3703; x_wconf 94' lang='lat' dir='ltr'><strong>ut</strong></span> <span class='ocrx_word' id='word_1_313' title='bbox 2197 3650 2368 3720; x_wconf 88' lang='lat' dir='ltr'><strong>patet</strong></span> 
     </span>
     <span class='ocr_line' id='line_1_34' title="bbox 262 3744 2367 3829; baseline 0.002 -28"><span class='ocrx_word' id='word_1_314' title='bbox 262 3746 411 3819; x_wconf 87' lang='lat' dir='ltr'><strong>apud</strong></span> <span class='ocrx_word' id='word_1_315' title='bbox 459 3749 758 3809; x_wconf 88' lang='lat' dir='ltr'><strong>Davidem</strong></span> <span class='ocrx_word' id='word_1_316' title='bbox 820 3748 976 3824; x_wconf 82' lang='lat' dir='ltr'><strong>„Tu</strong></span> <span class='ocrx_word' id='word_1_317' title='bbox 1027 3747 1339 3809; x_wconf 76' lang='lat' dir='ltr'><strong>Sacerdos</strong></span> <span class='ocrx_word' id='word_1_318' title='bbox 1385 3749 1457 3810; x_wconf 80' lang='lat' dir='ltr'><strong>in</strong></span> <span class='ocrx_word' id='word_1_319' title='bbox 1502 3754 1822 3808; x_wconf 66' lang='lat' dir='ltr'><strong>aeternum</strong></span> <span class='ocrx_word' id='word_1_320' title='bbox 1850 3746 2056 3829; x_wconf 75' lang='lat' dir='ltr'><strong>juata</strong></span> <span class='ocrx_word' id='word_1_321' title='bbox 2103 3744 2367 3807; x_wconf 83' lang='lat' dir='ltr'><strong>modum</strong></span> 
     </span>
     <span class='ocr_line' id='line_1_35' title="bbox 261 3841 2367 3925; baseline 0.002 -22"><span class='ocrx_word' id='word_1_322' title='bbox 261 3841 780 3910; x_wconf 58' lang='lat' dir='ltr'><strong>Melchisedechffl</strong></span> <span class='ocrx_word' id='word_1_323' title='bbox 831 3849 1065 3909; x_wconf 86' lang='lat' dir='ltr'><strong>Psalm:</strong></span> <span class='ocrx_word' id='word_1_324' title='bbox 1127 3847 1259 3909; x_wconf 87' lang='lat' dir='ltr'><strong>CX:</strong></span> <span class='ocrx_word' id='word_1_325' title='bbox 1305 3853 1369 3908; x_wconf 91' lang='lat'><strong>4.</strong></span> <span class='ocrx_word' id='word_1_326' title='bbox 1445 3848 1622 3925; x_wconf 90' lang='lat' dir='ltr'><strong>Apud</strong></span> <span class='ocrx_word' id='word_1_327' title='bbox 1662 3847 1904 3924; x_wconf 85' lang='lat' dir='ltr'><strong>Esajam</strong></span> <span class='ocrx_word' id='word_1_328' title='bbox 1945 3846 2367 3922; x_wconf 78' lang='lat' dir='ltr'><strong>„Laetamini</strong></span> 
     </span>
     <span class='ocr_line' id='line_1_36' title="bbox 262 3946 2362 4031; baseline 0.002 -26"><span class='ocrx_word' id='word_1_329' title='bbox 262 3960 392 4007; x_wconf 69' lang='lat' dir='ltr'><strong>cam</strong></span> <span class='ocrx_word' id='word_1_330' title='bbox 427 3948 915 4031; x_wconf 74' lang='lat' dir='ltr'><strong>Hierosolyma,</strong></span> <span class='ocrx_word' id='word_1_331' title='bbox 971 3957 1031 4012; x_wconf 76' lang='lat' dir='ltr'><strong>et</strong></span> <span class='ocrx_word' id='word_1_332' title='bbox 1068 3946 1353 4010; x_wconf 69' lang='lat' dir='ltr'><strong>exultate</strong></span> <span class='ocrx_word' id='word_1_333' title='bbox 1387 3950 1459 4010; x_wconf 81' lang='lat' dir='ltr'><strong>in</strong></span> <span class='ocrx_word' id='word_1_334' title='bbox 1497 3967 1573 4008; x_wconf 81' lang='lat' dir='ltr'><strong>ea</strong></span> <span class='ocrx_word' id='word_1_335' title='bbox 1610 3966 1821 4008; x_wconf 74' lang='lat' dir='ltr'><strong>omnes</strong></span> <span class='ocrx_word' id='word_1_336' title='bbox 1863 3954 2152 4010; x_wconf 79' lang='lat' dir='ltr'><strong>amantes</strong></span> <span class='ocrx_word' id='word_1_337' title='bbox 2200 3965 2362 4025; x_wconf 85' lang='lat' dir='ltr'><strong>eam,</strong></span> 
     </span>
     <span class='ocr_line' id='line_1_37' title="bbox 261 4046 2366 4133; baseline 0.002 -26"><span class='ocrx_word' id='word_1_338' title='bbox 261 4048 327 4103; x_wconf 81' lang='lat' dir='ltr'><strong>ut</strong></span> <span class='ocrx_word' id='word_1_339' title='bbox 372 4050 626 4128; x_wconf 73' lang='lat' dir='ltr'><strong>suyatis</strong></span> <span class='ocrx_word' id='word_1_340' title='bbox 662 4058 723 4114; x_wconf 78' lang='lat' dir='ltr'><strong>et</strong></span> <span class='ocrx_word' id='word_1_341' title='bbox 764 4050 1146 4112; x_wconf 79' lang='lat' dir='ltr'><strong>saturemini</strong></span> <span class='ocrx_word' id='word_1_342' title='bbox 1182 4068 1263 4110; x_wconf 75' lang='lat' dir='ltr'><strong>ex</strong></span> <span class='ocrx_word' id='word_1_343' title='bbox 1312 4050 1494 4111; x_wconf 79' lang='lat' dir='ltr'><strong>ubere</strong></span> <span class='ocrx_word' id='word_1_344' title='bbox 1547 4046 2047 4111; x_wconf 73' lang='lat' dir='ltr'><strong>consolationum</strong></span> <span class='ocrx_word' id='word_1_345' title='bbox 2083 4050 2251 4133; x_wconf 65' lang='lat' dir='ltr'><strong>qius,</strong></span> <span class='ocrx_word' id='word_1_346' title='bbox 2304 4055 2366 4112; x_wconf 79' lang='lat' dir='ltr'><strong>et</strong></span> 
     </span>
     <span class='ocr_line' id='line_1_38' title="bbox 261 4147 2369 4234; baseline 0.002 -29"><span class='ocrx_word' id='word_1_347' title='bbox 261 4148 632 4225; x_wconf 74' lang='lat' dir='ltr'><strong>exprimatis</strong></span> <span class='ocrx_word' id='word_1_348' title='bbox 672 4157 732 4212; x_wconf 76' lang='lat' dir='ltr'><strong>et</strong></span> <span class='ocrx_word' id='word_1_349' title='bbox 781 4149 1167 4213; x_wconf 78' lang='lat' dir='ltr'><strong>deliciemini</strong></span> <span class='ocrx_word' id='word_1_350' title='bbox 1215 4169 1296 4212; x_wconf 64' lang='lat' dir='ltr'><strong>ea*</strong></span> <span class='ocrx_word' id='word_1_351' title='bbox 1339 4147 1668 4230; x_wconf 75' lang='lat' dir='ltr'><strong>splendore</strong></span> <span class='ocrx_word' id='word_1_352' title='bbox 1707 4147 1961 4231; x_wconf 69' lang='lat' dir='ltr'><strong>yloriae</strong></span> <span class='ocrx_word' id='word_1_353' title='bbox 2010 4151 2146 4234; x_wconf 64' lang='lat' dir='ltr'><strong>egy’us</strong></span> <span class='ocrx_word' id='word_1_354' title='bbox 2159 4171 2186 4224; x_wconf 89' lang='lat'><em>;</em></span> <span class='ocrx_word' id='word_1_355' title='bbox 2239 4168 2369 4210; x_wconf 81' lang='lat' dir='ltr'><strong>ecce</strong></span> 
     </span>
     <span class='ocr_line' id='line_1_39' title="bbox 262 4239 2368 4333; baseline 0.002 -28"><span class='ocrx_word' id='word_1_356' title='bbox 262 4239 400 4326; x_wconf 77' lang='lat' dir='ltr'><strong>Eyo</strong></span> <span class='ocrx_word' id='word_1_357' title='bbox 453 4251 815 4331; x_wconf 73' lang='lat' dir='ltr'><strong>eoepandens</strong></span> <span class='ocrx_word' id='word_1_358' title='bbox 865 4271 1055 4333; x_wconf 78' lang='lat' dir='ltr'><strong>super</strong></span> <span class='ocrx_word' id='word_1_359' title='bbox 1092 4271 1232 4313; x_wconf 80' lang='lat' dir='ltr'><strong>eam</strong></span> <span class='ocrx_word' id='word_1_360' title='bbox 1277 4251 1448 4314; x_wconf 78' lang='lat' dir='ltr'><strong>sicut</strong></span> <span class='ocrx_word' id='word_1_361' title='bbox 1474 4251 1753 4331; x_wconf 77' lang='lat' dir='ltr'><strong>fluvium</strong></span> <span class='ocrx_word' id='word_1_362' title='bbox 1788 4269 2043 4331; x_wconf 76' lang='lat' dir='ltr'><strong>pacem,</strong></span> <span class='ocrx_word' id='word_1_363' title='bbox 2099 4258 2158 4312; x_wconf 80' lang='lat' dir='ltr'><strong>et</strong></span> <span class='ocrx_word' id='word_1_364' title='bbox 2201 4249 2368 4311; x_wconf 79' lang='lat' dir='ltr'><strong>sicat</strong></span> 
     </span>
    </p>
   </div>
  </div>
 </body>
</html>
