2791 4778
499 375 571 424 -25
874 360 1368 417 APOCALYPsls
1413 359 1848 415 EXPLICATA.
1929 358 1976 426 ς.
2022 367 2152 420 304.

492 525 595 600 qui
631 524 744 581 erit
777 522 839 579 in
874 519 1374 596 magnificentiam
1413 525 1475 578 et
1500 525 1792 592 ornatum,
1831 516 2126 593 significat
2159 516 2378 575 bonum
2406 517 2632 578 Eccle-

492 625 649 697 siae;
684 619 879 679 Israel
913 619 1208 696 significat
1235 619 1572 679 Ecclesiam
1601 617 2002 695 spiritualem3
2043 616 2204 694 quod
2236 635 2354 676 non
2379 628 2656 694 germen‘

499 729 561 782 et
595 721 828 780 fructus
863 726 1061 779 terrae
1101 712 1272 779 erunt
1319 721 1380 778 in
1418 719 1634 793 decus,
1690 717 1969 795 gloriam,
2025 718 2526 793 magnificentiam
2566 725 2630 776 et

478 827 803 893 tornatum,
856 826 1053 896 patet,
1105 819 1216 878 sed
1267 818 1424 895 quod
1462 836 1671 877 verum
1725 823 1788 877 et
1833 817 2056 876 bonum
2091 816 2431 877 Ecclesiae:
2487 835 2632 877 cum

375 961 379 965 .
495 923 713 981 dicitur
755 937 965 979 verum
1027 925 1088 977 et
1137 919 1358 978 bonum
1413 918 1751 989 Ecclesiae,
1820 917 2171 994 intelligitur
2222 935 2431 976 verum
2483 918 2630 978 fidei

497 1028 560 1083 et
593 1020 813 1079 bonum
849 1021 1099 1092 amori3‚
1156 1036 1295 1078 nam
1335 1036 1509 1078 omne
1546 1035 1757 1077 verum
1794 1025 1888 1076 est
1920 1016 2062 1076 fidei
2097 1024 2157 1077 et
2192 1035 2366 1077 omne
2402 1017 2630 1077 bonum

497 1127 591 1182 est
626 1122 864 1179 amoris.
919 1119 1100 1196 Apud
1126 1118 1402 1180 Eundem
1443 1115 1842 1192 „Addidisti
1877 1116 2056 1196 ymti
2078 1115 2376 1191 Jehovah,
2413 1115 2633 1198 ⁸olori-

485 1222 730 1302 fieatus
766 1237 861 1294 es,
928 1218 1258 1279 removisti
1312 1236 1524 1279 omnes
1557 1216 1993 1277 extremitates
2034 1215 2268 1278 Tem-ae
2288 1221 2331 1263 ·“
2384 1217 2627 1277 XXVI:

507 1321 592 1381 15
613 1340 630 1396 ;
684 1335 867 1396 genS,
936 1322 1034 1379 cui
1068 1318 1351 1378 Jehovah
1387 1317 1644 1387 addidit,
1696 1317 1990 1394 significat
2023 1317 2157 1376 illos
2212 1320 2316 1398 qui
2369 1319 2430 1376 in
2465 1317 2630 1377 bone

498 1422 719 1480 amoris
755 1427 894 1479 sunt
915 1464 931 1494 ,
989 1436 1139 1497 quos
1176 1418 1293 1477 sibi
1329 1419 1590 1478 addixit:
1647 1420 2059 1478 extremitates
2095 1424 2296 1477 terrae
2332 1434 2485 1495 quas
2520 1435 2627 1476 re-

497 1522 715 1590 movit,
766 1519 1101 1596 significant
1150 1519 1306 1578 falsa
1358 1525 1419 1578 et
1453 1518 1614 1577 mala
1649 1535 1803 1594 quae
1838 1518 2120 1577 infestant
2155 1517 2493 1577 Ecclesiam
2514 1561 2531 1592 ,
2587 1535 2630 1576 a

497 1620 715 1703 quibus
752 1619 1089 1696 purificavit
1125 1636 1249 1678 eOS.
1299 1618 1483 1696 Apud
1513 1618 1783 1678 Eundem
1821 1617 2113 1697 „Reyem
2155 1616 2226 1677 in
2252 1615 2626 1696 pulchritu-

496 1719 646 1780 dine
678 1738 802 1781 sua
842 1719 1138 1779 videbunt
1179 1716 1347 1780 oculi
1373 1718 1503 1789 tui,
1555 1719 1921 1798 spectabunt
1951 1716 2220 1779 Terram
2256 1714 2627 1797 lonqinqui-

496 1822 753 1881 tatum“
791 1819 1101 1879 XXXIII:
1141 1824 1169 1878 1
1192 1824 1222 1876 7
1234 1838 1249 1894 ;
1287 1819 1520 1895 Regem
1551 1821 1613 1877 in
1648 1818 2096 1896 pulchritudine
2133 1835 2248 1878 sua
2282 1818 2491 1879 videre
2530 1824 2628 1878 est

499 1921 823 1997 genuinum
858 1936 1067 1978 verum
1123 1917 1281 1995 quod
1318 1937 1356 1978 a
1394 1917 1535 1978 Solo
1571 1919 1859 1994 Domino:
1914 1925 2195 1996 spectare
2232 1925 2452 1978 terram
2487 1917 2624 1978 lon-

498 2020 914 2098 ginquitatum,
953 2018 1248 2096 significat
1277 2019 1687 2078 extensionem
1715 2005 2149 2096 intelligentiae
2179 2026 2239 2078 et
2264 2020 2626 2095 sapientiae.

499 2119 681 2196 Apud
709 2119 984 2191 ,Eundem
1022 2117 1255 2193 „Dedi
1284 2115 1376 2178 Te
1413 2119 1483 2179 in
1512 2117 1752 2199 foedus
1778 2115 2011 2198 populi
2048 2117 2139 2179 ad
2161 2117 2629 2180 restituendum

505 2217 774 2281 Tem-am
784 2264 800 2293 ,
843 2224 1094 2279 cantate
1126 2216 1282 2279 coeli
1317 2224 1376 2278 et
1415 2216 1637 2280 exulta
1671 2217 1890 2290 Terra,
1931 2224 1991 2279 et
2027 2224 2362 2299 personate
2383 2224 2626 2280 montes

497 2321 738 2380 σιωπαί(
783 2319 1010 2379 XLIX:
1056 2321 1114 2379 8.
1160 2322 1267 2397 133
1308 2322 1507 2398 agitur
1543 2318 1625 2378 ibi
1662 2319 1734 2379 de
1762 2319 2021 2379 Domino
2059 2328 2119 2380 et
2154 2320 2236 2380 de
2265 2320 2469 2399 Ipsius
2506 2319 2621 2378 ad-

495 2428 708 2497 ventu3
762 2422 1115 2481 instauratio
1150 2421 1462 2481 Ecclesiae
1520 2421 1595 2479 ab
1633 2420 1780 2496 Ipso
1817 2421 2173 2480 describitur
2206 2439 2317 2498 per
2352 2420 2486 2479 dedi
2525 2419 2618 2479 Te

495 2524 555 2580 in
590 2522 802 2582 foedus
861 2522 1071 2598 populi
1127 2521 1203 2580 ad
1249 2521 1688 2581 restituendum
1738 2529 1992 2594 terram,
2046 2524 2362 2581 restituere
2395 2512 2624 2580 terram

497 2629 591 2682 est
617 2629 959 2681 restaurare
988 2621 1353 2695 Ecclesiam3
1392 2622 1548 2698 qnod
1569 2622 1862 2681 Dominus
1897 2639 2016 2682 non
2051 2624 2377 2682 restituerit
2402 2627 2627 2680 terram

496 2721 722 2798 populo
758 2721 1047 2791 Judaieo,
1111 2729 1310 2780 notum
1359 2729 1483 2791 est,
1548 2722 1658 2780 sed
1710 2722 1868 2796 quod
1919 2723 2242 2781 instituerit
2287 2721 2624 2781 Ecclesiam

497 2821 658 2897 apud
694 2827 934 2897 gentes;
990 2821 1273 2898 gaudium
1309 2822 1445 2880 inde
1483 2821 1840 2882 describitur
1875 2840 1984 2898 per
2022 2828 2256 2881 cantate
2293 2822 2464 2895 coeli,
2505 2837 2622 2881 ex-

496 2920 626 2980 ulta
660 2927 857 2994 terra,
916 2927 976 2978 et
1008 2927 1327 2997 personate
1363 2931 1594 2983 montes
1632 2929 1842 2992 cantu,
1878 2940 1987 2999 per
2022 2923 2222 2982 coelos
2262 2922 2617 2998 intelligun-

494 3029 593 3080 tur
627 3020 780 3079 coeli
814 3020 919 3079 ubi
955 3022 1152 3099 angeli
1203 3025 1304 3098 qui
1364 3024 1427 3081 in
1475 3023 1860 3082 interioribus
1912 3024 2070 3082 veris
2108 3023 2418 3082 Ecclesiae
2456 3029 2617 3090 sunt,

494 3139 607 3200 per
642 3128 859 3180 terram
894 3122 1245 3200 intelligitur
1279 3123 1562 3183 Ecclesia
1609 3124 1770 3201 apud
1804 3123 2105 3198 homines,
2145 3130 2206 3183 et
2237 3141 2350 3199 per
2384 3129 2625 3181 montes

493 3222 581 3281 illi
643 3223 744 3297 qui
787 3224 846 3280 in
882 3222 1037 3282 bono
1097 3225 1317 3282 amoris
1377 3226 1440 3282 in
1474 3224 1793 3283 Dominum
1829 3232 1986 3283 sunt.
2071 3223 2258 3300 Apud
2292 3223 2626 3283 Jeremiam

501 3318 883 3399 „Adulteris
914 3320 1113 3402 plena
1170 3327 1265 3382 est
1309 3321 1514 3382 Terra
1525 3366 1542 3397 ,
1616 3323 1769 3402 quia
1802 3328 2069 3403 propter
2114 3319 2623 3384 maledictionem

494 3420 668 3503 luyet
727 3422 928 3485 Tema
942 3443 971 3495 ;
1047 3427 1439 3485 exaruerunt
1481 3441 1735 3503 pascua
1795 3423 2032 3485 deserti
2058 3425 2093 3456 “
2177 3423 2427 3484 XXIII:
2493 3426 2520 3481 1
2540 3425 2624 3498 03

496 3524 749 3585 adulteri
783 3524 1121 3602 significant
1155 3522 1289 3586 illos
1329 3525 1433 3598 qui
1468 3523 1816 3584 adulterant
1851 3524 2009 3584 bona
2044 3524 2374 3598 Ecclesiae,
2433 3540 2622 3599 quare

491 3624 705 3685 dicitur
758 3624 1046 3683 adulteris
1091 3623 1274 3701 plena
1325 3630 1418 3681 est
1473 3630 1665 3699 terra,
1724 3631 1787 3684 et
1832 3631 2083 3702 propter
2142 3624 2625 3684 maledictionem

487 3724 656 3802 luget
690 3730 884 3793 terra,
935 3707 1168 3800 pascua
1220 3721 1444 3782 deserti
1483 3742 1640 3800 quae
1678 3731 2072 3798 exaruerunt,
2129 3724 2468 3801 significant
2500 3742 2620 3782 nu·-

488 3827 791 3885 tritionem
826 3821 1199 3908 spiritualem
1233 3822 1457 3882 nullam
1494 3826 1554 3883 in
1590 3823 1695 3884 tali
1721 3824 2024 3900 Ecclesia,
2064 3824 2367 3884 desertum
2403 3825 2624 3884 dicitur

487 3924 593 3983 ubi
627 3939 749 3981 nou
799 3922 1025 3982 bonum
1082 3925 1222 3999 quia
1267 3940 1386 3982 non
1431 3941 1658 3985 verum.
1728 3925 1910 4002 Apud
1954 3924 2229 3985 Eundem
2279 3969 2319 4001 „
2343 3923 2624 3987 Siccitas

486 4041 680 4101 super
727 4040 930 4102 aquas
974 4020 1115 4105 ejus
1168 4029 1241 4085 ut
1289 4030 1697 4100 exarescant,
1752 4025 1907 4104 quia
1960 4025 2165 4087 Terra
2219 4021 2624 4106 scusptilium

488 4118 658 4184 illest
715 4123 800 4183 L:
845 4124 968 4184 38:
1023 4126 1265 4185 siccitas
1319 4142 1507 4203 super
1542 4142 1731 4202 aquas
1769 4132 1837 4185 ut
1874 4131 2269 4201 exarescant,
2324 4125 2622 4204 significat

492 4223 652 4300 quod
686 4242 805 4286 nou
840 4241 985 4288 vera
1020 4221 1306 4305 amplius,
1348 4243 1542 4302 aquae
1580 4232 1719 4286 sunt
1747 4242 1918 4303 vera:
1977 4227 2119 4308 quia
2153 4232 2317 4287 terra
2352 4224 2619 4301 sculpti-
