2791 4778
337 355 446 406 204
783 343 1273 397 APOCALYPSIS
1319 342 1753 400 Exl‘Lch'rA.
1811 345 1855 412 §.
1902 353 2026 404 357.

342 503 626 563 Channae
663 502 871 561 Matris
911 503 1243 572 Samueli8‚
1281 507 1341 563 in
1388 523 1507 580 quo
1543 507 1741 579 agitur
1776 504 1849 562 de
1882 504 2297 580 deprivatione
2333 510 2465 565 veri

338 602 498 679 apud
533 601 667 660 illos
706 604 807 678 qui
842 603 918 661 ab
956 604 1261 679 Ecclesia,
1323 608 1464 680 quia
1498 607 1558 662 in
1603 605 1772 662 nulla
1810 603 2125 663 affectione
2163 609 2295 665 veri
2328 610 2462 683 spi·-

336 703 570 776 rituali,
635 719 705 761 ac
757 703 831 762 de
882 707 1224 780 receptione
1277 712 1338 764 et
1399 705 1798 764 illustratione
1849 704 2085 763 illorum
2137 708 2240 780 qui
2291 715 2465 765 extra

336 803 671 862 Ecclesiam
708 806 847 878 quia
881 806 941 861 in
977 805 1290 864 affectione
1342 808 1472 864 veri
1525 805 1819 881 spirituali
1833 826 1849 881 ς
1908 804 2213 863 doetrinae
2270 806 2466 865 falso-

337 922 469 962 rum
507 920 661 978 quae
711 904 828 962 illis
881 908 983 979 qui
1019 905 1094 962 ab
1134 906 1409 963 Ecclesia
1460 906 1617 981 quod
1664 905 1830 962 nihili
1880 907 2027 974 sint,
2091 906 2471 981 significatur

335 1021 446 1080 per
484 1003 641 1078 quod
680 997 866 1061 Arcus
907 1005 1147 1062 sortium
1182 1006 1354 1063 fracti
1406 1009 1550 1080 sint3
1609 1013 1668 1063 et
1718 1008 1983 1081 receptio
2026 1023 2095 1062 ac
2134 1005 2470 1068 illustratio

336 1104 571 1161 illorum
609 1105 709 1178 qui
745 1111 913 1160 extra
938 1104 1290 1174 Ecclesiam,
1328 1106 1697 1181 significatur
1723 1123 1833 1180 per
1861 1108 1960 1182 qui
1991 1107 2066 1161 iun
2077 1105 2233 1181 pulsi
2268 1116 2472 1180 erant,

338 1203 521 1261 robur
557 1205 1123 1276 circumcinxerunt,
1162 1205 1404 1280 impulsi
1442 1206 1717 1264 dicuntur
1756 1208 1856 1281 qui
1894 1224 1930 1263 a
1965 1205 2134 1264 salsis
2170 1207 2472 1281 ignoran-

336 1306 457 1362 tiae
493 1306 717 1378 pressi‚
775 1312 832 1361 et
880 1303 1062 1362 robur
1111 1305 1326 1364 dicitur
1374 1306 1448 1364 de
1500 1308 1771 1381 potentia
1822 1314 1881 1364 et
1930 1306 2297 1363 abundantia
2331 1310 2478 1365 veri

338 1421 412 1460 ex
475 1403 647 1462 bono.
738 1404 916 1478 Apud
977 1405 1305 1463 Jerenlialn
1371 1404 1584 1479 „Eece
1643 1404 1792 1484 Eyo
1841 1406 2161 1484 franyens
2212 1407 2477 1466 Areum

336 1501 594 1577 Εἰαηιὶ,
633 1503 1028 1581 principium
1058 1505 1381 1582 potentiae
1427 1505 1610 1586 cffuff
1671 1506 1908 1564 XLIX:
1970 1508 2094 1578 353
2151 1523 2260 1581 per
2306 1506 2478 1565 Ela-

337 1622 500 1662 mum
535 1604 880 1679 intelligitur
908 1606 1156 1663 scientia
1183 1623 1338 1681 quae
1367 1606 1655 1663 naturalis
1693 1605 1948 1663 hominis
1973 1650 1988 1679 ,
2031 1614 2089 1664 et
2121 1606 2259 1664 inde
2295 1606 2474 1665 fidu-

337 1707 458 1777 cia3
512 1721 623 1777 per
659 1721 859 1762 arcum
892 1706 1021 1780 ejus
1058 1707 1423 1781 significatur
1451 1707 1704 1764 seientia
1741 1725 1813 1764 ex
1843 1725 1963 1782 qua
1993 1713 2057 1764 ut
2085 1723 2156 1763 ex
2186 1706 2481 1764 doctrina

338 1810 598 1880 pugnat,
651 1810 712 1861 et
746 1821 854 1878 per
889 1806 1242 1880 principium
1282 1809 1585 1882 potentiae
1628 1807 1757 1883 ejus
1805 1807 2170 1882 significatur
2205 1805 2482 1883 fiducia3

339 1903 595 1961 scientia
632 1905 784 1960 enim
823 1904 986 1961 nihili
1023 1906 1184 1963 valet
1220 1910 1272 1964 si
1307 1926 1424 1965 non
1461 1909 1711 1965 inservit
1751 1908 2027 1964 rationali
2065 1914 2123 1965 et
2160 1908 2480 1982 spirituali

338 2003 595 2061 homini:
652 2003 810 2078 quod
845 2022 954 2079 per
989 2006 1264 2064 Elamum
1301 2007 1668 2082 intelligatur
1711 2009 1962 2065 scientia
2011 2024 2163 2081 quae
2199 2016 2477 2065 natura-

339 2103 414 2161 lis
455 2102 741 2177 hominiS,
782 2113 1053 2163 constare
1084 2113 1286 2180 potest
1327 2126 1401 2165 ex
1437 2107 1586 2164 locis
1624 2109 1684 2163 in
1721 2106 1923 2164 Verbo
1961 2107 2062 2164 ubi
2100 2108 2476 2180 nominatur,

340 2202 679 2284 utaGenes:
729 2204 822 2262 X:
878 2209 988 2263 22.
1053 2206 1225 2282 Esaj:
1264 2207 1455 2266 XXI:
1505 2210 1564 2264 2.
1634 2207 1873 2264 Jerem:
1925 2206 2138 2265 XXV:
2183 2210 2293 2263 24.
2340 2210 2477 2266 25.

346 2308 455 2364 26.
515 2304 675 2380 Cap:
727 2305 963 2363 XLIX:
1011 2309 1096 2364 34
1132 2307 1207 2363 ad
1242 2310 1350 2366 39.
1409 2307 1642 2365 Ezech:
1681 2306 1906 2365 XXII:
1954 2311 2063 2364 24.
2104 2309 2214 2365 25.
2275 2308 2481 2383 Apud

338 2408 635 2466 Davidem
676 2405 1004 2482 „Jehovah
1043 2425 1290 2468 cessare
1314 2408 1491 2487 facit
1525 2405 1687 2468 bella
1719 2426 1918 2485 usque
1956 2407 2045 2467 ad
2080 2408 2476 2469 ems-emita-

338 2514 460 2568 tem
513 2514 746 2582 terrae,
805 2526 1024 2567 arcum
1073 2508 1368 2588 franyz't,
1440 2516 1498 2568 et
1551 2513 1845 2587 amputat
1892 2507 2171 2577 hastam,
2226 2527 2484 2570 cums

339 2608 643 2669 comburit
691 2607 882 2685 2⁹92:st
941 2609 1173 2667 Psalm:
1226 2610 1461 2668 XLVI:
1533 2614 1647 2684 103
1706 2612 1846 2685 quia
1880 2627 1991 2684 per
2026 2609 2185 2668 bella
2218 2611 2478 2685 signifi-

339 2715 549 2767 cantur
591 2725 826 2782 pugnae
865 2710 1236 2784 spirituales,
1295 2728 1448 2785 quae
1499 2711 1592 2768 hic
1644 2718 1782 2768 sunt
1822 2710 1956 2768 falsi
2007 2717 2207 2767 contra
2244 2728 2483 2770 verum

340 2815 400 2868 et
437 2813 642 2865 contra
675 2807 894 2865 bonum
934 2827 1087 2884 quae
1123 2810 1465 2880 Ecclesiae,
1498 2810 1634 2868 inde
1671 2818 1866 2886 patet,
1908 2810 2048 2885 quid
2083 2810 2479 2885 significatur

337 2925 448 2985 per
483 2907 641 2982 quod
676 2906 952 2966 Jehovah
988 2926 1229 2967 cessare
1266 2912 1447 2968 saciet
1481 2911 1639 2969 bella
1673 2928 1866 2987 usque
1906 2910 1981 2968 ad
2018 2911 2483 2970 extremitat-em

339 3017 565 3081 terrae,
622 3024 835 3082 nempe
868 3008 1026 3082 quod
1058 3026 1288 3067 omnem
1318 3029 1580 3086 pugnam
1618 3018 1678 3069 et
1719 3029 1890 3070 omne
1920 3011 2225 3069 dissidium
2256 3028 2294 3068 a
2319 3014 2481 3086 pri-

340 3110 451 3166 mis
491 3108 566 3164 ad
605 3107 812 3164 ultima
848 3109 972 3165 veri
1011 3109 1352 3183 Ecclesiae,
1413 3112 1757 3169 extremitas
1795 3121 1990 3170 terrae
2026 3111 2320 3187 significat
2364 3112 2488 3171 ul-

339 3211 485 3267 tima
520 3208 683 3283 ejus;
740 3207 898 3282 quod
935 3225 1050 3266 non
1089 3212 1199 3267 erit
1251 3228 1457 3286 pugna
1508 3212 1809 3269 doctrinae
1863 3218 2070 3269 eontra
2104 3211 2483 3289 doctrinam,

340 3308 705 3385 significatur
738 3325 848 3384 per
884 3310 1041 3384 quod
1071 3310 1305 3385 franget
1340 3328 1577 3385 areum3
1638 3311 1801 3386 quod
1836 3329 1952 3368 non
1989 3313 2099 3369 erit
2132 3328 2334 3387 pugna
2395 3330 2488 3373 ex

341 3410 541 3486 aliquo
578 3410 731 3468 falso
769 3410 925 3484 mali,
964 3410 1330 3487 significatur
1366 3428 1477 3486 per
1514 3412 1672 3486 quod
1710 3411 2042 3486 amputabit
2075 3411 2305 3470 hastam
2317 3431 2336 3484 3
2414 3424 2488 3473 et

341 3511 502 3588 quod
536 3511 875 3570 destruetur
912 3528 1082 3569 omne
1120 3511 1423 3595 doctrinae
1461 3511 1628 3587 salsi,
1689 3530 1800 3586 per
1837 3512 1995 3587 quod
2031 3528 2236 3569 currus
2282 3528 2480 3572 com-

338 3613 515 3671 buret
549 3614 702 3689 igne.
770 3611 949 3687 Apud
994 3612 1262 3670 Eundem
1314 3610 1494 3685 „Est
1533 3610 1603 3671 in
1642 3608 1932 3672 Sclcalem
1984 3607 2485 3677 tabernaculum

341 3711 640 3786 Jehovae,
697 3717 757 3770 et
795 3709 1228 3772 habitaculum
1268 3710 1495 3791 Ipsius
1550 3711 1620 3772 in
1653 3711 1888 3787 Zione,
1944 3710 2033 3772 ibi
2061 3711 2272 3791 sreyit
2307 3732 2479 3775 ner-

341 3830 451 3870 vos
488 3829 710 3884 arcus,
765 3816 1015 3870 scutum
1055 3819 1114 3871 et
1139 3809 1439 3890 yladium
1478 3816 1538 3870 et
1572 3809 1847 3871 bellum“
1885 3811 2116 3871 Psalm:
2155 3812 2479 3875 LXXVI:

142 3913 304 3977 [481]
353 3913 411 3970 3.
455 3913 529 3985 43
604 3910 875 3967 similiter
927 3911 1022 3969 hic
1081 3910 1153 3968 de
1209 3915 1548 3971 cessatione
1604 3916 1793 3972 omnis
1855 3931 2094 3989 pugnae
2145 3922 2203 3973 et
2263 3919 2480 3976 omnis

342 4008 574 4067 discidii
608 4010 666 4065 in
714 4008 921 4083 Regno
973 4010 1213 4089 Domini
1248 4012 1445 4092 agitur
1467 4033 1494 4087 3,
1539 4030 1649 4088 per
1700 4012 1976 4073 Schalem
2032 4014 2134 4072 ubi
2169 4013 2478 4073 taberna-

341 4109 541 4168 culum
576 4108 881 4178 Jehovae‚
921 4116 980 4168 et
1009 4128 1119 4188 per
1149 4098 1397 4170 Zionem
1428 4113 1532 4171 ubi
1565 4113 1972 4172 habitaculum
2011 4114 2229 4190 Ipsius,
2268 4115 2479 4191 signi-

340 4209 549 4268 ficatur
592 4210 864 4287 Regnum
931 4213 1242 4289 spirituale
1301 4220 1359 4273 et
1413 4214 1688 4290 Regnum
1739 4214 2002 4275 coeleste
2054 4215 2284 4292 IpsiuS,
2348 4234 2482 4291 per
