2791 4778
380 351 609 408 CAPUT
648 330 1014 412 samum(
1564 407 1573 411 ,
1728 356 1934 412 vene:
1985 368 2073 419 13.
2230 369 2338 421 411

226 533 327 576 eoa
358 510 657 595 qladium
674 558 691 589 ,
742 513 993 594 samem
1029 519 1089 574 et
1114 519 1389 593 pestem,
1445 521 1519 576 ut
1557 519 2061 577 consumantur“
2099 515 2341 578 XXIV:

234 618 260 674 1
298 615 372 674 ad
407 618 529 691 103
583 632 698 691 per
738 597 1151 691 captitiitatem
1196 614 1568 674 Judaeorum
1612 618 1674 674 in
1713 624 1871 675 terra
1907 615 2346 677 Chaldaeorum

203 716 587 793 'significatur
624 715 817 774 simile
865 714 1027 793 quod
1080 732 1191 791 per
1227 717 1639 792 captivitatem
1673 716 2044 792 spiritualem
2092 734 2200 777 seu
2241 735 2342 777 re-

220 819 537 876 motionem
588 817 883 876 bonorum
934 832 971 873 a
1024 815 1199 874 malis
1249 818 1309 874 in
1355 815 1578 875 Mundo
1628 817 1952 893 spirituali,
2015 818 2345 878 secundum

220 916 318 976 illa
369 934 528 994 quae
581 934 771 994 supra
845 934 914 976 n:
973 918 1135 977 391.
1192 917 1355 975 392.
1395 918 1558 976 394.
1614 918 1774 991 397,
1825 923 2151 997 memorata
2185 925 2342 992 sunt,

219 1034 430 1094 nempe
471 1017 633 1093 quod
676 1018 928 1076 interius
981 1016 1159 1085 mali,
1212 1019 1315 1094 qui
1365 1033 1560 1093 usque
1610 1019 1793 1076 vitam
1835 1017 2119 1078 moralem
2174 1020 2343 1077 simi-

220 1118 329 1178 lem
383 1120 553 1177 vitae
607 1117 907 1195 spirituali
943 1120 1003 1177 in
1055 1119 1318 1177 externis
1370 1124 1701 1195 potuerunt
1755 1136 1964 1194 agere,
2017 1120 2078 1177 in
2123 1118 2347 1178 Mundo

219 1218 515 1295 spirituali
549 1220 945 1277 remanserint
994 1234 1184 1295 super
1222 1224 1410 1294 terra,
1467 1225 1529 1278 et
1575 1218 1978 1277 habitationes
2029 1218 2144 1278 sibi
2178 1220 2344 1280 fece-

219 1321 330 1378 rint
363 1336 556 1396 super
609 1319 957 1378 editioribus
1006 1318 1158 1377 locis
1214 1318 1327 1393 ibi3
1382 1336 1453 1378 ac
1489 1321 1737 1379 interius
1786 1319 1925 1377 boni
1963 1320 2038 1378 ab
2072 1320 2191 1378 illis
2242 1337 2344 1378 re-

151 1485 154 1490 ,
219 1422 356 1478 moti
392 1420 643 1490 fuerint,
707 1436 777 1478 ac
812 1419 1100 1478 reconditi
1159 1436 1195 1477 a
1251 1418 1508 1479 Domino
1558 1421 1617 1478 in
1662 1426 1823 1478 terra
1868 1419 2178 1496 inferiore3
2233 1421 2347 1480 hoc

220 1526 740 1598 repraesentatum
792 1527 884 1580 est
934 1537 1048 1596 per
1089 1522 1657 1596 transportationem
1695 1519 2066 1582 Judaeorum
2113 1523 2174 1579 in
2219 1527 2344 1580 ter-

219 1638 341 1680 ram
384 1620 861 1694 Chaldaeorum,
917 1610 979 1680 et
1014 1637 1125 1697 per
1169 1622 1598 1680 remanentiam
1640 1620 2005 1697 reliquorum
2042 1623 2103 1679 in
2152 1628 2314 1680 terra
2327 1642 2344 1696 3

223 1729 590 1799 quapropter
645 1722 862 1780 dicitur
897 1720 974 1780 de
1010 1720 1127 1779 illis
1171 1722 1280 1798 *qui
1324 1737 1392 1780 se
1441 1725 1832 1798 transportari
1883 1724 2052 1799 passi
2097 1727 2237 1779 sunt
2288 1723 2348 1780 in

218 1828 439 1882 terram
495 1821 969 1895 Chaldaeorum,
1024 1837 1288 1898 agnosco
1335 1824 1919 1900 transmigrationem
1968 1821 2247 1882 Jehudae
2287 1823 2349 1879 in

221 1930 437 1982 terram
491 1922 932 1983 Chaldaeorum
966 1926 1027 1980 in
1069 1922 1327 1997 bonum,
1381 1929 1442 1982 et
1484 1940 1704 1999 ponam
1741 1922 1976 1982 oculum
2014 1941 2212 1982 meum
2241 1940 2345 1982 su-

220 2039 326 2099 per
372 2041 477 2084 eos
533 2026 597 2081 in
647 2023 902 2100 bonum,
956 2030 1017 2082 et
1066 2023 1346 2083 reducam
1395 2039 1501 2081 eos
1550 2028 1996 2099 superterram
2042 2023 2231 2098 hane,
2289 2030 2350 2082 et

221 2123 548 2184 aedificabo
599 2141 705 2183 eos
756 2130 820 2183 et
864 2123 1148 2200 plantabo
1200 2139 1303 2182 eos
1318 2143 1335 2199 3
1392 2128 1455 2181 at
1498 2122 1573 2180 de
1623 2122 1742 2180 illis
1797 2124 1897 2198 qui
1936 2129 2350 2182 remanserunt

220 2223 465 2299 dicitur,
533 2224 687 2283 dabo
749 2224 988 2283 relictos
1033 2226 1093 2283 in
1141 2230 1304 2283 terra
1352 2222 1468 2281 hac
1513 2224 1575 2280 in
1627 2225 2113 2296 commotionem,
2187 2229 2247 2281 et
2287 2225 2348 2281 in

222 2324 447 2384 malum
485 2324 750 2384 omnibus
785 2325 1063 2403 gentibus
1083 2370 1101 2402 ‚
1164 2330 1225 2384 et
1272 2326 1514 2383 mittam
1548 2324 1608 2380 in
1647 2338 1750 2381 eos
1787 2322 2076 2400 gladium,
2132 2322 2349 2381 famem

234 2431 299 2482 et
333 2429 693 2501 pestem5ut
726 2434 1184 2487 consumantur:
1243 2425 1403 2502 quod
1439 2424 1589 2483 haec
1624 2429 2079 2500 repraesentata
2113 2425 2349 2494 fuerint,

231 2528 681 2586 constatetiam
716 2547 788 2588 ex
831 2546 902 2591 eo
940 2527 1097 2604 quod
1139 2527 1457 2603 Templum
1496 2524 1830 2585 Salomonis
1869 2524 2233 2584 destructum
2270 2527 2349 2587 sit
2391 2532 2548 2591 [616]

226 2631 366 2684 ante
426 2625 939 2704 deportationem,
1005 2635 1064 2689 et
1116 2628 1276 2705 quod
1331 2644 1550 2686 novum
1604 2625 1980 2684 aedificatum
2036 2627 2145 2699 sit,
2212 2625 2348 2684 dum

219 2727 453 2787 reversi
506 2735 686 2803 sunt3
743 2747 853 2805 per
916 2728 1233 2806 Templum
1282 2727 1646 2804 significatur
1693 2726 1888 2785 cultus
1937 2726 2222 2799 Divinus,
2291 2734 2352 2784 et

220 2843 332 2904 per
367 2845 590 2888 novum
632 2829 948 2908 Templum
985 2829 1086 2889 ille
1121 2833 1531 2888 restauratus:
1571 2844 1645 2886 ex
1681 2825 1776 2885 his
1815 2834 2093 2888 constare
2129 2832 2349 2904 potest,

221 2927 367 3004 quid
426 2929 796 3006 significatur
853 2949 966 3009 per
1020 2930 1170 2989 duas
1234 2926 1449 2990 corbes
1508 2927 1729 2988 ficuum
1796 2931 2153 2989 constitutas
2213 2933 2351 2988 ante

223 3027 546 3104 Templum
578 3031 872 3102 Jehovae,
906 3034 968 3091 in
1005 3048 1256 3107 quarum
1292 3045 1414 3088 una
1449 3028 1689 3087 fuerunt
1733 3027 1882 3088 ficus
1918 3030 2113 3089 bonae
2149 3028 2347 3103 valde,

219 3130 379 3190 sicut
404 3130 625 3189 ficuum
654 3133 945 3207 primitias
979 3133 1313 3206 ferentium3
1354 3135 1416 3188 et
1441 3131 1502 3188 in
1530 3128 1723 3190 altera
1746 3130 1893 3190 ficus
1922 3131 2116 3190 malae
2155 3130 2350 3201 valde,

217 3246 377 3307 quae
414 3232 648 3291 comedi
680 3250 799 3292 non
832 3236 1110 3310 poterant
1146 3248 1294 3310 prae
1338 3231 1603 3310 malitia3
1659 3249 1876 3308 nempe
1915 3232 2073 3308 quod
2111 3231 2197 3289 illi
2249 3233 2352 3307 qui

214 3331 470 3390 interius
505 3331 646 3390 boni
690 3340 866 3404 sunt,
919 3351 955 3391 a
998 3333 1213 3411 quibus
1265 3350 1487 3392 novum
1533 3330 1781 3395 Coelum
1830 3332 2200 3390 formandum
2240 3337 2350 3402 est,

209 3430 632 3509 intelligantur
668 3451 779 3508 per
814 3433 1053 3494 corbem
1082 3433 1304 3493 ficuum
1336 3431 1669 3504 bonarum,
1727 3437 1787 3489 et
1822 3430 1910 3488 illi
1964 3433 2061 3507 qui
2098 3432 2348 3489 interius

215 3531 396 3605 mali,
451 3535 554 3614 qui
604 3533 920 3611 dejiciendi
974 3537 1035 3593 in
1092 3534 1419 3599 infernum,
1483 3529 1891 3606 intelligantur
1943 3547 2054 3606 per
2107 3528 2347 3589 corbem

215 3631 443 3694 ficuum
497 3634 817 3710 malarum3
888 3652 1073 3711 quare
1134 3634 1209 3693 de
1268 3633 1361 3693 his
1430 3630 1672 3705 dicitur,
1740 3628 1898 3705 quod
1948 3646 2062 3688 non
2119 3629 2351 3687 comedi

216 3738 472 3810 possent
504 3751 652 3810 prae
688 3736 941 3810 malitia,
981 3753 1090 3812 per
1126 3733 1282 3811 quod
1320 3733 1695 3809 significatur
1738 3729 1894 3806 quod
1930 3731 2178 3788 interius
2215 3747 2346 3787 ma—

217 3830 286 3903 li,
340 3840 402 3893 et
447 3833 521 3894 de
556 3835 706 3909 illis,
767 3836 926 3911 quod
962 3837 1117 3896 sicut
1153 3835 1303 3894 fieus
1355 3833 1652 3908 primitias
1695 3832 1992 3907 ferentes,
2043 3847 2155 3906 per
2191 3829 2349 3906 quod

218 3933 589 4012 significatur
625 3936 786 4013 quod
818 3938 1065 3996 interius
1094 3935 1262 4008 boni,
1303 3940 1369 3992 ut
1399 3950 1627 3994 novum
1672 3929 1922 3992 Coelu'm
1960 3930 2035 3989 ab
2073 3929 2188 3988 illis
2217 3930 2341 3989 for-

220 4041 449 4104 metur;
504 4034 654 4095 ficus
693 4039 845 4097 enim
885 4043 954 4096 ut
978 4037 1209 4096 fructus
1251 4033 1546 4110 significat
1580 4033 1801 4092 bonum
1829 4034 1989 4092 vitae
2023 4034 2087 4090 in
2120 4032 2354 4091 interna

222 4139 280 4192 et
327 4135 509 4195 simul
562 4137 621 4195 in
676 4148 920 4198 externa
969 4138 1187 4209 forma,
1264 4143 1325 4194 et
1377 4137 1439 4192 in
1493 4136 1769 4210 opposito
1821 4149 2005 4192 sensu
2056 4130 2350 4209 signifieat

221 4231 438 4295 bonum
477 4237 635 4296 vitae
673 4239 868 4298 solum
903 4241 961 4298 in
1010 4244 1258 4297 externa
1309 4235 1506 4295 forma
1517 4278 1533 4308 ,
1593 4233 1753 4309 quod
1791 4239 1881 4292 est
1909 4233 2132 4293 malum
2169 4234 2347 4305 vitae,
