2791 4778
360 392 579 447 CAPUT
623 392 934 447 SEXTUM.
1702 389 1910 447 VERS:
1958 402 2046 453 12.
2205 403 2313 457 401

226 552 301 613 ad
339 550 592 629 Ionam,
649 570 803 613 num
823 551 1005 634 juste
1039 550 1289 613 emar-sit
1340 549 1458 612 cibi
1492 569 1681 630 cuper
1728 549 2076 635 Kikajoow,
2134 552 2317 616 dimit
2355 546 2516 611 [609]

224 655 364 727 §uate
412 652 669 715 exarsit
715 651 885 732 mihi,
924 671 1121 731 usque
1157 651 1248 712 ad
1284 653 1585 723 mortem:
1640 651 1823 712 dixit
1866 651 2185 730 Jehovah,
2243 660 2317 718 tu

226 753 521 816 timentia
568 773 735 815 usus
770 772 835 812 es
863 772 1078 832 ‘super-
1107 750 1454 835 Kilcajone,
1518 752 1588 813 in
1635 771 1754 834 quo
1803 755 1926 814 non
1963 751 2315 829 laborasti,-

220 874 322 916 non
367 857 725 936 perfectum
769 852 1029 934 feci-sti,
1091 854 1245 932 quia
1294 851 1486 933 filius
1543 853 1748 914 noctis
1788 854 2016 933 factus
2077 874 2172 931 es,
2255 863 2317 919 et

214 953 376 1036 filius
418 956 628 1017 noctis
658 956 834 1035 perit
856 975 877 1014 .·
931 952 1081 1033 Eyo
1115 973 1238 1014 non
1277 951 1605 1015 clementia
1640 962 1792 1015 utar
1831 974 2020 1034 super
2059 953 2317 1033 Ninive,

218 1058 341 1116 urbe
379 1075 651 1137 mamea,
682 1055 763 1116 in
805 1075 932 1135 qua
959 1060 1109 1116 sunt
1123 1052 1351 1135 plures
1384 1074 1576 1134 qaam
1614 1054 1949 1115 duodecim
1987 1055 2318 1136 myriades

220 1156 564 1218 hominum“
608 1157 739 1216 IV:
785 1162 820 1217 6
856 1156 930 1215 ad
971 1159 1090 1232 115
1151 1156 1507 1215 describitur
1541 1173 1649 1232 per
1685 1156 1836 1214 haec
1871 1158 2082 1233 genius
2122 1162 2318 1235 gentis

219 1258 485 1317 Judaicae
513 1303 531 1327 ,
589 1257 750 1334 quod
796 1261 915 1317 sint
973 1260 1032 1315 in
1079 1275 1281 1317 amore
1326 1257 1419 1314 sui
1468 1261 1527 1315 et
1575 1256 1711 1315 inde
1757 1258 1817 1314 in
1867 1256 2068 1332 falsis3
2122 1258 2316 1320 Jonas

219 1365 325 1415 erat
360 1376 430 1418 ex
469 1359 581 1418 illa
618 1365 829 1435 gente,
888 1375 1073 1434 quare
1116 1361 1294 1417 etiam
1330 1358 1550 1415 missus
1589 1364 1681 1416 est
1709 1356 1785 1415 ad
1812 1357 2100 1428 Niniven,
2154 1360 2318 1437 apud

220 1465 429 1533 gentem
468 1462 629 1519 enim
668 1458 984 1518 Judaieam
1023 1465 1152 1517 erat
1187 1457 1492 1526 Verbum,
1548 1457 1701 1517 unde
1738 1457 1954 1518 docere
1989 1464 2317 1534 potuerunt

216 1556 327 1617 illos
370 1562 468 1636 qui
504 1567 684 1618 extra
719 1560 1054 1618 Ecclesiam
1101 1565 1299 1628 erant,
1354 1575 1510 1634 quae
1560 1558 1784 1618 Gentes
1825 1564 2139 1634 vocantur,
2193 1560 2314 1621 hae

216 1661 597 1732 per-Niniven
637 1660 1074 1736 significantur:
1146 1663 1286 1734 quia
1320 1676 1469 1735 gens
1512 1659 1775 1720 Judaica
1812 1665 1940 1718 erat
1972 1675 2122 1735 prae
2178 1659 2315 1721 aliis

217 1759 264 1816 in
303 1778 493 1820 amore
523 1763 621 1819 sui
666 1763 820 1818 etin
857 1760 1025 1819 falsis
1064 1777 1139 1820 ex
1186 1759 1287 1818 illo
1339 1777 1571 1834 amore,
1625 1761 1764 1820 inde
1807 1777 1926 1820 non
1969 1758 2103 1818 aliis
2155 1759 2312 1822 bene

216 1859 509 1919 voluerunt
544 1878 727 1936 quam
764 1861 879 1918 sibi
914 1863 1060 1936 ipsis
1073 1905 1089 1934 ,
1141 1878 1258 1918 non
1296 1867 1497 1920 autem
1532 1861 1841 1938 gentibu8‚
1882 1860 1990 1921 sed
2014 1860 2125 1920 has
2164 1862 2314 1923 ode-

217 1967 357 2035 runt3
396 1968 453 2020 et
483 1964 627 2037 quia
659 1960 796 2019 talis
833 1961 944 2019 fuit
977 1961 1081 2020 illa
1116 1978 1267 2037 gens
1298 1968 1357 2020 et
1390 1960 1583 2021 Jonas
1614 1964 2092 2038 repraesentavit
2124 1962 2309 2038 illam,

216 2057 331 2118 ideo
370 2063 588 2121 exarsit
623 2061 713 2119 illi
754 2061 959 2134 valde,
1001 2061 1162 2138 quod
1201 2060 1479 2121 ,Jehovah
1512 2064 1852 2137 pepercerit
1886 2061 2133 2136 Ninive,
2172 2079 2313 2123 nam

215 2156 441 2230 dicitur,
478 2180 669 2245 aeyre
689 2161 835 2240 suit
874 2160 1081 2222 Jonae
1111 2160 1517 2240 aem-itudiow
1541 2178 1805 2238 mayna,
1858 2160 1957 2218 ita
1999 2165 2075 2220 ut
2109 2178 2306 2222 exar-

217 2260 357 2320 serit
405 2259 534 2337 illi,
606 2268 668 2323 et
710 2280 783 2320 ex
839 2262 1212 2339 aegritudine
1266 2263 1389 2321 irae
1453 2261 1694 2331 dixerit,
1746 2278 1969 2335 „sume
2026 2257 2312 2323 Jehovak

216 2358 485 2420 animam
520 2381 718 2425 meam
752 2381 794 2423 a
833 2382 959 2434 me,
996 2363 1151 2442 quia
1184 2362 1343 2423 bona
1368 2379 1540 2423 mors
1574 2379 1716 2420 mea
1738 2378 1904 2440 prae
1944 2360 2082 2422 vita
2117 2362 2310 2425 mea“
2371 2432 2374 2436 Α

219 2457 399 2519 Vers:
455 2465 508 2519 1.
548 2465 618 2539 33
667 2465 779 2524 hoc
823 2465 1052 2524 malum
1108 2464 1269 2539 apud
1309 2465 1474 2523 illam
1501 2468 1736 2541 gentem
1784 2462 2150 2538 significatur
2197 2479 2310 2539 per

218 2556 575 2639 maionem,
630 2582 807 2640 quem
848 2566 1065 2624 vermis
1102 2567 1438 2641 percussit,
1489 2572 1552 2622 ut
1593 2569 2002 2640 exaresceret5
2055 2579 2165 2640 per
2201 2579 2308 2622 so-

215 2656 319 2716 lem
361 2664 453 2737 qui
484 2672 829 2742 percuteret
865 2672 1047 2742 caput
1083 2665 1279 2724 Jonae
1311 2666 1681 2741 significatur
1722 2681 1887 2721 amor
1924 2666 2018 2722 sui
2061 2663 2162 2740 qui
2197 2662 2309 2722 fuit

217 2757 291 2817 illi
326 2766 508 2841 genti,
549 2774 622 2825 et=
643 2783 754 2843 per
787 2772 1032 2826 ventum
1068 2766 1417 2824 orientalem
1454 2766 1855 2824 exsiccantem
1893 2763 2113 2822 falsum
2149 2762 2305 2839 inde,

216 2866 266 2915 et
296 2878 400 2937 per
439 2884 701 2926 vermem
741 2869 843 2943 qui
876 2868 1175 2943 percussit
1208 2866 1565 2942 Kikajonem
1595 2864 1961 2941 significatur
1985 2865 2310 2927 destructio

213 2960 336 3020 mali
369 2970 429 3023 et
461 2967 601 3026 inde
629 2967 794 3044 falsi3
835 2967 991 3043 quod
1027 2967 1143 3025 hoc
1169 2984 1280 3044 per
1312 2965 1668 3043 Kikajonem
1697 2965 2095 3043 significetur,
2139 2969 2311 3044 patet

214 3076 274 3118 ex
307 3061 392 3123 his
432 3069 510 3125 in.
546 3067 945 3144 descriptione
992 3067 1121 3142 illa,
1191 3067 1352 3143 quod
1390 3066 1580 3126 Jonas
1628 3069 1884 3144 primum
1917 3066 2177 3126 laetatus
2229 3067 2312 3126 sit

211 3174 371 3238 super
413 3167 806 3245 Kikajouem,
876 3175 937 3227 et
988 3174 1306 3245 postquam
1358 3168 1620 3245 Kikaj0n
1665 3184 1992 3246 percussus
2049 3173 2214 3228 esset
2269 3182 2309 3223 a

212 3276 388 3324 verme
424 3275 485 3327 et
526 3270 893 3343 exaruisset,
949 3268 1109 3344 quod
1144 3270 1437 3327 exarserit
1471 3268 1557 3327 illi
1594 3285 1783 3345 usque
1821 3268 1898 3327 ad
1933 3273 2203 3342 mortem,
2247 3271 2310 3325 et

213 3375 272 3417 ex
303 3381 369 3423 eo
405 3368 568 3443 quod
614 3368 847 3427 dicatur
895 3369 1052 3444 quod
1104 3369 1422 3428 clementia
1471 3386 1616 3427 usus
1667 3374 1830 3427 esset
1880 3383 2065 3443 super
2111 3364 2303 3424 Kika·

205 3458 354 3541 501105
406 3468 570 3544 quod
609 3468 773 3529 Gens
810 3467 1098 3546 Judaica,
1154 3470 1294 3546 quia
1329 3470 1387 3527 in
1426 3469 1534 3528 tali
1580 3484 1781 3527 amore
1825 3472 1884 3524 et
1924 3467 1988 3523 in
2022 3462 2126 3522 tali
2165 3462 2307 3523 inde

210 3557 370 3637 falso,
423 3570 785 3628 damnationi
826 3569 1083 3629 obnoxia
1118 3573 1227 3646 sit,
1282 3568 1638 3645 intelligitur
1671 3583 1782 3642 per
1815 3564 1966 3623 haec
2003 3562 2192 3621 verba
2227 3560 2308 3621 ad

212 3656 406 3728 Jonam
463 3687 629 3746 „non
669 3669 1001 3747 perfectum
1035 3671 1266 3743 fecisti,
1325 3671 1468 3745 quia
1518 3667 1675 3726 filius
1723 3666 1916 3724 noetis
1969 3663 2163 3723 factus
2216 3677 2304 3737 es,

212 3766 261 3817 et
289 3763 435 3832 filius
473 3773 665 3830 noctis
702 3772 935 3846 perit:“
1010 3770 1203 3847 qualis
1258 3769 1422 3830 Gens
1460 3748 1721 3829 Judaica
1755 3766 1979 3841 fuerat,
2030 3762 2306 3821 videatur

208 3860 259 3917 in
289 3862 608 3930 Docmmx
642 3871 855 3930 Novius.
890 3870 1401 3942 Hrsaosonxmrr,
1436 3888 1505 3928 n:
1550 3871 1711 3929 248.
1781 3865 1958 3942 Quod
1992 3864 2176 3923 Amor
2208 3863 2308 3922 sui

209 3955 288 4020 hic
331 3974 388 4026 et
421 3973 481 4029 in
514 3970 1018 4048 praecedentibus
1046 3971 1195 4030 locis
1236 3970 1623 4047 significetur,
1665 3973 1758 4028 est
1793 3968 1935 4043 quia
1967 3981 2078 4042 per
2112 3962 2309 4024 solem

208 4060 258 4117 in
291 4074 550 4141 genuino
578 4071 879 4150 spirituali
912 4088 1097 4132 sensu
1134 4071 1504 4148 significatur
1541 4087 1709 4129 amor
1751 4071 1812 4127 in
1846 4066 2198 4138 Dominum,
2248 4069 2310 4124 et

208 4155 326 4224 huic
361 4175 544 4231 amori
578 4175 893 4251 oppositus
915 4181 1026 4232 est
1063 4190 1228 4232 amor
1264 4174 1389 4248 sui3
1449 4173 1629 4230 etiam
1666 4170 1850 4230 Amor
1883 4167 2138 4226 Divinus
2174 4164 2308 4225 Do-
2417 4185 2429 4190 ·

207 4263 356 4336 mini,
408 4274 511 4348 qui
546 4280 638 4333 est
671 4290 962 4352 praesens
1000 4273 1160 4350 apud
1201 4274 1696 4348 unumquemvis,
1754 4270 2003 4330 vertitur
2036 4269 2094 4326 in
2133 4284 2301 4327 amo-

295 4381 714 4441 Swedenborg,
763 4389 953 4443 Apocal.
988 4388 1101 4441 expl.
1142 4390 1200 4427 ΙΙ.
1422 4436 1426 4440 ¹
1907 4374 1994 4430 26
