2791 4778
356 370 592 426 CAPUT
629 368 944 428 SEXTUM.
1699 370 1879 426 VERS
1899 393 1910 423 ε
1958 382 2048 432 12-
2213 383 2323 436 399

209 551 344 594 mus
387 530 697 606 Jehovae,
771 534 831 590 et
892 549 1120 591 currus
1179 525 1355 590 Solis
1410 530 1751 591 combassit
1805 530 1996 610 ε’,ᾳνιειτ
2072 531 2322 593 XXIII:

224 636 275 695 5.
321 636 436 691 ll:
494 632 661 709 apud
704 625 1030 692 Jeremiam
1080 628 1497 706 „Extrahent
1548 649 1698 691 ossa
1742 651 1965 711 reyum
2012 631 2332 710 Jehudae,

209 752 345 794 ossa
387 732 762 811 principum
815 731 982 813 ejus),
1048 737 1106 790 et
1164 750 1314 791 ossa
1370 731 1768 793 sacerdotum
1818 733 1985 816 eju-9,
2064 738 2125 793 et
2173 753 2325 796 ossa

205 833 653 915 prophetarum
706 832 869 920 eju-52
932 836 990 890 et
1032 851 1181 891 ossa
1218 831 1648 894 habitatorum
1690 830 2208 914 Hierosolymae,
2265 841 2326 896 et

210 933 563 1014 expandent
616 953 691 994 ea
737 931 878 993 Soli
915 938 973 992 et
1014 932 1241 993 Lunae
1292 939 1351 993 et
1404 933 1577 993 omni
1621 934 1932 995 exercitui
1992 932 2320 1009 coelorum,

208 1054 350 1115 quae
413 1034 889 1095 adamaverunt
917 1078 934 1107 ,
1046 1039 1105 1094 et
1178 1033 1403 1112 quibus
1475 1034 1911 1094 sewiverunffl
2010 1035 2194 1095 VIII:
2268 1040 2323 1095 1.

219 1141 281 1195 2:
335 1144 396 1195 et
429 1142 762 1212 praeterea
798 1134 952 1209 Cap:
1004 1133 1238 1193 XLIV:
1297 1139 1405 1194 17.
1450 1136 1556 1192 18.
1606 1137 1714 1193 19.
1761 1136 1871 1194 25.
1923 1136 2150 1195 Deutr:
2200 1136 2321 1196 IV:

216 1239 312 1296 19.
368 1236 535 1313 Cap:
576 1236 793 1295 XVII:
841 1237 900 1293 3.
950 1236 1006 1294 5.
1065 1234 1356 1310 Quoniam
1394 1253 1506 1312 per
1541 1235 1820 1292 Moabum
1874 1238 1943 1318 53¹„
1981 1236 2183 1295 Verbo
2235 1238 2320 1295 si·-

208 1338 559 1414 gnificanmr
625 1336 713 1395 illi
764 1338 862 1412 qui
912 1338 971 1393 in
1020 1338 1143 1393 vita
1188 1336 1327 1395 falsi
1374 1341 1516 1394 sunt
1567 1353 1640 1393 ex
1691 1353 1891 1395 amore
1942 1315 2060 1410 sui,
2119 1344 2177 1396 et
2211 1325 2322 1415 per

207 1438 418 1499 cultum
448 1455 665 1497 eorum
704 1436 897 1495 cultus
934 1438 1047 1507 sui,
1083 1435 1217 1495 ideo
1246 1455 1379 1497 cum
1410 1436 1672 1511 populus
1707 1436 2076 1496 Israeliticus
2114 1454 2324 1498 acces-

205 1540 278 1596 sit
310 1539 384 1598 ad
423 1537 662 1597 cultum
696 1535 903 1614 populi
938 1536 1273 1611 Moabitici,
1340 1536 1684 1595 mandatum
1722 1544 1814 1595 est
1851 1544 1915 1596 ut
1952 1536 2168 1614 Capita
2202 1556 2316 1614 po-

208 1640 321 1717 puli
377 1639 900 1715 suspenderentur
954 1654 1151 1697 coram
1204 1637 1377 1707 Sole,
1443 1636 1516 1694 de
1571 1655 1688 1712 qua
1730 1656 1795 1696 re
1844 1640 1927 1697 ita
1975 1638 2136 1714 apud
2185 1638 2319 1696 Μο-

207 1756 304 1798 sen
382 1736 654 1815 „Filiae
701 1737 921 1797 Moabi
962 1744 1264 1798 vocarunt
1295 1734 1608 1816 populum
1652 1736 1740 1797 ad
1787 1739 1960 1799 sacri
1950 1737 2110 1819 ficia
2170 1736 2317 1797 deo-

207 1859 341 1900 rum
388 1858 691 1909 suorum,
761 1843 819 1897 et
876 1836 1141 1898 comedit
1177 1836 1488 1917 populus,
1553 1843 1612 1897 et
1675 1838 2033 1900 incurvavit
2079 1858 2145 1898 se
2185 1837 2320 1899 diis

210 1958 444 2014 eorum,
517 1939 847 2019 imprimis
907 1938 1214 2020 adjunxit
1262 1958 1328 1999 se
1388 1936 1603 1999 Israel
1666 1937 2060 2019 Baalpeori;
2127 1958 2321 2019 quare

209 2039 379 2100 dixit
407 2039 695 2100 Jehovah
743 2038 832 2098 ad
877 2038 1129 2108 Mosen,
1187 2058 1363 2100 sume
1408 2037 1622 2098 omnia
1661 2037 1896 2117 Capita
1936 2038 2195 2117 populi,
2260 2047 2320 2101 et

209 2141 517 2219 suspende
560 2159 633 2199 ea
685 2158 896 2200 coram
945 2136 1135 2201 Sole“
1200 2140 1385 2200 Num:
1435 2138 1651 2198 XXV:
1715 2142 1770 2196 1.
1815 2143 1875 2197 2.
1924 2142 1980 2197 3.
2025 2143 2095 2214 43
2159 2141 2319 2216 quod

211 2241 462 2299 Moabus
509 2240 802 2318 significet
846 2241 981 2300 illos
1032 2241 1132 2314 qui
1182 2243 1239 2299 in
1296 2241 1419 2297 vita
1467 2237 1783 2296 falsi'sunt
1829 2256 1902 2297 ex
1963 2256 2164 2298 amore
2203 2243 2314 2314 sui,

212 2349 273 2401 et
318 2342 459 2401 inde
508 2344 607 2417 qui
641 2342 977 2401 adulterant
1011 2340 1170 2400 bona
1209 2340 1553 2411 Ecclesiae,
1603 2339 1879 2399 videatur
1919 2338 2004 2416 [in
2035 2340 2311 2399 Ancnms

219 2441 656 2520 Gossnns'rmus]
691 2461 765 2501 n:
820 2445 1032 2502 2468.
1070 2443 1289 2517 83153
1348 2442 1486 2500 inde
1529 2443 1705 2499 etiam
1742 2447 1937 2516 patet,
1998 2440 2155 2516 quod
2209 2439 2314 2499 Sol
2355 2437 2514 2500 [608]
2570 2515 2583 2525 ἢ

214 2540 419 2599 mundi
451 2542 730 2618 significet
766 2561 1028 2601 amorem
1073 2545 1184 2600 sui.
1242 2541 1537 2618 Quoniam
1576 2560 1742 2601 amor
1777 2543 1871 2600 sui
1908 2543 2084 2598 mittit
2118 2541 2311 2599 homi-

209 2658 341 2699 nem
377 2642 633 2700 in'suum
666 2646 990 2720 proprium,
1032 2650 1091 2702 et
1117 2645 1176 2701 in
1204 2661 1273 2700 eo
1304 2642 1527 2702 detinet
1559 2642 1744 2714 illurn,
1783 2647 2019 2717 spectat
2056 2643 2209 2700 enim
2244 2657 2313 2701 se

202 2741 452 2818 jugiter,
507 2751 569 2802 et
601 2747 908 2820 proprium
941 2744 1196 2803 hominis
1231 2761 1350 2802 non
1382 2749 1475 2802 est
1501 2744 1616 2800 nisi
1652 2759 1829 2818 quam
1866 2741 2107 2812 malurn,
2146 2748 2204 2800 et
2241 2759 2316 2801 ex

208 2842 357 2901 malo
412 2851 505 2902 est
552 2861 724 2902 omne
774 2844 1018 2918 falsum,
1099 2844 1234 2902 ideo
1282 2861 1392 2919 per
1454 2848 1688 2905 aestum
1748 2842 1893 2902 solis
1947 2843 2315 2919 significatur

208 2942 601 3002 adulteratum
656 2944 912 3018 Verum,
979 2944 1136 3020 quod
1183 2945 1243 3003 in
1291 2960 1399 3001 sua
1439 2945 1700 3002 essentia
1736 2950 1831 3002 est
1870 2943 2085 3003 falsum
2141 2945 2281 3004 mali
2295 2965 2312 3021 3

207 3041 311 3102 hoc
347 3063 459 3121 per
497 3051 732 3103 aestum
771 3045 914 3103 solis
956 3043 1323 3122 significatur
1360 3046 1419 3102 in
1457 3044 1846 3119 sequentibus
1882 3045 1975 3103 his
2018 3046 2200 3122 locis;
2253 3048 2317 3104 in

209 3142 575 3221 Apocalypsi
629 3143 973 3220 „Quartus
1024 3142 1317 3224 Anyelus
1375 3143 1602 3222 effudit
1653 3140 1948 3224 phialam
1999 3164 2188 3206 suam
2247 3143 2318 3206 in

207 3241 421 3315 solem,
475 3250 534 3304 et
569 3244 796 3306 datum
828 3252 923 3305 est
948 3243 1054 3306 illi
1080 3252 1262 3305 aestu
1297 3243 1567 3306 adurere
1598 3245 1880 3330 homines
1904 3265 2025 3324 per
2054 3247 2311 3324 iyneW‘

208 3342 381 3404 XVI:
429 3348 501 3404 8:
560 3353 618 3406 et
653 3347 794 3405 alibi
850 3346 1045 3422 „Non
1092 3346 1366 3405 esurient
1405 3342 1722 3423 amplius,
1767 3364 1957 3423 neque
1992 3345 2174 3405 cadet
2200 3365 2314 3405 su-

199 3463 307 3522 per
333 3464 439 3505 eos
477 3444 604 3521 sol,
659 3466 849 3526 neque
881 3445 1058 3508 ullus
1096 3449 1359 3507 aestu-M
1400 3445 1549 3503 VII:
1607 3448 1713 3504 16.
1794 3444 1975 3519 Apud
2016 3444 2314 3503 Davidem

213 3544 547 3618 „Interdiu
583 3545 697 3608 Sol
722 3566 846 3608 non
875 3547 1182 3626 percutiet
1211 3553 1297 3620 te,
1362 3551 1477 3609 aut
1518 3542 1714 3604 Luna
1749 3543 1818 3604 in
1851 3548 2052 3616 nocte,
2118 3541 2312 3602 Jelzo-

208 3645 322 3705 vah
360 3647 674 3708 custodiet
726 3655 785 3708 te
817 3649 893 3709 ab
945 3648 1117 3708 omni
1156 3644 1359 3722 malo,
1417 3642 1729 3705 custodiet
1763 3641 2048 3704 animam
2085 3646 2306 3703 tuam“

207 3743 434 3807 Psalm:
477 3745 710 3808 CXXI:
758 3752 815 3807 6.
856 3755 927 3824 73
985 3767 1094 3825 per
1134 3748 1321 3807 solem
1362 3746 1445 3804 ibi
1483 3744 1831 3820 intelligitur
1867 3759 2034 3801 amor
2070 3746 2195 3816 sui,
2255 3749 2317 3802 et

206 3861 310 3920 per
347 3847 555 3915 lunam
592 3849 806 3907 falsum
843 3848 1009 3924 inde3
1068 3851 1208 3923 quia
1244 3865 1316 3905 ex
1355 3846 1460 3904 illo
1499 3862 1698 3904 amore
1737 3850 1830 3902 est
1878 3860 2050 3901 omne
2090 3843 2312 3903 malum

210 3952 264 4003 et
290 3967 356 4008 ex
393 3948 508 4007 hoc
538 3949 785 4021 falsum,
840 3950 974 4008 ideo
1015 3949 1229 4008 dicitur
1269 3945 1428 4022 quod
1470 3945 1752 4006 Jehovah
1789 3943 2085 4003 custodiet
2125 3951 2183 4002 te
2240 3945 2316 4003 ab

209 4052 358 4107 omni
394 4050 579 4123 ma10,
648 4055 708 4109 et
752 4049 1047 4109 custodiet
1083 4051 1336 4107 animam
1380 4054 1572 4120 tuam,
1639 4064 1751 4122 per
1787 4047 2041 4103 animam
2079 4044 2309 4120 signifi-

209 4155 369 4207 catur
409 4153 532 4209 vita
570 4153 714 4210 veri.
791 4151 971 4226 Apud
1004 4149 1375 4208 Matthaeum
1412 4144 1622 4221 „Alia
1670 4145 1913 4206 semina
1960 4144 2313 4206 ceciderunt

209 4262 388 4327 super
421 4256 680 4329 petrosa
694 4295 710 4326 ‚
766 4249 874 4311 abi
909 4266 1035 4309 non
1070 4248 1371 4310 habebant
1411 4245 1674 4307 humum
1710 4243 1983 4307 multam
1994 4267 2022 4319 ;
2071 4251 2130 4306 et
2174 4264 2317 4307 oum
