2791 4778
517 408 625 462 ios
933 392 1421 451 APOCALYPSIS
1464 390 1897 449 EXPLICATA..
1980 389 2025 457 §.
2067 398 2184 452 412.

516 559 653 619 inde
690 564 783 617 est
819 557 975 633 quod
1009 556 1105 615 hic
1142 554 1482 631 appelletur
1517 552 1813 628 Angelus,
1882 548 2039 625 quod
2074 556 2161 607 est
2195 545 2380 622 quoad
2412 544 2564 603 Divi-

516 677 657 719 num
695 658 1038 716 Humanum
1075 674 1277 715 suum:
1336 657 1532 730 agitur
1575 656 1635 711 in
1674 670 1744 711 eo
1781 651 1993 727 Capite
2027 649 2322 707 manifeste
2360 646 2424 704 de
2454 645 2563 703 Do-

518 762 702 833 mino,
753 776 822 817 ae
859 759 932 816 de
977 758 1193 833 pugnis
1240 755 1442 831 Ipsius
1492 772 1623 813 eum
1670 752 1929 812 Infernis
1976 757 2034 810 et
2080 749 2150 809 de
2198 747 2563 825 subjugatione

518 878 742 921 eorum.
832 858 1013 935 Apud
1048 857 1340 915 Davidem
1400 899 1436 929 „
1452 850 1750 915 occultas
1793 871 1898 912 eos
1946 852 2017 912 in
2055 850 2259 910 abdito
2291 846 2563 927 facierum

517 969 779 1023 tuarum
824 977 981 1038 prae
1023 954 1403 1017 elationibus
1447 955 1602 1025 rviri,
1681 953 2020 1013 abscondis
2066 970 2167 1011 eos
2210 950 2272 1008 in
2314 944 2560 1007 Tentorio

520 1068 627 1122 tuo
667 1080 708 1121 a
763 1057 872 1119 lite
925 1056 1343 1137 linquarum“
1399 1056 1630 1115 Psalm:
1680 1054 1933 1114 XXXI:
1990 1057 2117 1128 213
2184 1048 2436 1110 occultare
2467 1058 2557 1102 eos

517 1165 580 1222 in
624 1160 827 1220 abdito
862 1160 1148 1218 facierum
1184 1165 1419 1221 tuarum
1460 1165 1551 1216 est
1585 1159 1645 1214 in
1680 1157 1902 1215 Divino
1940 1155 2109 1214 Bono
2149 1170 2253 1211 non
2287 1150 2559 1224 apparente

439 1315 447 1324 .
519 1279 718 1322 coram
757 1261 922 1334 aliis;
963 1266 1022 1319 et
1057 1259 1425 1318 abscondere
1459 1262 1521 1316 in
1557 1259 1810 1316 tentorio
1841 1264 1948 1315 tuo
1980 1262 2071 1313 est
2104 1256 2163 1312 in
2187 1252 2381 1312 Divino
2403 1245 2562 1318 Vero;

520 1362 813 1422 elationes
850 1363 959 1419 viri
997 1369 1057 1419 et
1091 1360 1164 1418 lis
1199 1359 1563 1436 linguarum,
1621 1364 1760 1418 sunt
1802 1358 1965 1415 mala
2003 1356 2138 1414 falsi
2173 1362 2228 1413 et
2273 1350 2407 1409 {alsa
2436 1344 2564 1417 mali,

523 1462 811 1521 elationes
849 1464 1001 1521 enim
1039 1461 1314 1520 dicuntur
1351 1460 1423 1518 de
1452 1460 1624 1518 malis
1656 1462 1797 1535 quia
1832 1464 1977 1518 sunt
2014 1457 2226 1515 amoris
2259 1453 2371 1519 sui,
2419 1453 2470 1506 et
2496 1446 2567 1501 vir

524 1563 816 1639 significat
864 1580 1070 1620 verum
1124 1568 1183 1619 et
1231 1560 1478 1634 falsum,
1543 1560 1617 1619 lis
1665 1560 2011 1635 linguarum
2064 1564 2154 1616 est
2196 1554 2390 1613 falsum
2431 1545 2564 1606 mali:

522 1663 664 1741 quid
699 1661 919 1720 malum
954 1661 1091 1720 falsi
1137 1670 1199 1720 et
1231 1661 1446 1720 salsum
1485 1661 1653 1735 mali,
1709 1660 1994 1719 videatur
2034 1661 2094 1717 in
2128 1658 2423 1716 Domum
2458 1647 2562 1706 No·
2653 1721 2654 1726 η

520 1783 637 1822 van
684 1762 1176 1821 Hissnosonvmaa
1221 1780 1291 1820 n:
1349 1765 1460 1820 21.
1550 1761 1731 1838 Apud
1778 1761 2056 1819 Eundem
2113 1751 2424 1832 „Posuisti
2464 1743 2563 1806 ini·

518 1862 792 1942 quitates
840 1867 1096 1921 nostras
1149 1879 1363 1921 eoram
1419 1860 1537 1932 Te,
1604 1858 1920 1921 occultum
1976 1864 2255 1921 nostrum
2311 1853 2374 1913 in
2412 1847 2564 1909 lucem

464 2007 470 2011 -
507 1963 830 2044 facierum
866 1964 1172 2022 tuarum“
1207 1962 1445 2021 Psalm:
1486 1960 1631 2021 XC:
1680 1965 1751 2039 83
1816 1962 1925 2021 lux
1962 1963 2241 2021 facierum
2276 1963 2471 2014 tuarum
2492 1948 2564 2005 est

521 2066 653 2124 Lux
693 2063 859 2124 Coeli
908 2082 943 2121 a
983 2064 1238 2122 Domino
1280 2070 1345 2122 ut
1397 2061 1534 2123 Sole
1587 2064 1704 2132 ibi,
1755 2063 1908 2121 haee
1966 2063 2098 2121 Lux
2136 2062 2269 2137 quia
2302 2060 2380 2115 est
2409 2053 2564 2127 ipsum

521 2167 804 2225 Divinum
834 2165 1092 2234 Verum,
1131 2183 1203 2224 ex
1242 2182 1356 2240 quo
1395 2166 1582 2222 omnis
1618 2163 2021 2239 intelligentia
2056 2170 2114 2221 et
2149 2157 2425 2237 sapientia,
2456 2147 2565 2205 ideo

523 2267 916 2343 quodcunque
952 2269 1014 2323 in
1048 2266 1202 2323 hane
1237 2266 1434 2324 lucem
1469 2267 1631 2323 venit
1665 2264 2085 2324 manifestatur
2120 2262 2287 2340 quale
2325 2261 2403 2315 est
2434 2256 2487 2311 ut
2515 2249 2565 2304 in

521 2367 683 2427 claro
722 2367 845 2440 die,
900 2366 1036 2425 inde
1090 2373 1183 2425 est
1232 2383 1365 2426 cum
1416 2365 1556 2424 mali
1600 2367 1659 2424 in
1705 2365 1858 2424 hanc
1895 2365 2102 2426 lucem
2150 2364 2397 2432 veniunt,
2444 2344 2569 2429 quod

516 2475 850 2546 appareant
886 2484 1130 2544 prorsus
1171 2468 1380 2543 quales
1419 2473 1585 2540 sunt,
1625 2466 1925 2525 deformes
1967 2474 2034 2525 et
2063 2460 2360 2525 monstrosi
2390 2467 2567 2514 secun-

422 2649 429 2657 Ἀ
519 2570 658 2628 dum
697 2569 926 2628 occulta
965 2569 1125 2626 mala
1173 2567 1333 2644 apud
1380 2568 1515 2626 illos
1529 2588 1543 2643 3
1603 2587 1677 2626 ex
1715 2567 1806 2624 his
1844 2574 2050 2642 patet,
2112 2565 2244 2643 quid
2278 2554 2569 2630 intelligitur

518 2688 627 2746 per
675 2671 930 2746 posuisti
977 2670 1320 2745 iniquitates
1374 2677 1610 2728 nostras
1656 2684 1854 2726 eoram
1896 2667 2022 2741 Te,
2082 2677 2141 2727 et
2186 2662 2450 2725 oecultum
2480 2667 2566 2709 no-

518 2779 703 2830 strum
740 2774 801 2829 in
826 2770 1019 2831 lucem
1057 2771 1343 2829 facierum
1381 2774 1634 2827 tuarum.
1704 2768 1885 2844 Apud
1922 2768 2250 2830 Jeremiam
2285 2754 2566 2837 „Olamato

521 2869 702 2929 verba
762 2869 913 2930 haee
983 2869 1464 2949 septentrionem
1530 2889 1779 2941 versuo,
1870 2875 1929 2929 ot
2019 2869 2214 2930 dicito
2226 2911 2243 2942 ,
2323 2857 2567 2923 revertere

519 2987 744 3029 ave-rsa
787 2967 1026 3043 Israel,
1082 2989 1204 3029 non
1238 2971 1494 3048 faciam
1530 2969 1751 3030 cadere
1787 2969 2000 3049 facies
2049 2988 2221 3030 meas
2256 2980 2423 3042 saper
2465 2967 2561 3021 vos,

514 3065 813 3147 quoniam
845 3066 1222 3128 IIIi-sericam
1259 3067 1458 3148 E90“
1514 3070 1639 3130 III:
1691 3074 1809 3147 123
1864 3088 1975 3146 per
2012 3072 2197 3130 facies
2246 3079 2394 3125 meas
2426 3056 2559 3116 etiam

518 3169 614 3228 hic
651 3167 1013 3244 significatur
1048 3169 1299 3227 Divinus
1337 3169 1524 3229 Amor
1563 3178 1620 3231 et
1659 3188 1829 3230 omne
1883 3170 2104 3229 bonum
2142 3167 2295 3246 quod
2328 3170 2407 3222 est
2437 3166 2560 3214 amo-

519 3270 601 3327 ris
613 3313 630 3342 ,
690 3275 749 3326 et
791 3286 901 3344 per
937 3285 1050 3326 non
1087 3268 1287 3329 facere
1339 3270 1555 3331 cadere
1606 3271 1791 3331 facies
1840 3272 2205 3348 significatur
2243 3283 2351 3325 non
2393 3253 2558 3318 demit-

520 3379 649 3431 tere
692 3378 747 3429 et
787 3387 1062 3446 cessare,
1120 3388 1256 3429 nam
1303 3387 1436 3430 cum
1474 3373 1661 3431 facies
1721 3372 1878 3430 cadit
1931 3379 2069 3431 tune
2118 3374 2373 3430 cessatur
2403 3357 2462 3416 ab
2489 3354 2561 3409 in-

521 3474 775 3557 tuend037
825 3473 960 3532 inde
997 3478 1194 3549 patet,
1252 3473 1394 3550 quid
1443 3472 1810 3549 significatur
1856 3491 1966 3548 per
2011 3491 2125 3532 non
2161 3472 2361 3530 faciam
2393 3455 2557 3519 cadere

521 3575 708 3634 facies
747 3590 913 3634 meas
954 3590 1142 3652 super
1189 3591 1324 3649 vos3
1382 3591 1565 3649 quare
1613 3575 1791 3631 etiam
1833 3574 2075 3644 dieitur,
2130 3570 2390 3649 quoniam
2420 3556 2558 3616 mise-

521 3677 707 3734 ricors
742 3675 900 3750 Eg0,
941 3674 1350 3734 misericordia
1387 3679 1481 3733 est
1513 3673 1767 3732 Divinus
1801 3674 1988 3733 Amor
2025 3691 2163 3750 erga
2197 3671 2423 3728 miseros
2435 3677 2450 3733 3
2479 3661 2559 3728 Ρθῐ

522 3773 774 3833 clamato
817 3774 894 3831 ad
930 3776 1395 3848 septentrionem
1443 3773 1810 3849 significatur
1846 3774 1919 3832 ad
1961 3775 2096 3833 illos
2133 3771 2231 3849 qui
2261 3770 2317 3824 in
2349 3758 2490 3820 falsis
2519 3750 2562 3804 et

521 3873 658 3937 inde
695 3874 867 3931 malis
901 3880 1054 3948 sunt,
1096 3888 1280 3948 quare
1319 3875 1502 3932 etiam
1538 3875 1780 3948 dicitur,
1818 3882 2119 3934 revertere
2154 3882 2355 3928 aversa
2384 3846 2557 3918 Israffl3

521 3973 682 4047 quod
715 3973 1043 4047 septentrio
1078 3971 1214 4029 illos
1263 3973 1585 4049 significet,
1645 3980 1737 4034 est
1780 3976 1918 4051 quia
1968 3976 2054 4034 illi
2099 3974 2193 4050 qui
2235 3970 2294 4024 in
2336 3957 2481 4020 falsis
2519 3948 2563 4003 et

440 4093 445 4097 ·
520 4068 655 4126 inde
709 4068 882 4126 malis
927 4077 1098 4142 sunt,
1153 4072 1212 4127 in
1256 4076 1711 4146 septentrionali
1753 4075 1936 4151 plaga
1983 4078 2040 4133 in
2078 4068 2286 4134 Mundo
2321 4042 2561 4138 spirituali

518 4163 815 4221 habitant:
885 4166 958 4222 de
1018 4166 1186 4225 falsis
1242 4174 1300 4226 et
1364 4171 1503 4231 inde
1565 4174 1769 4243 malis,
1852 4176 2128 4234 videatur
2180 4172 2237 4228 in
2289 4160 2561 4222 ‘Docvanu

517 4255 734 4324 Noun
798 4261 1284 4324 Hrmtosonrman
1343 4284 1413 4326 n:
1472 4273 1581 4330 21.
1663 4273 1838 4347 Quod
1885 4273 2103 4334 Panes
2151 4283 2329 4348 super
2378 4255 2562 4318 Mensa
