2791 4778
396 372 624 429 CAPUT
658 371 966 430 SEXTUM.
1770 372 1977 428 Vnus.
2025 385 2076 436 6.
2233 386 2343 438 285

256 552 399 609 vero,
431 541 488 594 et
519 535 675 610 quod
694 551 824 593 sors
844 536 1005 592 vitae
1037 536 1165 610 ejus
1194 550 1327 592 cum
1348 534 1755 604 infernalibus,
1783 534 1888 593 filii
1918 534 2073 592 enim
2090 534 2345 595 hominis

253 641 377 695 sunt
398 652 540 694 vera
573 633 900 707 Ecclesiae,
932 636 1140 709 onagri
1173 640 1311 692 sunt
1340 636 1442 709 qui
1470 635 1531 691 in
1559 634 1699 693 diris
1742 635 1927 707 falsis,
1969 633 2170 709 qualia
2206 640 2348 694 sunt

250 739 303 794 in
326 735 579 808 infernis,
624 740 682 793 et
717 734 1006 792 habitatio
1037 743 1128 791 est
1167 736 1324 792 vitae
1363 750 1515 792 sors,
1592 734 1770 810 Apud
1810 733 2050 794 Joe‘lem
2092 731 2348 814 „Super

240 831 531 916 populum
569 852 778 893 meum
796 832 1085 914 jecerunt
1118 840 1367 904 sortem,
1412 823 1565 911 quia
1605 831 1909 894 dederant
1932 853 2205 912 pueram
2221 853 2347 914 pro

250 939 450 1005 scort0,
486 941 547 994 et
575 926 865 1012 puellam
899 930 1314 993 vendiderunt
1341 932 1486 992 vino
1527 931 1696 1011 quod
1740 933 2066 994 biberant“
2102 933 2228 992 IV:
2272 937 2342 1011 33

247 1053 344 1112 per
366 1035 570 1111 jacere
620 1041 842 1093 sortem
893 1050 1077 1109 super
1121 1032 1426 1109 populum,
1466 1033 1831 1108 significatur
1867 1034 2161 1109 dissipare
2199 1053 2346 1094 vera

248 1134 557 1209 Ecclesiae,
579 1133 788 1210 jacere
815 1140 1037 1191 sortem
1066 1132 1359 1208 significat
1389 1133 1714 1209 dissipare,
1761 1141 1820 1191 et
1854 1134 2116 1210 populus
2154 1136 2343 1212 signi-

247 1233 717 1292 ficatEcclesiam
740 1233 937 1309 quoad
955 1238 1124 1307 'vel-a,
1155 1235 1240 1289 ita
1263 1250 1500 1307 quoque
1529 1250 1674 1291 vera
1701 1232 2026 1309 Ecclesiae3
2064 1251 2176 1308 per
2201 1235 2346 1294 dare

247 1350 480 1410 puerum
511 1351 624 1409 pro
654 1339 868 1406 scorto,
900 1332 1267 1407 significatur
1292 1332 1610 1391 falsificare
1636 1350 1863 1403 verum,
1889 1351 2043 1410 puer
2069 1335 2223 1391 enIm
2253 1343 2347 1394 est

248 1451 438 1493 verum
463 1432 798 1506 Ecclesiae,
840 1439 899 1490 et
934 1438 1197 1490 scortum
1234 1439 1325 1489 est
1361 1423 1606 1507 falsum3
1642 1437 1701 1489 et
1734 1449 1844 1507 per
1871 1433 2130 1491 vendere
2164 1434 2343 1510 puel-

247 1532 350 1591 lam
381 1535 516 1592 vino
556 1532 721 1609 quod
756 1531 1034 1591 biberunt
1079 1532 1447 1607 significatur
1480 1538 1826 1607 pervertere
1877 1532 2097 1591 bonum
2132 1533 2347 1593 Eccle-

248 1635 360 1692 siae
391 1650 500 1710 per
535 1650 746 1692 verum
782 1631 1196 1699 falsificatum,
1230 1631 1438 1707 puella
1467 1632 1743 1690 enimest
1768 1630 1987 1690 bonum
2013 1632 2343 1707 Ecclesiae,

249 1739 303 1791 et
343 1735 542 1791 vinum
592 1738 689 1791 est
735 1749 943 1790 verum
998 1731 1395 1789 falsificat-um.
1492 1730 1648 1807 Quia
1698 1731 1919 1789 Vinum
1971 1732 2346 1808 significabat

247 1849 435 1892 verum
460 1832 780 1891 Ecclesiae
823 1831 980 1907 quod
1019 1848 1094 1889 ex
1129 1832 1319 1905 bon0,
1374 1832 1510 1890 ideo
1548 1831 1887 1890 mandatum
1926 1839 2020 1892 est
2053 1839 2119 1891 ut
2160 1850 2346 1910 super

247 1931 422 1991 Altari
455 1950 591 1991 cum
631 1930 949 1990 Sacrificiis
990 1933 1169 1989 etiam
1196 1930 1476 1990 offerrent
1509 1931 1808 1990 Mincham
1845 1940 1903 1990 et
1939 1932 2243 2006 Libamen,
2285 1940 2346 1993 et

248 2030 506 2091 Minchah
543 2038 679 2091 erat
711 2034 883 2107 panis
924 2037 983 2090 et
1016 2031 1306 2089 Libamen
1341 2034 1575 2100 vinum,
1621 2048 1733 2107 per
1769 2048 1922 2106 quae
1959 2033 2340 2108 significaba-

246 2136 331 2189 tur
365 2133 555 2191 cultus
597 2132 837 2190 Domini
876 2150 947 2189 ex
984 2131 1141 2188 bono
1179 2135 1393 2189 amoris
1434 2137 1493 2190 et
1530 2148 1601 2189 ex
1640 2133 1796 2187 veris
1834 2131 1988 2204 inde,
2037 2150 2174 2190 nam
2210 2150 2339 2191 om-

247 2233 329 2290 nis
362 2232 552 2291 cultus
596 2237 690 2291 est
726 2249 798 2290 ex
840 2232 988 2290 illis:
1047 2232 1119 2289 de
1167 2230 1573 2289 Libaminibus
1614 2236 1898 2306 quantum
1938 2231 2077 2289 Vini
2115 2234 2175 2289 in
2220 2232 2341 2290 illis

249 2330 318 2388 ad
347 2334 504 2392 varia
541 2332 878 2406 sacrificia,
936 2331 1210 2394 videatur
1255 2330 1453 2389 Exod:
1492 2329 1739 2389 XXIX:
1782 2333 1894 2388 40.
1933 2333 2046 2388 41.
2135 2330 2341 2391 Levit:

251 2428 632 2492 XXm213.
687 2436 789 2492 18.
840 2433 1028 2492 Num:
1069 2433 1187 2491 VI:
1238 2436 1296 2489 1.
1343 2435 1403 2489 2.
1448 2433 1509 2491 3.
1553 2434 1613 2488 4.
1662 2432 1915 2491 15.1⁷.
1968 2429 2130 2506 Gap:
2185 2431 2340 2490 XV:

259 2532 317 2587 4.
363 2532 415 2589 5.
458 2534 510 2591 6.
555 2538 615 2592 7.
665 2533 774 2590 10.
825 2537 937 2590 24.
1021 2532 1180 2607 Cap:
1231 2530 1541 2590 XXVIII:
1590 2536 1646 2589 7.
1699 2533 1758 2589 8.
1805 2532 1864 2588 9.
1915 2533 2022 2590 10.
2068 2533 2178 2589 24.
2224 2533 2336 2590 31.

249 2627 397 2706 Cap:
435 2630 682 2692 XXIX:
727 2635 785 2690 6.
821 2636 927 2690 11.
977 2636 1084 2692 16.
1133 2634 1241 2690 19.
1287 2634 1398 2689 22.
1445 2633 1554 2691 25.
1601 2635 1710 2689 27.
1756 2632 1865 2689 28.
1911 2631 2020 2689 31.
2067 2632 2178 2690 34.
2226 2632 2338 2690 38.

253 2730 365 2789 39:
417 2737 474 2790 et
532 2739 856 2809 praeterea
919 2732 1149 2793 Genes:
1212 2730 1491 2790 XXXV:
1564 2733 1680 2789 14:
1745 2730 1878 2790 inde
1930 2736 2130 2806 patet,
2199 2731 2342 2808 quid

243 2831 596 2906 significatur
629 2833 791 2908 apud
835 2833 1071 2893 Joe'lem
1112 2830 1419 2906 „Excisa
1458 2834 1553 2890 est
1595 2829 1902 2892 M'z'nchah
1938 2837 1997 2892 et
2032 2829 2342 2893 Libamen

149 2933 152 2938 ’
244 2947 273 2987 e
311 2929 484 2991 domo
528 2932 817 3007 Jelzovae,
872 2930 1174 2993 luxerunt
1210 2929 1564 2991 sacerdotes
1601 2930 1891 2993 ministri
1927 2930 2244 2993 Jehovae“
2276 2933 2338 2992 I:

243 3033 312 3107 93
363 3033 520 3108 quod
557 3050 775 3109 nempe
812 3034 1058 3109 perierit
1096 3031 1305 3091 Cultus
1354 3049 1428 3089 ex
1476 3031 1631 3090 bono
1681 3036 1898 3091 amoris
1945 3039 2005 3091 et
2055 3049 2126 3092 ex
2177 3035 2338 3093 veris

241 3130 391 3191 inde:
459 3135 595 3209 quis
650 3150 766 3190 non
818 3133 1023 3190 videre
1071 3138 1301 3207 potest,
1353 3131 1521 3206 'quod
1582 3131 1860 3191 Minchah
1912 3139 1972 3192 et
2030 3134 2335 3207 Libamen,

240 3246 380 3305 quae
422 3240 598 3291 erant
645 3235 816 3308 panis
864 3239 923 3291 et
973 3234 1202 3302 vinum,
1256 3249 1374 3290 non
1425 3238 1630 3290 essent
1682 3234 1955 3292 Jehovae
2004 3236 2065 3291 in
2113 3232 2339 3291 cultum

240 3340 488 3406 gratum,
542 3334 660 3390 nisi
705 3332 1199 3409 significavissent
1250 3330 1394 3389 talia
1442 3349 1596 3413 quae
1647 3341 1783 3390 sunt
1824 3332 1989 3392 Coeli
2027 3339 2085 3391 et
2120 3332 2335 3391 Eccle-

239 3431 370 3490 siae.
460 3433 556 3490 Ex
602 3432 695 3490 his
749 3450 901 3490 nunc
951 3437 1223 3491 constare
1271 3437 1505 3507 potest,
1560 3431 1696 3507 quid
1746 3431 1993 3489 involvit
2043 3432 2222 3488 Panis
2278 3437 2340 3489 et

238 3527 442 3589 Vinum
488 3534 551 3589 in
602 3530 824 3591 Sancta
866 3532 1097 3605 Coena,
1155 3532 1317 3613 quod
1366 3548 1580 3607 nempe
1629 3531 1809 3588 Panis
1851 3530 2069 3588 bonum
2115 3530 2334 3587 amoris

241 3644 272 3685 a
301 3629 552 3690 Domino
590 3633 651 3689 in
686 3632 1041 3701 Dominum,
1098 3638 1157 3689 et
1206 3631 1426 3690 Vinum
1477 3631 1698 3689 bonum
1742 3631 1880 3689 fidei
1930 3628 2086 3704 quod
2129 3630 2187 3684 in
2225 3643 2336 3684 sua

241 3735 489 3802 essentia
538 3739 631 3789 est
677 3731 935 3791 Verum:
992 3732 1100 3790 sed
1153 3732 1226 3790 de
1270 3731 1491 3790 Sancta
1541 3729 1772 3805 Coena,
1831 3737 1890 3790 et
1938 3730 2010 3787 de
2062 3729 2225 3788 Pane
2276 3732 2336 3786 et
2376 3738 2537 3801 [534]

238 3824 381 3887 Vino
440 3832 553 3905 ibi,
629 3830 902 3891 videatur
940 3835 1000 3891 in
1063 3831 1393 3890 Docvnnm
1448 3829 1659 3888 Novae
1722 3832 2204 3891 Hmnosomms:
2261 3847 2333 3887 n:

243 3929 376 3988 210
416 3932 493 3989 ad
541 3934 701 3990 222.
790 3933 868 3990 Et
916 3934 1054 4010 quia
1109 3931 1327 3989 Vinum
1376 3929 1671 4005 significat
1722 3931 1943 3989 bonum
1993 3930 2134 3989 fidei
2180 3929 2341 4007 quod

239 4025 293 4083 in
330 4045 440 4088 sua
487 4034 749 4090 essentia
785 4038 877 4091 est
924 4050 1158 4105 verum,
1224 4031 1358 4089 ideo
1406 4030 1697 4089 Dominus
1737 4048 1869 4089 cum
1923 4033 2177 4090 instituit
2222 4029 2338 4089 Sa-

240 4137 591 4214 cramentum
631 4130 900 4203 Coenae,
952 4133 1094 4192 dixit
1149 4129 1373 4206 „Dico
1420 4128 1595 4190 vobis
1641 4130 1808 4210 quod
1850 4150 1975 4191 non
2028 4130 2343 4191 bibiturus

241 4224 355 4287 sim
395 4248 437 4289 a
474 4249 635 4293 nunc
669 4249 750 4292 ex
799 4231 911 4294 hoc
950 4231 1267 4312 ymimine
1304 4229 1491 4304 vitis,
1547 4249 1744 4310 usque
1780 4230 1871 4292 ad
1920 4229 2086 4293 diem
2129 4225 2342 4303 illum,
