2791 4778
368 346 479 398 2⁶3
785 332 1274 391 APOCALYPSIS
1317 331 1753 389 ExPquTA.
1833 333 1882 400 ς.
1925 341 2056 393 375.

368 494 512 554 dum
549 492 718 552 Coeli
754 493 830 551 ab
867 494 1089 551 intimis
1140 492 1217 551 ad
1251 492 1489 567 ultima,
1542 509 1654 569 per
1689 498 1874 567 caput
1921 492 2075 551 enim
2129 490 2490 567 significatur

365 596 672 667 intimum,
731 610 842 669 per
874 592 1126 652 barbam
1161 593 1462 661 ultimum,
1513 610 1624 669 per
1651 590 2021 650 descendere
2057 574 2242 667 super
2278 608 2345 650 os
2382 610 2485 650 ve—

370 694 550 753 stium
587 693 955 768 significatur
989 693 1247 751 influxus
1292 699 1352 751 et
1389 693 1725 770 conjunctio
1761 692 1903 750 boni
1946 690 2225 750 coelestis
2264 698 2326 749 et
2352 692 2487 749 boui

369 792 736 871 spiritualis:
791 792 954 869 quod
988 794 1048 850 in
1086 793 1288 852 Verbo
1321 791 1545 852 bonum
1595 798 1655 853 et
1696 809 1906 850 verum
1949 792 2222 851 dicantur
2256 792 2485 865 fratres,

375 893 654 953 videatur
702 911 769 951 n:
832 895 994 952 367.
1052 894 1264 952 3160.
1315 894 1541 951 9806:
1597 892 1756 968 quod
1792 898 1975 967 caput
2019 890 2318 966 significet
2352 893 2485 949 inti-

370 1011 564 1065 mum,
619 1011 688 1051 n:
756 995 971 1052 4938.
1028 995 1243 1052 4939.
1299 994 1511 1052 9656.
1570 994 1780 1051 9913.
1824 993 2048 1049 9914:
2106 991 2269 1066 quod
2304 991 2487 1048 barba

371 1093 681 1166 ultimum,
722 1113 789 1151 n:
837 1096 1058 1153 996οε
1108 1093 1266 1168 quod
1303 1109 1370 1151 os
1408 1096 1664 1152 vestium
1700 1092 1982 1149 influxum
2023 1096 2084 1148 et
2119 1090 2489 1166 conjunctio—

371 1209 509 1253 nem
543 1193 685 1252 boui
722 1193 1002 1253 coelestis
1043 1198 1105 1251 et
1140 1192 1505 1268 spiritualiS,
1561 1194 1646 1250 ita
1680 1191 1820 1250 boni
1856 1198 1916 1250 et
1948 1190 2110 1262 veri,
2162 1208 2231 1248 n:
2280 1193 2486 1248 9913.

381 1295 606 1354 9914:
661 1300 721 1352 et
768 1293 983 1351 dicitur
1023 1291 1300 1366 Aharon,
1368 1295 1508 1368 quia
1548 1309 1659 1368 per
1704 1290 1873 1351 illum
1926 1290 2491 1365 repraesentabatur

372 1393 667 1452 Dominus
714 1392 909 1469 quoad
945 1392 1226 1450 Divinum
1261 1392 1529 1466 Bonum,
1582 1410 1753 1451 omne
1792 1393 1947 1450 enim
1978 1390 2227 1463 bonum,
2269 1399 2331 1449 et
2365 1408 2489 1449 om-

277 1545 283 1550 .
371 1494 462 1551 nis
514 1493 852 1569 conjunctio
899 1492 1036 1549 boni
1093 1502 1152 1550 et
1198 1496 1326 1552 veri
1376 1493 1451 1551 ab
1498 1492 1640 1568 Ipso
1691 1499 1812 1565 est,
1873 1510 1939 1549 n:
1998 1492 2210 1549 9806.
2278 1493 2485 1549 9946.

381 1594 615 1651 10017
640 1614 653 1651 :
707 1610 817 1668 per
852 1610 1042 1651 rorem
1086 1591 1434 1652 Chermonis
1486 1592 1858 1668 significatur
1906 1592 2194 1649 Divinum
2239 1590 2486 1662 Verum,

373 1699 435 1749 et
469 1709 578 1767 per
614 1699 844 1750 montes
880 1693 1084 1751 Zionis
1139 1693 1507 1768 significatur
1553 1693 1837 1750 Divinum
1878 1691 2147 1759 Bonum,
2211 1690 2347 1749 inde
2384 1708 2491 1766 per

375 1793 531 1850 sicut
557 1807 657 1849 ros
687 1790 1036 1850 Chermonis
1074 1794 1173 1866 qui
1211 1792 1520 1851 descendit
1548 1809 1733 1868 super
1768 1797 1998 1850 montes
2038 1790 2264 1864 Zionis‚
2304 1791 2489 1866 sigui-

296 1958 308 1970 ·
374 1890 588 1949 fleatur
629 1891 965 1966 conjunctio
998 1895 1127 1950 veri
1165 1902 1224 1950 et
1258 1893 1451 1965 boni,x
1481 1893 1554 1950 de
1595 1910 1713 1968 qua
1746 1891 1829 1950 ibi
1866 1893 2089 1965 agitur:
2147 1897 2207 1948 et
2243 1892 2387 1966 quia
2422 1906 2496 1948 ex

370 1990 784 2067 conjunctione
824 1991 931 2051 illa
967 1994 1155 2050 omnis
1194 1994 1320 2050 vita
1354 1992 1682 2068 spiritualis
1722 1998 1814 2050 est
1847 1990 2097 2066 Angelis
2137 1998 2198 2048 et
2233 1990 2493 2048 homini-

374 2089 519 2165 bu3‚
575 2092 754 2151 etiam
781 2091 1015 2161 dicitur,
1051 2092 1133 2150 ibi
1163 2095 1477 2168 praecepit
1510 2091 1790 2152 Jehovah
1824 2091 2224 2150 benedictioni
2250 2093 2412 2148 vitae
2438 2093 2497 2148 in

375 2197 716 2269 aeternum3
774 2191 934 2267 quod
972 2209 1071 2251 ros
1120 2192 1413 2267 significet
1456 2193 1740 2254 Divinum
1776 2191 2036 2260 Verum,
2104 2190 2382 2249 videatur
2429 2209 2496 2248 n:

378 2292 590 2351 3579.
656 2293 887 2351 84553
945 2291 1106 2367 quod
1156 2300 1388 2351 montes
1441 2292 1773 2368 significent
1806 2291 2090 2350 Divinum
2127 2290 2383 2363 Bonum,
2442 2297 2503 2350 et

372 2394 534 2452 unde
587 2393 737 2466 hoc,
795 2412 870 2451 n:
931 2394 1354 2460 795.,4210.
1419 2395 1629 2452 6435.
1686 2395 1898 2452 8327.
1963 2392 2174 2450 8758.
2233 2393 2502 2450 10438.

277 2553 292 2568 ὓ
376 2495 651 2553 106083
700 2499 760 2551 et
786 2492 947 2569 quod
975 2492 1128 2551 Zion
1165 2475 1462 2568 significet
1495 2492 1830 2552 Ecclesiam
1864 2493 1968 2549 ubi
2002 2491 2223 2550 bonum
2259 2494 2500 2563 amoris,

369 2610 440 2651 n:
485 2596 697 2653 2362.
742 2595 930 2653 9055
973 2592 1011 2650 f.
1054 2592 1189 2651 inde
1225 2599 1394 2668 patet
1432 2592 1610 2668 quale
1648 2591 1913 2651 Verbum
1952 2599 2044 2650 est
2079 2594 2137 2649 in
2174 2608 2286 2650 suo
2322 2592 2504 2667 spiri-

371 2691 559 2764 tuali,
625 2695 868 2752 tametsi
906 2695 989 2750 ita
1023 2701 1198 2750 sonat
1232 2695 1291 2750 in
1326 2692 1521 2752 litera.
1605 2692 1786 2768 Apud
1831 2690 2210 2751 Ezechielem
2275 2689 2506 2765 „linivi

358 2788 600 2869 foedus
633 2797 834 2852 tecum
862 2798 936 2852 ut
973 2811 1144 2852 esses
1187 2790 1361 2851 Mihi
1373 2837 1392 2867 ,
1436 2799 1495 2852 et
1537 2790 1672 2852 lavi
1710 2798 1769 2852 te
1796 2792 2014 2870 aquic,
2052 2798 2112 2852 et
2139 2787 2320 2852 ablui
2341 2809 2499 2851 aan—

368 2889 601 2968 9uines
643 2897 785 2950 tuos
828 2911 871 2951 a
914 2911 1105 2970 super
1141 2898 1227 2966 te,
1282 2893 1562 2969 unxique
1592 2897 1658 2951 te
1692 2887 1871 2966 oleos
1896 2899 1958 2952 et
1995 2892 2221 2953 vestivi
2249 2897 2309 2952 te
2339 2909 2497 2952 acu-

363 2989 541 3069 picto
561 3034 578 3063 ‚
638 2995 698 3049 et
739 2989 1016 3051 calceavi
1054 2999 1113 3053 te
1152 2999 1306 3052 tax-0
1321 3012 1348 3062 ;
1391 2990 1708 3066 similam,
1753 2990 1877 3052 mel
1914 2998 1979 3053 et
2020 2989 2227 3052 oleum
2254 2988 2501 3052 comed-

373 3090 491 3151 isti
502 3133 521 3163 ,
578 3088 745 3150 unde
775 3087 1055 3170 pulchra
1090 3093 1283 3174 facta
1316 3110 1382 3150 es
1418 3088 1633 3165 valde,
1694 3099 1753 3152 et
1782 3099 2164 3171 prosperata
2198 3109 2267 3151 es
2306 3108 2503 3170 usque

372 3188 463 3250 ad
495 3192 808 3268 reynum“
847 3190 1029 3251 XVI:
1075 3196 1136 3252 8.
1176 3197 1234 3252 9.
1283 3195 1392 3251 10.
1437 3192 1556 3267 13;
1609 3193 1760 3251 haec
1798 3192 1871 3251 de
1906 3192 2347 3269 Hierosolyma,
2390 3208 2499 3267 per

375 3308 554 3366 quam
590 3290 961 3366 significatur
987 3291 1291 3361 Ecclesia,
1327 3309 1513 3367 quare
1544 3292 1780 3368 singula
1814 3292 1965 3351 haec
1996 3292 2333 3368 significant
2367 3293 2499 3367 spi-

375 3391 619 3450 ritualia
665 3408 822 3467 quae
862 3391 1172 3451 Ecclesiae
1231 3399 1402 3467 sunt3
1461 3386 1622 3467 quod
1677 3392 1828 3450 haec
1882 3408 1998 3449 non
2047 3391 2210 3450 dicta.
2257 3394 2377 3450 sint
2427 3389 2498 3447 de

367 3491 803 3551 habitatoribus
852 3491 1345 3567 Hierosolymae,
1399 3509 1615 3568 nempe
1653 3491 1813 3567 quod
1849 3491 2130 3551 Jehovah
2171 3491 2390 3549 laverit
2425 3489 2496 3548 il-

369 3591 461 3652 los
500 3594 701 3669 aquis,
768 3566 1384 3667 ablueritffianguines
1424 3609 1660 3666 eorum,
1726 3593 2042 3651 vestiverit
2077 3592 2390 3667 acupicto,
2442 3594 2496 3646 et

373 3692 734 3752 calceaverit
769 3699 939 3766 taxo,
985 3698 1187 3767 patet,
1240 3691 1349 3750 sed
1385 3709 1496 3767 per
1530 3693 1735 3750 lavare
1772 3692 1945 3766 aquis
1983 3690 2353 3767 significatur
2389 3705 2493 3765 per

372 3806 521 3848 vera
557 3793 881 3851 reformare
919 3799 980 3851 et
1026 3791 1345 3869 purificare
1358 3811 1375 3866 3
1431 3808 1543 3867 per
1591 3792 1842 3850 abluere
1898 3794 2222 3867 sanguines
2274 3788 2492 3864 signifi-

375 3893 547 3948 catur
581 3891 737 3950 falsa
771 3893 914 3951 mali
946 3909 1258 3952 removere
1281 3934 1300 3966 ,
1356 3907 1468 3966 per
1501 3909 1727 3967 ungere
1765 3891 1900 3950 oleo
1935 3890 2306 3967 significatur
2340 3889 2489 3948 bono

374 3988 594 4047 amoris
631 3990 886 4061 donare,
933 4009 1045 4069 per
1079 3994 1304 4051 vestire
1343 3994 1621 4067 acupicto
1674 3997 1735 4050 et
1771 3991 2042 4050 calceare
2084 3996 2223 4049 taxo
2270 3986 2488 4066 signifi-

374 4093 549 4147 catur
611 4090 908 4151 instruere
962 4092 1401 4169 cognitionibus
1453 4094 1582 4151 veri
1638 4098 1698 4151 et
1745 4091 1885 4150 boni
1937 4109 2010 4151 ex
2071 4090 2263 4149 Verbi
2318 4103 2497 4147 sensu

382 4187 595 4248 literae
641 4206 749 4248 seu
814 4190 1054 4266 ultim03
1132 4210 1244 4269 per
1298 4192 1587 4266 similam,
1662 4191 1780 4252 mel
1816 4196 1888 4280 ¹ct
1937 4190 2135 4253 oleum
2190 4188 2498 4251 comedere
