2791 4778
397 373 634 432 CAPUT
666 374 1009 443 emmim.
1827 371 2036 429 vene:
2082 385 2133 435 3.
2292 386 2360 437 33

240 536 456 599 ciebus
496 518 726 606 terrae,
781 533 1191 610 significantur
1229 531 1574 592 affectiones
1614 535 1744 593 veri
1785 540 1846 592 et
1896 533 2038 593 boni
2085 536 2146 593 in
2181 537 2363 613 spiri-

242 637 396 697 tuali
449 642 512 697 et
559 633 821 694 naturali
864 633 1139 705 homine,
1202 632 1477 692 videatur
1523 650 1596 692 n:
1639 634 1811 708 2803
1867 640 1927 692 et
1986 637 2047 694 in
2091 636 2370 696 Artemis

245 735 674 798 Connus-rmus
708 752 776 793 n:
815 737 1028 794 7424.
1074 739 1106 792 7
1126 735 1284 793 523.
1331 737 1555 808 7872;
1595 740 1656 793 et
1680 735 1822 810 quia
1854 734 1994 794 illae
2022 735 2370 796 affectiones

246 837 413 916 apud
445 838 715 899 homines
762 835 989 894 faciunt
1021 833 1353 894 Ecclesiam
1404 833 1567 910 apud
1600 833 1763 908 illos,
1820 834 1956 893 ideo
1991 834 2208 895 dicitur
2255 837 2373 898 feci
2410 834 2571 898 [364]

246 946 501 1008 terram,
547 937 847 995 hominem
895 941 956 994 et
990 935 1246 994 bestiam
1294 951 1456 1011 quae
1491 951 1677 1012 super
1711 934 1978 995 faciebus
2016 942 2244 1012 terrae,
2310 944 2373 998 et

248 1039 327 1097 do
365 1055 500 1097 eam
536 1039 638 1112 qui
671 1041 872 1095 rectus
905 1038 968 1095 in
1005 1034 1194 1094 oculis
1232 1037 1413 1109 meis3
1454 1035 1613 1111 quod
1647 1035 1817 1094 Deus
1855 1053 1974 1094 non
2012 1036 2114 1096 det
2147 1043 2370 1098 terram

251 1137 448 1197 solum
484 1136 606 1197 illis
645 1138 748 1212 qui
781 1138 932 1195 recti
965 1142 1106 1195 sunt
1151 1137 1211 1194 in
1249 1135 1439 1195 oculis
1475 1135 1696 1212 IpsiuS,
1751 1136 1861 1195 sed
1896 1139 2074 1195 etiam
2109 1137 2229 1197 illis
2269 1141 2372 1216 qui

232 1257 371 1297 non
405 1240 556 1298 recti
590 1243 761 1311 sunt,
799 1244 1007 1297 notum
1036 1241 1156 1310 est,
1196 1252 1317 1294 non
1353 1243 1554 1294 autem
1590 1235 1924 1296 Ecclesiam
1961 1239 2076 1297 nisi
2109 1237 2229 1297 illis
2268 1241 2371 1315 qui

249 1343 430 1408 recti3
498 1343 727 1397 rectum
788 1337 1084 1414 signifieat
1144 1353 1353 1395 verum
1406 1344 1469 1396 et
1529 1337 1661 1415 ejus
1722 1336 2111 1397 affectionem.
2191 1338 2376 1415 Apud

253 1441 500 1517 Esajam
539 1433 761 1512 „Coeli
787 1436 955 1496 sicut
981 1437 1216 1518 fumus
1239 1442 1617 1512 evanescent,
1660 1442 1720 1497 et
1751 1435 1953 1498 Terra
1981 1438 2148 1500 sicut
2176 1438 2375 1500 vestis

255 1541 622 1612 veterascet,
668 1541 728 1596 et
753 1535 1139 1597 habitatores
1177 1536 1344 1598 sieut
1367 1537 1471 1598 ita
1496 1537 1887 1600 moriemur“
1932 1539 2046 1599 LI:
2090 1543 2156 1616 63
2200 1538 2373 1601 Coeli

128 1662 135 1667 ·
252 1641 363 1723 qui
401 1644 763 1698 evanescent
816 1643 875 1697 et
909 1643 1071 1696 terra
1120 1655 1274 1714 quae
1311 1641 1468 1697 sicut
1528 1641 1714 1698 vestis
1764 1645 2133 1711 veterascet,
2183 1642 2374 1717 signi-

252 1741 436 1801 ficant
468 1738 832 1811 Ecclesiam,
886 1737 1038 1798 haec
1072 1740 1419 1798 successive
1441 1739 1702 1821 labitur,
1759 1745 1819 1798 et
1853 1741 2091 1802 taudem
2128 1740 2372 1800 desola-

252 1850 377 1915 tur,
417 1857 537 1899 non
572 1844 769 1898 autem
800 1836 1046 1898 Coelum
1077 1839 1442 1916 aspectabile
1479 1848 1539 1899 et
1570 1847 1731 1899 terra
1763 1840 2133 1919 habitabilis:
2188 1858 2374 1918 quare

253 1928 470 2001 dicitur
505 1946 568 2000 et
599 1938 968 1998 habitatores
1017 1941 1173 1998 sicut
1206 1943 1292 1998 ita
1326 1942 1676 2017 morientur,
1733 1943 1879 2000 mori
1913 1943 2205 2019 significat
2241 1943 2372 2020 spi-

254 2041 548 2102 ritualiter
580 2042 752 2099 mori.
824 2039 1030 2100 Simile
1067 2040 1435 2116 significatur
1468 2058 1579 2117 per
1614 2042 1772 2118 quod
1813 2038 2035 2117 „Coeli
2068 2047 2128 2103 et
2169 2041 2374 2103 Terra
2489 2058 2497 2070 ¹

255 2141 617 2205 transibunt
641 2143 678 2172 ‘⁶
759 2141 984 2200 Matth:
1033 2140 1281 2200 XXIV:
1337 2142 1448 2201 35.
1528 2141 1730 2201 Marc:
1778 2142 1967 2202 XIII:
2024 2145 2138 2203 31.
2215 2142 2372 2202 Luc:

255 2243 437 2303 XVI:
483 2247 512 2302 1
534 2248 592 2302 7.
672 2242 742 2301 In
792 2240 1166 2318 Apocalypsi
1218 2272 1261 2316 „·
1283 2240 1582 2318 Quatuor
1619 2239 1859 2323 Amyeli
1902 2248 2146 2304 stantes
2180 2259 2376 2321 super
2457 2322 2462 2327 .

253 2347 530 2423 quatuor
569 2338 835 2423 anyulis
882 2340 1145 2412 Terrae,
1194 2341 1530 2403 retinentes
1570 2347 1841 2421 quatuor
1874 2348 2086 2405 ventos
2118 2340 2372 2418 Terrae,

257 2451 332 2507 ut
365 2462 492 2505 mm
512 2443 714 2522 flaret
741 2448 961 2504 ventus
990 2462 1182 2523 super
1212 2442 1525 2505 Tmaw
1568 2444 1717 2503 VH:
1768 2448 1823 2501 l.
1870 2447 1941 2519 23
1979 2462 2090 2521 per
2117 2448 2375 2520 quatuor

263 2544 515 2621 angulos
564 2551 794 2612 terrae,
847 2551 907 2603 et
952 2562 1064 2621 per
1117 2551 1371 2620 quatuor
1421 2551 1633 2604 ventos
1682 2551 1910 2619 terrae,
1966 2542 2375 2620 significantur

265 2646 467 2703 omnia
498 2660 645 2717 vera
680 2650 740 2702 et
773 2643 930 2702 bona
964 2644 1270 2705 Ecclesiae
1308 2646 1368 2702 in
1406 2645 1755 2722 complexu3
1819 2644 2036 2703 similia
2072 2645 2227 2704 enim
2261 2660 2374 2722 per

262 2745 403 2818 illos
439 2743 844 2820 significantur
891 2761 1044 2820 quae
1092 2763 1201 2822 per
1250 2751 1506 2822 quatuor
1541 2746 1753 2832 plagas
1790 2746 1967 2819 coeli,
2023 2762 2178 2823 quae
2213 2742 2376 2827 quod

259 2844 596 2922 significent
629 2844 763 2916 illa,
821 2844 1094 2906 videatur
1140 2849 1201 2904 in
1248 2845 1451 2923 Opere
1498 2845 1571 2906 de
1611 2845 1812 2906 Coeno
1852 2865 1930 2906 nr
1970 2846 2246 2906 Ine-nano
2297 2843 2375 2905 de

259 2952 518 3022 quatuor
545 2944 749 3022 Plagis
784 2947 845 3004 in
875 2944 1078 3022 Coelo,
1117 2966 1186 3006 n:
1224 2948 1354 3005 141
1395 2946 1473 3004 ad
1512 2950 1540 3005 1
1562 2948 1671 3022 533
1716 2950 1974 3008 retinere
2007 2946 2146 3007 illos
2182 2948 2371 3024 signi-

257 3044 398 3106 ficat
434 3046 592 3122 quod
627 3062 747 3104 non
779 3045 1028 3104 influant
1064 3049 1206 3122 quia
1239 3065 1358 3106 non
1393 3049 1792 3124 recipiuntur,
1837 3065 2022 3126 quare
2058 3047 2275 3107 dicitur
2308 3051 2375 3106 ut

258 3163 379 3206 non
411 3146 585 3205 flaret
619 3152 831 3206 ventus
869 3163 1055 3223 super
1089 3153 1327 3206 terram.
1385 3146 1673 3207 Similiter
1708 3148 1900 3210 Terra
1933 3148 2229 3226 significat
2254 3147 2375 3206 Ec-

257 3247 502 3307 clesiam
531 3246 673 3306 alibi
709 3248 767 3305 in
793 3246 1181 3326 Apocalypsi,
1219 3254 1287 3306 ut
1316 3247 1473 3324 Cap:
1501 3249 1581 3308 X:
1617 3252 1675 3308 2.
1716 3250 1773 3310 5.
1818 3254 1876 3310 6.
1912 3251 1974 3309 8.
2031 3247 2188 3326 Cap:
2224 3246 2370 3307 XII:

267 3349 376 3407 16.
432 3346 588 3425 Cap:
624 3346 798 3408 XIII:
838 3350 944 3408 13.
995 3347 1150 3426 Cap:
1190 3348 1361 3409 XVI:
1405 3354 1466 3410 2.
1515 3352 1623 3408 14.
1683 3349 1837 3428 Cap:
1874 3348 2019 3410 XX:
2056 3353 2116 3409 8.
2161 3351 2221 3407 9.
2261 3350 2371 3407 11.

260 3446 421 3526 Gap:
457 3447 648 3509 XXI:
692 3451 766 3507 1:
835 3456 1079 3532 praeter
1123 3450 1325 3509 multis
1361 3449 1495 3509 aliis
1544 3452 1606 3510 in
1640 3450 1789 3512 locis
1825 3453 1886 3509 in
1919 3448 2160 3520 Verbo,
2218 3461 2375 3523 quae

257 3555 508 3626 propter
533 3535 972 3614 multitudinem
1007 3568 1126 3609 non
1152 3550 1546 3611 adducuntur.
1598 3550 1754 3628 Quia
1780 3550 1973 3610 Terra
1999 3545 2377 3624 significabat

257 3647 629 3725 Ecclesiam,
681 3656 741 3709 et
774 3635 1064 3728 imprimis
1102 3650 1294 3711 Terra
1329 3650 1576 3710 Canaan
1592 3696 1608 3726 ,
1662 3652 1941 3729 quoniam
1973 3648 2059 3707 ibi
2093 3652 2223 3707 erat
2254 3646 2378 3707 Ec·-

263 3745 483 3823 clesia,
539 3757 600 3811 et
646 3752 786 3826 quia
819 3751 1125 3826 Ecclesia,
1191 3769 1346 3828 quae
1379 3751 1499 3826 ibi,
1541 3758 1670 3811 erat
1702 3750 1980 3811 Ecclesia
2011 3764 2374 3827 repraesen-

262 3848 485 3921 tativa,
522 3850 659 3910 ideo
709 3853 911 3911 omnia
960 3868 1115 3929 quae
1150 3852 1235 3911 ibi
1271 3859 1459 3927 erant,
1498 3851 2055 3929 repraesentabant,
2110 3856 2171 3912 et
2219 3866 2375 3927 quae

260 3946 340 4006 ad
372 3945 511 4009 illos
552 3966 592 4008 a
621 3948 878 4012 Domino
940 3952 1099 4012 dicta
1133 3958 1275 4011 sunt
1317 3952 1733 4030 significabant
1766 3952 2103 4031 spiritualia
2135 3967 2247 4011 seu
2280 3952 2375 4008 in·-

257 4050 484 4108 teriora
514 4048 853 4125 Ecclesiae,
903 4057 965 4112 et
998 4052 1110 4112 hoc
1145 4069 1337 4130 usque
1387 4052 1467 4112 ad
1498 4055 1694 4131 ipsam
1732 4053 1982 4113 Terram
2028 4058 2089 4113 et
2134 4051 2211 4111 ad
2246 4052 2379 4128 ejus

253 4147 605 4226 producta:
634 4158 812 4227 prout
858 4152 1009 4213 haec
1059 4154 1222 4230 apud
1260 4152 1475 4214 Mosen
1527 4151 1657 4229 „Si
1694 4153 1974 4215 observes
2023 4154 2376 4233 praecepta,

245 4247 539 4310 Jehovah
579 4248 891 4315 ducem-us
934 4258 994 4313 te
1029 4252 1101 4314 in
1140 4251 1411 4316 Terram
1444 4254 1697 4331 bonam,
1747 4253 1819 4316 in
1850 4251 2118 4315 Terram
2128 4247 2373 4327 fluvio·

354 4366 794 4422 swodenborg.
837 4368 1028 4423 Apocal.
1059 4368 1172 4424 expl.
1207 4369 1271 4410 u.
2026 4354 2063 4409 3
