2791 4778
371 384 593 441 CAPUT
646 382 950 440 SEXTUM.
1751 383 1927 438 VERS
1946 407 1958 438 t
2005 396 2056 445 6.
2214 397 2322 449 291

229 553 492 627 paetom
538 564 663 606 non
704 544 914 607 sciunt
964 539 1173 604 intelli
1172 560 1347 623 ⁸oei-e,
1412 542 1617 604 venite
1664 562 1917 605 sumam
1962 508 2210 620 vinumt
2266 550 2328 606 et

232 646 580 709 inebriemur
630 645 879 706 aim-ff
942 643 1113 703 LVI:
1171 646 1280 702 11.
1337 647 1456 719 123
1512 645 1663 705 haec
1705 644 1865 704 dicta
1905 652 2045 704 sunt
2078 646 2151 705 de
2206 647 2325 706 illis

233 750 320 824 qui
357 747 495 806 nihil
532 753 742 806 curant
782 749 896 804 nisi
931 744 1233 803 mundana
1268 751 1328 804 et
1363 746 1695 819 terrestria,
1751 764 1864 822 per
1892 745 2053 821 quod
2090 746 2323 805 claudi-

230 855 313 906 tur
348 850 610 906 internus
656 846 982 923 spiritualis
1033 846 1210 903 homo
1226 865 1241 919 3
1310 845 1395 903 illi
1447 863 1522 903 ex
1570 862 1685 902 non
1740 848 2130 921 perceptione
2187 845 2327 905 boni

234 955 286 1007 et
330 965 439 1006 non
486 947 795 1007 intellectu
850 948 979 1005 veri
1030 947 1306 1004 dicuntur
1352 961 1532 1003 canes
1588 945 1878 1004 obfirmati
1928 948 2153 1018 anima,
2224 948 2329 1022 qui

230 1066 330 1109 non
384 1051 579 1108 sciunt
644 1049 1012 1119 satietatem,
1081 1046 1194 1104 hoc
1239 1051 1360 1116 est,
1433 1048 1536 1122 qui
1580 1062 1697 1104 non
1747 1052 2004 1121 possunt
2052 1049 2326 1123 recipere

230 1148 455 1223 bonum,
522 1151 677 1208 scire
726 1148 823 1205 hic
877 1146 1173 1222 significat
1218 1161 1435 1221 posse,
1508 1152 1569 1205 et
1619 1148 1867 1204 satietas
1919 1148 2325 1222 receptionem

232 1248 377 1322 boni,
413 1251 665 1308 satietas
706 1250 861 1306 enim
895 1246 1276 1324 praedicatur
1310 1245 1385 1302 de
1425 1246 1555 1305 cibo
1599 1264 1708 1322 per
1737 1263 1913 1322 quem
1958 1247 2327 1322 significatur

230 1352 445 1408 nutritio
496 1348 858 1425 spiritualis3
931 1346 1091 1423 quod
1129 1363 1238 1404 nec
1292 1345 1412 1404 illis
1449 1346 1786 1405 intellectus
1827 1348 1980 1417 veri,
2041 1347 2324 1423 intelligi·

236 1456 318 1507 tur
346 1467 451 1525 per
482 1450 665 1509 iidem
704 1455 982 1524 pastores
1019 1463 1135 1503 non
1172 1449 1378 1505 sciunt.
1401 1447 1766 1523 intelligere,
1802 1453 2080 1523 pastores
2117 1447 2326 1507 dicun-

231 1556 314 1608 tur
353 1553 451 1626 qui
500 1549 756 1609 credunt
806 1565 871 1607 se
917 1563 1105 1624 posse
1154 1550 1453 1605 instruere
1507 1547 1688 1621 alios,
1745 1566 1881 1606 nam
1930 1565 2185 1624 pascere
2236 1553 2331 1607 est

233 1651 531 1724 instmere3
589 1656 653 1709 ct
704 1651 843 1723 quia
880 1648 1035 1707 tales
1086 1655 1288 1705 amant
1341 1647 1495 1706 falsa
1548 1655 1610 1707 et
1644 1647 1986 1723 falsificata,
2041 1648 2176 1707 ideo
2213 1646 2331 1706 ad-

234 1747 393 1822 ditur,
470 1753 674 1809 venite
732 1765 964 1807 sumam
1013 1749 1246 1820 vinum,
1314 1755 1375 1805 et
1425 1748 1786 1808 inebriemur
1846 1750 2056 1808 sicera.
2147 1747 2333 1824 Apud

236 1848 529 1908 Jeremiam
585 1847 749 1924 „Sic
795 1847 976 1908 dimit
1012 1845 1297 1907 Jehovah
1334 1847 1524 1907 Deus
1574 1845 1883 1920 Israelis,
1940 1847 2149 1909 omnis
2186 1853 2329 1908 uter

232 1947 568 2028 implebitur
611 1949 755 2009 vino
771 1995 788 2024 ,
844 1967 974 2008 ecce
1010 1945 1161 2026 Eyo
1200 1945 1472 2026 implens
1511 1967 1721 2010 omnes
1763 1948 2149 2009 habitatores
2199 1955 2327 2008 ter-

234 2068 330 2110 rae
369 2050 584 2131 hujus,
642 2055 702 2110 et
754 2067 934 2129 reyes
983 2046 1266 2108 sedentes
1328 2048 1593 2109 Davidz‘
1647 2067 1838 2127 super
1890 2048 2110 2110 throno
2168 2046 2325 2131 eju-9,

235 2153 286 2209 et
316 2150 662 2212 sacerdotes
696 2154 754 2209 et
786 2148 1135 2228 propheta-3
1148 2169 1175 2220 ;
1244 2167 1455 2208 omnes
1509 2148 1897 2209 habitatores
1937 2145 2326 2228 Hierosoly-

235 2268 358 2310 mae
392 2251 728 2313 ebrietatffl
771 2251 958 2309 XIII:
1009 2254 1113 2308 12.
1164 2251 1246 2307 13
1269 2270 1285 2325 3
1333 2267 1444 2327 per
1486 2252 1686 2306 vinum
1724 2249 1819 2308 hic
1860 2265 2097 2324 quoque
2135 2249 2323 2325 signi-

237 2348 423 2412 ficatur
475 2353 723 2425 falsum,
810 2358 869 2409 et
921 2368 1034 2426 per
1082 2367 1314 2409 omnem
1377 2356 1573 2408 utrem
1635 2351 1733 2426 qui
1789 2348 2133 2426 implebitur
2188 2349 2327 2407 vino

244 2452 575 2525 significatur
616 2470 782 2512 mens
819 2452 1098 2524 hominis,
1140 2452 1415 2528 quoniam
1453 2451 1559 2509 illa
1597 2458 1690 2509 est
1725 2452 2022 2525 recipiens
2060 2450 2189 2507 veri
2224 2452 2331 2507 aut

247 2548 399 2623 salsi,
432 2556 575 2611 sicut
610 2561 743 2611 uter
780 2554 931 2626 vini3
978 2570 1087 2628 per
1120 2568 1297 2627 reges
1335 2552 1617 2610 sedentes
1645 2551 1864 2610 Davidi
1901 2567 2087 2625 super
2116 2549 2330 2609 throno

244 2650 361 2725 ejus
404 2655 801 2730 significantur
850 2654 950 2727 qui
1010 2653 1275 2729 alioquin
1323 2652 1520 2710 forent
1581 2653 1640 2709 in
1692 2652 1929 2710 DIvinis
1976 2652 2166 2725 veris3
2222 2665 2333 2725 per

244 2753 558 2814 sacerdotes
620 2756 815 2829 quiin
863 2752 1096 2811 Divinis
1148 2752 1353 2828 bonis3
1423 2770 1533 2829 per
1579 2752 1909 2828 prophetas
1963 2753 2065 2827 qui
2116 2752 2175 2808 in
2220 2750 2332 2809 do-

239 2853 438 2929 ctrina3
490 2873 606 2931 per
639 2853 1007 2912 habitatores
1046 2852 1508 2928 Hierosolymac
1547 2869 1751 2911 omnes
1791 2854 1890 2928 qui
1928 2851 2002 2909 ab
2039 2851 2333 2925 Ecclesia3

245 2956 297 3009 ct
330 2970 432 3028 per
482 2956 836 3015 ebrietatem
901 2971 1021 3028 qua
1075 2952 1480 3029 implebuntur
1532 2953 1905 3029 significatur
1953 2953 2228 3012 insanitio
2273 2954 2339 3011 in

240 3054 647 3126 spiritualibus,
714 3053 895 3130 Apud
930 3053 1201 3112 Eundem
1253 3051 1543 3127 „Factae
1590 3072 1735 3113 eum
1770 3054 1938 3113 siout
1983 3052 2224 3127 ebrius,
2278 3054 2340 3111 et

239 3148 385 3213 sicut
417 3155 518 3216 vir
554 3173 737 3234 quem
771 3153 1128 3233 penetravit
1162 3154 1380 3214 irinum
1394 3199 1413 3230 ,
1457 3159 1721 3233 propter
1750 3152 2058 3213 Jehovam
2091 3159 2150 3213 et
2176 3170 2336 3232 pro-

237 3255 357 3327 pter
392 3257 643 3316 verbum
694 3253 1064 3315 sanctitatis
1115 3252 1369 3332 Ipsius,
1438 3253 1593 3332 quia
1644 3251 1962 3314 adulteris
1993 3250 2191 3332 plena
2242 3256 2341 3313 est

237 3354 432 3414 Μαί(
480 3354 732 3415 XXIII:
791 3357 849 3412 9.
898 3357 1019 3429 103
1074 3354 1423 3414 lamentatio
1471 3353 1624 3413 haec
1677 3361 1991 3429 estsuper
2027 3352 2335 3411 adultera-

241 3452 435 3513 tionem
467 3456 611 3514 boni
649 3461 709 3512 et
747 3454 1226 3515 falsificationem
1270 3457 1400 3513 veri
1435 3457 1493 3512 in
1529 3453 1833 3527 Ecclesia,
1879 3452 1995 3509 hoc
2032 3452 2337 3526 significa·-

243 3556 323 3609 tur
363 3573 470 3631 per
505 3555 795 3614 adulteris
833 3555 1015 3631 plena
1051 3561 1144 3614 est
1191 3565 1380 3628 terra,
1440 3555 1578 3613 illac
1630 3571 1740 3629 per
1764 3550 2072 3610 *adulteria
2106 3548 2337 3625 signifi-

240 3660 446 3734 cantur,
488 3663 550 3715 et
583 3655 859 3715 Ecclesia
893 3672 1005 3732 per
1053 3661 1274 3714 terram
1287 3677 1303 3728 ;
1357 3656 1638 3713 insanitio
1683 3655 1743 3711 in
1779 3647 2191 3729 spiritualibus
2228 3665 2347 3726 per*

241 3755 697 3814 ratiocinationes
736 3773 806 3815 ex
843 3755 1016 3814 malis
1054 3761 1261 3814 contra
1296 3756 1517 3813 Divina
1553 3754 1745 3822 bona,
1783 3759 1842 3812 et
1879 3768 1952 3809 ex
1988 3749 2157 3809 falsis
2188 3766 2338 3811 con-

242 3855 321 3909 tra
352 3853 562 3915 Divina
609 3873 781 3929 vera,
845 3856 1216 3931 significatur
1258 3872 1368 3930 per
1405 3855 1601 3914 factus
1652 3871 1787 3912 sum
1822 3854 1980 3910 sicut
2017 3851 2236 3925 ebrius,
2280 3854 2342 3911 et

240 3951 376 4009 sicut
410 3957 496 4013 vir
533 3972 709 4031 quem
745 3958 1085 4032 penetravit
1137 3958 1369 4029 vinum,
1426 3960 1677 4030 propter
1719 3953 2052 4024 Jehovam,
2100 3959 2161 4012 et
2194 3970 2342 4030 pro·-

241 4055 357 4122 pter
389 4056 632 4113 verbum
668 4058 1000 4115 sanctitatis
1036 4055 1270 4132 Ipsius3
1303 4079 1306 4082 ·
1335 4054 1465 4113 fieri
1512 4057 1668 4113 sicut
1718 4055 1918 4114 ebrius
1944 4038 2019 4114 ”et
2053 4057 2212 4115 sicut
2246 4056 2340 4117 vir

242 4164 396 4222 quem
442 4159 778 4231 penetravit
824 4159 1061 4230 vinum,
1113 4155 1410 4233 significat
1460 4155 1972 4230 perturbationem
2020 4157 2237 4216 mentis
2287 4158 2350 4214 et

241 4247 623 4315 insanitionem
663 4274 699 4314 a
734 4257 1056 4316 ratiociniis
1095 4275 1167 4314 ex
1223 4255 1393 4313 malis
1437 4262 1495 4314 et
1534 4255 1718 4329 falsis,
1758 4263 2011 4332 propter
2035 4255 2336 4314 Jchovam

1760 4358 1842 4412 19
1887 4351 1925 4388 ³*
