2791 4778
467 367 577 419 392
886 353 1378 423 APOCALYPSIS
1422 355 1855 413 EmecA‘rA.
1934 353 1981 423 ς.
2018 365 2140 418 401.

457 516 676 589 Verbi,
734 518 1089 591 opinaturus
1128 521 1225 573 est
1262 515 1425 590 quod
1460 514 1612 573 haec
1661 514 1807 576 nihil
1843 514 2005 574 aliud
2036 513 2510 589 involvant-,quam

460 633 615 692 quae
663 621 903 675 exstant
950 617 1010 673 in
1055 631 1243 674 sensu
1290 614 1537 689 literae,
1595 615 1706 673 sed
1748 632 1941 692 usque
1985 614 2210 691 singula
2254 614 2515 673 involvunt

455 716 606 775 talia
642 733 796 792 quae
834 723 975 774 sunt
1014 717 1347 793 sapientiae
1385 715 1733 791 Angelicae,
1778 733 1932 791 quae
1960 719 2151 774 omnia
2186 722 2315 772 sunt
2337 715 2515 773 Divina

458 817 750 876 coelestia
785 822 846 874 et
879 815 1216 892 spiritualia
1227 836 1246 891 3
1282 833 1441 875 nova
1469 817 1690 875 creatio
1729 833 1839 874 seu
1873 817 2236 892 regeneratio
2268 816 2517 873 hominum

453 917 802 991 Ecclesiae,
852 934 888 974 a
934 915 1150 992 quibus
1186 917 1494 989 Ecclesia,
1552 934 1664 993 per
1699 916 1804 975 illa
1839 917 2219 989 describitur3
2267 933 2365 990 per
2395 916 2519 974 Coe-

456 1019 548 1077 los
600 1034 750 1094 quos
792 1034 900 1093 per
935 1015 1390 1092 intelligentiam
1443 1034 1617 1075 suam
1664 1016 1832 1089 fecit,
1897 1017 2297 1094 significantur
2331 1018 2519 1074 interna

454 1120 758 1177 hominum
796 1118 1123 1190 Ecclesiae,
1165 1135 1317 1193 quae
1353 1135 1475 1175 una
1508 1134 1659 1175 voce
1688 1118 2021 1195 spiritualis
2050 1118 2224 1175 homo
2258 1123 2510 1188 vocantur,

460 1219 565 1277 ubi
602 1219 997 1293 intelligentia
1030 1217 1281 1292 residet,
1341 1227 1401 1276 et
1444 1217 1543 1275 ubi
1581 1217 1811 1276 coelum
1848 1219 2091 1277 illorum
2128 1224 2248 1292 est3
2298 1235 2386 1293 per
2417 1227 2515 1274 ter-

455 1337 584 1378 ram
622 1337 798 1395 quam
842 1335 1025 1394 super
1062 1321 1232 1394 aquis
1280 1318 1565 1394 expandit
1602 1317 1975 1393 significatur
2015 1325 2316 1377 externum
2353 1315 2522 1375 Eccle-

454 1421 614 1491 siae,
672 1417 830 1493 quod
880 1436 1001 1477 una
1042 1436 1188 1477 voce
1241 1417 1532 1476 naturalis
1592 1417 1767 1477 homo
1818 1428 2102 1491 vocatur,
2183 1419 2273 1478 hic
2319 1416 2527 1493 expandi

454 1536 640 1595 super
676 1519 847 1593 aquis
886 1518 1131 1592 dicitur,
1185 1522 1325 1593 quia
1357 1519 1442 1577 ibi
1477 1527 1617 1577 sunt
1643 1536 1788 1577 vera
1824 1537 1936 1595 per
1976 1538 2133 1595 quae
2170 1523 2524 1596 regeneratur,

458 1636 654 1696 aquae
702 1625 841 1676 sunt
893 1635 1039 1675 vera
1053 1640 1069 1694 3
1135 1636 1246 1694 per
1293 1618 1609 1677 luminaria
1656 1637 1898 1695 magna,
1958 1619 2191 1692 Solem,
2252 1621 2458 1678 Lunam
2487 1623 2531 1673 et

455 1720 700 1792 stellaS,
753 1718 1162 1794 significantur
1203 1719 1424 1778 bonum
1464 1721 1713 1793 amoriS,
1766 1737 1977 1778 verum
2028 1739 2104 1780 ex
2140 1720 2241 1780 illo
2274 1720 2443 1786 bono,
2486 1724 2531 1774 et

456 1820 826 1895 cognitiones
862 1818 1003 1877 boni
1038 1826 1099 1877 et
1132 1822 1291 1891 veri,
1347 1838 1459 1896 per
1497 1818 1964 1900 Solembonum
2004 1824 2253 1894 amor-ie,
2306 1838 2404 1896 per
2431 1818 2529 1876 Lu-

453 1937 591 1978 nam
644 1936 855 1977 verum
903 1936 980 1977 ex
1028 1918 1129 1978 illo
1171 1921 1358 1994 bone,
1418 1927 1479 1979 ct
1522 1938 1632 1996 per
1680 1920 1888 1979 stellas
1927 1924 2297 1998 cognitiones
2328 1920 2450 1978 boni
2489 1923 2535 1975 et

453 2023 617 2095 veri3
674 2019 834 2095 quod
875 2019 980 2079 Sol
1032 2021 1265 2079 dicatur
1312 2021 1512 2079 factus
1559 2022 1620 2078 in
1669 2021 1989 2079 dominium
2029 2026 2091 2080 in
2129 2023 2254 2096 die,
2290 2028 2393 2079 est
2424 2021 2536 2094 quia

456 2121 586 2181 dies
624 2120 921 2198 significat
953 2121 1148 2181 lucem
1186 2120 1517 2198 spiritualis
1553 2120 1840 2192 hominis,
1893 2125 1949 2181 ei
1989 2127 2149 2181 enim
2185 2129 2278 2182 est
2308 2121 2533 2180 illustra-

455 2225 540 2283 tio
581 2230 643 2281 et
681 2224 993 2300 perceptio
1031 2240 1107 2281 ex
1141 2221 1298 2281 bono
1337 2224 1587 2297 amoris3
1645 2228 1706 2281 et
1746 2223 1904 2297 quod
1940 2224 2179 2283 dicatur
2215 2223 2363 2299 quod
2400 2222 2540 2279 Luna

461 2330 525 2384 et
571 2324 786 2384 stellae
842 2325 960 2382 sint
1019 2322 1215 2382 factae
1263 2325 1321 2380 in
1371 2322 1693 2382 dominium
1746 2324 1807 2380 in
1858 2330 2068 2400 nocte,
2137 2330 2229 2383 est
2273 2325 2401 2400 quia
2447 2336 2541 2377 nox

463 2426 760 2502 significat
795 2425 993 2483 lucem
1028 2425 1321 2483 naturalis
1361 2424 1647 2499 hominis,
1703 2424 1881 2500 hujus
1933 2429 2094 2484 enim
2142 2425 2244 2483 lux
2279 2425 2348 2483 ad
2377 2423 2543 2481 lucem

459 2527 792 2603 spiritualis
827 2527 1079 2584 hominis
1122 2533 1215 2585 est
1249 2527 1659 2602 comparative
1695 2528 1850 2584 sicut
1881 2526 1987 2584 lux
2022 2528 2220 2586 noctis
2261 2543 2296 2582 a
2328 2525 2456 2583 luna
2495 2526 2542 2578 et

461 2626 655 2686 stellis
697 2627 774 2686 ad
818 2626 1016 2685 lucem
1068 2625 1186 2684 diei
1238 2643 1275 2683 a
1325 2625 1488 2701 sole3
1559 2628 1699 2701 quia
1758 2628 1954 2701 agitur
2005 2626 2081 2684 de
2134 2625 2544 2703 regeneratione

463 2726 766 2786 hominum
803 2727 1147 2797 Ecclesiae,
1185 2727 1319 2785 ideo
1359 2727 1541 2784 etiam
1578 2730 1869 2801 sequitur,
1909 2730 2216 2803 percussit
2243 2727 2545 2800 Aegyptum

465 2829 525 2885 in
567 2829 978 2903 primogenitis
1039 2846 1272 2901 eorum,
1333 2834 1391 2886 et
1444 2826 1649 2885 eduxit.
1693 2826 1982 2885 Israelem
2025 2846 2056 2884 e
2097 2828 2292 2885 medio
2326 2825 2543 2892 illorum,

462 2943 579 3002 per
623 2927 968 3002 Aegyptum
1018 2930 1175 2985 enim
1219 2927 1590 3004 significatur
1637 2928 1928 2985 naturalis
1966 2927 2148 2986 homo
2195 2927 2383 3003 qualis
2417 2930 2548 2981 esta

466 3026 811 3097 nativitate,
867 3026 1024 3100 quod
1062 3045 1277 3103 nempe
1311 3031 1373 3085 in
1416 3030 1594 3086 meris
1630 3028 1799 3086 falsis
1837 3046 1910 3086 ex
1946 3028 2144 3102 ma10,·
2191 3024 2546 3105 primogenita

467 3127 598 3202 ejus
634 3130 774 3183 sunt
809 3143 964 3200 quae
998 3129 1311 3203 primaria,
1354 3128 1680 3188 destructio
1716 3127 1926 3186 horum
1947 3173 1964 3202 ,
2018 3128 2158 3186 dum
2196 3131 2545 3205 regeneratur

459 3227 670 3300 homo,
724 3225 1073 3301 intelligitur
1123 3245 1233 3304 per
1280 3228 1440 3304 quod
1492 3231 1792 3305 percussit
1844 3228 2189 3304 Aegyptum
2245 3232 2309 3287 in
2355 3227 2544 3302 primo·

464 3328 680 3405 genitis
719 3343 950 3403 eorum3
1005 3345 1115 3404 per
1152 3327 1444 3386 Israelem
1487 3330 1853 3404 significatur
1890 3329 2224 3406 spiritualis
2259 3330 2451 3400 hom03
2500 3328 2547 3379 et

464 3445 576 3506 per
616 3427 870 3488 educere
914 3446 1050 3487 eum
1097 3446 1130 3487 e
1167 3428 1361 3486 medio
1412 3446 1647 3501 eorum,
1713 3428 2080 3504 significatur
2119 3432 2355 3506 aperire
2387 3426 2541 3491 illum,

465 3537 526 3589 et
566 3532 653 3589 sic
688 3547 1077 3607 regenerare3
1115 3528 1291 3587 homo
1321 3531 1477 3588 enim
1504 3529 1812 3588 Ecclesiae
1849 3536 2240 3605 regeneratur
2264 3546 2301 3586 a
2325 3526 2546 3586 Domino

462 3647 575 3706 per
608 3630 1062 3706 dissipationem
1102 3629 1391 3687 falsorum
1429 3647 1501 3687 ex
1538 3629 1709 3688 malis
1750 3646 1902 3705 quae
1940 3633 2002 3689 in
2030 3629 2289 3689 naturali
2322 3626 2543 3691 homine,

463 3737 527 3789 et
560 3747 671 3806 per
704 3733 1095 3806 aperitionem
1132 3729 1460 3805 spiritualis
1496 3728 1767 3804 hominis,
1809 3730 1968 3805 quod
2003 3730 2068 3788 fit
2106 3748 2142 3788 a
2176 3730 2429 3789 Domino
2458 3736 2546 3799 per

461 3829 654 3888 lucem
691 3830 1095 3906 spiritualem,
1137 3847 1290 3905 quae
1334 3836 1427 3888 est
1462 3829 1741 3888 Divinum
1774 3829 2020 3890 Verum.
2079 3829 2307 3889 Similia
2341 3821 2542 3903 signifi-

464 3942 674 3988 cantur
725 3948 837 4005 per
877 3930 1026 3989 haec
1078 3933 1138 3989 in
1194 3929 1418 3988 Genesi
1482 3927 1710 4002 „Fecit
1761 3928 1953 3990 Deus
2006 3929 2132 3990 duo
2185 3920 2547 3989 Lamiam-ia

462 4046 726 4101 magna,
769 4027 1125 4088 Luminame
1165 4046 1473 4103 maynum
1513 4029 1603 4089 ad
1646 4027 2108 4091 dominandum
2148 4028 2279 4101 die,
2333 4031 2391 4086 et
2424 4022 2543 4084 Lu-

463 4122 708 4179 minare
752 4124 965 4183 minus
1009 4124 1100 4182 ad
1137 4123 1597 4186 dominandum
1634 4136 1837 4198 nocte,
1891 4137 1953 4190 et
1995 4127 2263 4191 stellas“
2316 4128 2376 4187 1:
2443 4122 2544 4192 165

467 4217 660 4287 agitur
704 4221 859 4275 enim
896 4223 954 4275 in
993 4238 1063 4278 eo
1102 4220 1312 4294 Capite
1350 4224 1422 4281 dc
1460 4243 1617 4283 nova
1652 4230 1951 4288 creatione
1989 4247 2099 4289 seu
2125 4226 2548 4307 regeneratione
