2791 4778
361 382 583 440 CAPUT
617 381 933 438 SEXTUM.
1567 380 1777 444 VERS:
1824 390 1913 443 10.
1957 390 2046 443 11.
2204 390 2311 442 361

233 543 424 620 probro
455 543 722 603 asficiunt
734 564 751 620 3
808 541 968 620 quod
1005 544 1089 600 ita
1135 545 1214 601 sit
1258 558 1449 618 saepe
1485 543 1731 600 miratus
1765 558 1927 616 sum,
1984 545 2044 600 et
2079 557 2314 617 quoque

231 660 407 703 omnes
452 646 552 719 qui
604 662 725 703 non
771 644 832 702 id
873 646 1072 702 sciunt
1108 644 1380 701 miraturi
1422 653 1591 719 sunt3
1646 644 1923 718 quoniam
1958 641 2135 700 iidem
2174 657 2314 701 sus-

229 747 501 803 tinuerunt
563 748 623 803 in
667 744 887 804 mundo
937 744 1420 821 praedicationes
1458 743 1532 801 de
1570 743 1829 803 Domino
1868 752 1929 801 et
1967 758 2205 818 quoque
2244 743 2318 801 de

230 843 520 914 charitate,
577 854 637 904 et
688 862 927 927 quoque
982 843 1389 904 doctrinaliter
1435 844 1507 903 de
1557 844 1676 903 illis
1725 847 1840 921 ipsi
1886 844 2117 919 loquuti
2159 850 2316 915 sunt,

230 953 278 1003 at
299 963 486 1021 ‚usque
526 946 666 1004 dum
712 935 959 1022 spii-itus
1006 946 1182 1020 fiunt,
1249 962 1367 1003 non
1407 947 1730 1003 sustinent:
1812 944 1922 1004 sed
1973 960 2157 1002 causa
2205 951 2315 1013 est,

230 1048 345 1123 quia
375 1046 486 1105 hoc
525 1049 765 1105 insitum
804 1054 898 1105 est
939 1047 1096 1105 malo
1134 1064 1340 1105 eorum
1387 1049 1448 1104 in
1487 1064 1604 1122 quo
1647 1053 1815 1121 sunt,
1862 1048 1924 1104 in
1959 1044 2116 1103 malo
2162 1046 2317 1104 enim

230 1163 407 1206 eorum
444 1154 543 1205 est
581 1149 901 1220 inimicitia,
941 1149 1058 1206 imo
1097 1146 1294 1207 odium
1341 1153 1549 1206 contra
1583 1146 1934 1215 Dominum,
1989 1154 2048 1205 et
2084 1163 2319 1222 quoque
2362 1144 2520 1206 [583]

230 1254 405 1304 contra
445 1246 588 1307 illos
631 1250 731 1323 qui
768 1248 1063 1307 ducuntur
1099 1265 1136 1305 a
1172 1247 1460 1318 Domin0,
1510 1247 1607 1322 qui
1644 1255 1783 1305 sunt
1818 1247 1921 1322 qui
1955 1247 2016 1303 in
2052 1246 2319 1305 charita-

227 1349 288 1404 tis
319 1350 435 1405 vita
473 1356 616 1406 sunt
630 1367 648 1423 ;
687 1349 795 1406 sed
830 1350 1137 1407 inimicitia
1171 1347 1277 1406 illa
1316 1355 1376 1405 et
1413 1347 1610 1406 odium
1641 1347 1791 1405 illud
1826 1347 1973 1405 latet
2009 1349 2065 1404 in
2104 1349 2320 1422 spiritu

227 1464 436 1516 corum,
497 1456 865 1524 quapropter
901 1452 960 1507 in
995 1448 1112 1507 illis
1150 1456 1289 1507 sunt
1336 1447 1573 1523 quando
1609 1448 1756 1506 fiunt
1793 1449 2070 1524 spiritus,
2124 1447 2325 1524 prodit

225 1556 342 1606 tunc
377 1548 715 1625 antipathia
749 1549 853 1607 illa
889 1567 997 1608 seu
1036 1551 1337 1626 oppositio
1368 1550 1546 1606 insita
1570 1548 1747 1607 malo,
1805 1547 1937 1608 Sint
1974 1565 2083 1624 pro
2114 1565 2321 1606 exem-

225 1648 309 1723 plo
341 1649 458 1717 illi,
516 1648 679 1725 apud
720 1667 869 1724 quos
917 1667 1085 1707 amor
1129 1649 1419 1724 regnandi
1469 1649 1955 1725 praedominaius
2003 1656 2120 1720 est,
2184 1648 2320 1707 illo-

225 1766 337 1806 rum
361 1750 697 1825 jucundum
736 1756 827 1809 est
862 1750 1151 1808 dominari
1187 1767 1371 1825 super
1423 1750 1603 1824 alioS,
1660 1758 1720 1808 et
1753 1752 1804 1809 si
1840 1757 2107 1826 possunt,
2142 1765 2326 1824 super

225 1867 443 1922 omnes;
503 1851 618 1909 hoc
662 1851 992 1926 jucundum
1048 1852 1203 1909 inest
1252 1849 1368 1909 illis
1418 1860 1556 1927 post
1602 1860 1880 1924 mortem,
1952 1867 2064 1908 nee
2117 1857 2322 1925 potest

225 1950 459 2018 auferri,
516 1954 790 2025 quoniam
828 1968 1000 2009 omne
1032 1951 1362 2027 jucundum
1413 1957 1505 2009 est
1540 1954 1788 2023 amoriS,
1846 1960 1906 2009 et
1942 1968 2106 2008 amor
2141 1968 2322 2026 prae-

224 2049 516 2109 dominans
558 2052 701 2109 facit
742 2055 922 2109 vitam
973 2053 1270 2128 cujusvis,
1335 2059 1397 2110 et
1442 2051 1592 2109 haec
1636 2054 1760 2112 vita
1794 2059 1995 2108 manet
2029 2053 2091 2108 in
2126 2058 2327 2110 aeter-

224 2168 376 2225 num3
430 2151 527 2222 hi,
583 2152 817 2226 quando
853 2152 1002 2212 fiunt
1036 2154 1313 2228 spirituS‚
1374 2169 1507 2209 cum
1546 2169 1620 2219 ex
1666 2150 1933 2226 jucundo
1972 2153 2191 2208 amoris
2228 2154 2325 2208 sui

225 2250 492 2310 affectant
527 2253 804 2311 continue
857 2253 1178 2312 dominium
1214 2269 1399 2328 super
1443 2250 1624 2324 alios,
1679 2251 1833 2307 sicut
1867 2252 1928 2306 in
1962 2249 2211 2319 mundo,
2265 2257 2327 2308 et

226 2368 333 2410 non
366 2366 649 2428 possunt,
707 2355 1046 2413 irascuntur
1099 2353 1393 2426 Domine,
1452 2357 1512 2410 et
1561 2353 1700 2427 quia
1746 2350 1955 2427 Ipsum
2007 2365 2125 2408 non
2172 2366 2323 2427 pos-

233 2459 363 2509 sunt
394 2453 600 2512 damno
639 2454 910 2528 afficere,
975 2456 1316 2512 irascuntur
1351 2452 1470 2511 illis
1522 2455 1625 2528 qui
1661 2452 1983 2510 Dominum
2032 2450 2323 2526 profiten-

232 2558 348 2626 tur3
386 2553 712 2629 jucundum
763 2557 918 2613 enim
982 2556 1201 2614 amoris
1258 2571 1463 2613 eorum
1513 2561 1606 2611 est
1667 2554 2005 2629 oppositum
2059 2550 2326 2628 jucundo

226 2657 428 2712 amoris
464 2655 773 2730 coelestis,
828 2656 943 2715 hoc
972 2654 1305 2734 jucundum
1349 2660 1443 2712 est
1484 2660 1550 2711 ut
1582 2652 1876 2711 Dominus
1913 2659 2142 2727 regnet,
2181 2649 2330 2708 illud

226 2764 407 2813 autem
447 2757 783 2834 jucundum
828 2764 918 2815 est
967 2765 1031 2814 ut
1078 2757 1193 2830 ipsi
1248 2760 1527 2830 regnent,
1586 2771 1739 2828 quae
1790 2769 1975 2812 causa
2023 2760 2117 2821 est
2166 2750 2328 2826 quod

223 2855 347 2915 huic
375 2857 640 2932 jucundo
677 2860 918 2915 insitum
973 2859 1052 2915 sit
1100 2856 1297 2915 odium
1354 2863 1559 2913 contra
1605 2854 1956 2927 Dominum,
2014 2861 2073 2911 et
2120 2860 2329 2911 contra

227 2973 414 3013 omnes
458 2960 562 3038 qui
598 2957 673 3016 ab
719 2957 862 3035 Ipso
912 2958 1237 3029 ducuntur,
1291 2958 1395 3032 qui
1442 2962 1583 3013 sunt
1625 2955 1727 3029 qui
1767 2957 1825 3012 in
1863 2953 2167 3012 charitatis
2204 2956 2330 3012 vita

225 3063 366 3114 sunt.
441 3060 530 3116 Ex
573 3058 667 3116 his
712 3059 897 3116 videri
947 3064 1147 3134 potest
1193 3073 1415 3129 causa,
1472 3073 1577 3113 cur
1622 3055 1708 3112 illi
1748 3057 1847 3130 qui
1886 3056 2146 3131 professi
2189 3061 2329 3112 sunt

225 3154 531 3217 Dominum
570 3165 632 3216 et
670 3158 974 3218 charitatis
1010 3160 1194 3214 vitam
1237 3165 1516 3232 egerunt,
1588 3174 1624 3212 a
1658 3155 1915 3213 Domino
1954 3159 2174 3213 exemti
2210 3157 2329 3212 sint

227 3257 421 3316 talium
455 3259 807 3333 violentiae,
848 3276 919 3319 ac
955 3259 1245 3318 reconditi
1274 3259 1334 3314 in
1370 3263 1534 3314 terra
1570 3256 1661 3314 inf
1729 3258 1884 3324 ‘ore‚
1923 3263 1982 3313 et
2009 3255 2091 3313 ibi
2125 3272 2326 3314 reser-

223 3361 340 3416 vati
372 3377 564 3437 usque
616 3359 690 3417 ad
728 3360 1034 3419 Judicium
1047 3378 1064 3433 3
1120 3365 1258 3435 post
1305 3355 1610 3418 ,Iudicium
1652 3272 1848 3415 ἔθευ]
1892 3354 1978 3412 illi
2016 3356 2117 3429 qui
2152 3353 2327 3411 habi-

226 3464 492 3518 taverunt
548 3477 733 3536 supra
780 3473 1030 3533 terram,
1098 3476 1282 3535 super
1329 3457 1661 3525 montibus,
1725 3453 1975 3513 collibus
2027 3461 2087 3510 et
2140 3454 2328 3528 petris

227 3555 324 3629 ibi,
362 3564 460 3635 qui
505 3561 772 3634 suerunt,
815 3568 881 3619 ut
916 3577 1103 3636 supra
1138 3559 1392 3627 dictum,
1442 3558 1689 3614 interius
1731 3552 1902 3624 mali,
1961 3551 2138 3627 eJecti
2172 3555 2327 3621 sunt,

229 3664 283 3713 et
312 3659 395 3720 illi
429 3663 534 3737 qui
571 3661 858 3720 reconditi
895 3660 1007 3719 sub
1045 3668 1209 3718 terra
1246 3675 1358 3717 seu
1394 3657 1505 3715 sub
1544 3654 1757 3723 Coelo,
1793 3650 2030 3724 elevati,
2071 3667 2141 3709 ae
2175 3649 2326 3708 hae-

229 3758 527 3821 reditatem
571 3762 766 3820 sortiti
812 3763 875 3819 in
922 3761 1071 3820 locis
1121 3759 1277 3819 unde
1335 3760 1566 3834 priores
1616 3753 1795 3831 ejecti
1850 3757 2007 3809 sunt.
2096 3750 2183 3808 Ex
2236 3748 2329 3807 his

230 3874 368 3920 nunc
412 3863 651 3939 plenius
689 3861 1113 3937 comprehendi
1162 3865 1395 3936 potest,
1449 3855 1591 3933 quid
1638 3853 1990 3928 intelligitur
2036 3868 2147 3927 per
2179 3850 2332 3909 haec

227 3958 280 4014 in
311 3959 507 4020 Versu
545 3964 854 4038 sequenti,
904 3961 1063 4037 quod
1098 3960 1320 4018 dictum
1359 3960 1440 4016 sit
1476 3959 1594 4031 eia,
1634 3962 1699 4013 ut
1732 3954 2184 4029 requiescerent
2219 3950 2329 4009 ad-

227 4055 333 4118 huc
368 4068 606 4139 tempus
642 4079 927 4138 parvum,
981 4078 1173 4136 usque
1209 4060 1351 4117 dum
1390 4055 1782 4132 complentur.

353 4163 514 4222 395.
545 4164 622 4221 Et
649 4162 826 4221 datae
846 4161 1098 4237 singulis
1124 4159 1317 4219 stolae
1339 4158 1535 4231 albae,
1559 4156 1719 4232 quod
1744 4154 2036 4232 significet
2050 4153 2336 4213 Divinum

229 4253 438 4320 Verum
479 4282 512 4319 a
549 4262 804 4322 Domino
844 4262 1004 4337 apud
1040 4260 1206 4335 illos,
1253 4267 1313 4317 et
1352 4259 1726 4328 tutationem,
1770 4262 2001 4315 constat
2040 4274 2111 4313 ex
2149 4255 2333 4330 signi-
