2791 4778
371 386 597 441 CAPUT
638 384 951 449 ssx'rmu.
1197 456 1203 460 ,
1564 380 1569 383 ·
1644 384 1858 442 mas:
1914 394 1968 445 3.
2204 397 2311 450 3-21

236 544 652 624 imminuetque
693 563 821 620 vos,
877 550 947 605 ut
979 551 1308 607 vastentur·
1334 544 1475 605 viae
1508 548 1797 606 vestrae“
1835 545 2027 606 Levit:
2066 542 2315 609 XXVI:

238 649 289 706 3.
324 650 376 706 6.
410 648 514 705 14.
561 650 684 723 223
741 646 1095 705 describitur
1132 646 1232 705 hic
1269 652 1463 705 status
1497 647 1658 704 vitae
1697 664 1901 706 eorum
1936 650 2036 724 qui
2074 651 2134 706 in
2173 649 2321 709 cha-

233 749 386 806 ritate
423 753 479 806 et
514 750 616 823 qui
661 764 781 807 non
827 749 887 804 in
925 747 1217 806 charitate
1228 767 1246 822 3
1299 750 1428 804 vita
1480 736 1786 806 charitatis
1825 748 2174 825 intelligitur
2209 769 2323 827 per

233 847 509 906 ambulare
550 851 609 906 in
646 849 916 922 statuti8‚
973 847 1297 907 observare
1332 854 1663 925 praecepta
1700 855 1762 907 et
1796 849 1994 908 facere
2029 849 2165 925 illa,
2204 851 2321 911 hoe

233 951 364 1006 enim
401 955 491 1007 est
529 949 818 1023 eharitas3
876 954 1069 1008 status
1104 952 1265 1008 vitae
1304 966 1509 1008 eorum
1547 948 1902 1009 describitur
1940 967 2050 1027 per
2084 968 2317 1028 pacem,

231 1067 322 1125 per
369 1050 523 1126 quod
576 1066 788 1108 secure
843 1049 1064 1108 cubent
1112 1057 1170 1107 et
1216 1066 1335 1107 non
1385 1050 1918 1126 perterrefacienS,
1996 1069 2106 1128 per
2159 1070 2315 1128 quae
2357 1049 2519 1111 [557]

231 1150 570 1225 significatur
616 1150 860 1208 beatum
920 1150 1119 1209 cordis
1176 1158 1237 1208 et
1290 1152 1525 1208 animae
1574 1149 1887 1209 oriundum
1940 1169 2016 1210 ex
2064 1153 2316 1229 conjun-

235 1252 406 1310 ctione
452 1251 594 1309 boni
643 1256 706 1309 et
750 1252 906 1323 veri,
961 1251 1118 1309 unde
1163 1269 1280 1309 non
1322 1267 1527 1327 pugna
1575 1251 1718 1308 mali
1769 1256 1828 1308 et
1881 1252 2018 1311 falsi
2062 1254 2322 1331 amplius

233 1357 413 1409 contra
444 1352 548 1410 illa
562 1372 578 1427 3
636 1359 759 1408 tum
798 1351 1151 1410 describitur
1185 1369 1296 1429 per
1339 1368 1580 1410 cessare
1622 1351 1837 1409 faciam
1880 1353 2066 1411 feram
2101 1355 2325 1412 malam

135 1476 138 1480 ⁴
234 1469 260 1510 e
296 1460 472 1522 terra,
527 1459 589 1511 et
625 1451 860 1529 gladius
897 1470 1014 1510 non
1051 1453 1324 1511 transibit
1361 1470 1472 1528 per
1508 1451 1696 1522 illam,
1743 1470 1854 1529 per
1890 1471 2044 1530 quae
2088 1455 2319 1531 signifi-

231 1559 376 1611 catur
410 1553 570 1630 quod
605 1571 723 1612 non
762 1552 1019 1629 amplius
1071 1552 1433 1630 cupiditates
1482 1558 1542 1611 et
1588 1552 1883 1612 falsitates
1921 1538 2206 1614 oriundae
2245 1572 2323 1614 ex

234 1671 408 1714 amore
460 1656 556 1713 sui
612 1659 673 1712 et
725 1653 957 1726 mundi,
1026 1655 1155 1712 fera
1209 1653 1368 1712 mala
1412 1653 1706 1729 significat
1750 1654 2131 1730 cupiditates¹
2168 1671 2324 1730 quae

231 1753 520 1813 destruunt
575 1754 920 1813 affectiones
986 1755 1210 1826 bonaS‚
1265 1761 1326 1812 et
1383 1755 1621 1830 gladius
1682 1754 1977 1831 significat
2027 1754 2325 1814 falsitates

234 1872 367 1930 quae
407 1857 727 1914 destruunt
763 1857 1082 1914 veritates:
1138 1854 1299 1931 quod
1335 1857 1665 1913 contrarius
1703 1862 1894 1915 status
1934 1858 2012 1915 sit
2057 1856 2178 1915 illis
2222 1859 2326 1939 qui

232 1973 330 2015 non
362 1958 416 2014 in
451 1956 746 2015 charitate
784 1961 947 2029 sunt,
988 1955 1344 2015 describitur
1380 1973 1491 2032 per
1518 1957 1571 2014 si
1608 1973 1724 2015 non
1766 1956 2151 2015 obediveritis
2178 1957 2327 2017 Mihi

231 2062 281 2113 et
313 2058 580 2117 feceritis
603 2058 798 2114 omnia
837 2063 1167 2133 praecepta
1202 2073 1366 2131 mea,
1438 2057 1666 2114 mittam
1700 2058 1758 2115 in
1798 2073 1904 2114 vos
1946 2057 2129 2116 feram
2172 2058 2322 2132 agri,

234 2173 366 2232 quae
401 2158 634 2216 orbabit
673 2173 809 2226 voS‚
863 2163 924 2214 et
975 2157 1283 2217 exscindet
1327 2157 1581 2216 bestiam
1632 2163 1922 2231 vestram,
1978 2158 2321 2215 imminuet-

235 2275 334 2331 que
385 2275 518 2329 VOS,
576 2268 643 2316 ut
691 2264 1006 2317 vastentur
1058 2261 1194 2318 viae
1250 2264 1518 2330 vestrae,
1584 2260 1695 2333 per
1745 2274 1900 2332 quae
1953 2255 2326 2331 significatur

237 2359 377 2432 quod
412 2377 513 2436 per
550 2359 912 2436 cupiditates
951 2366 1011 2417 et
1048 2359 1183 2419 inde
1220 2359 1515 2418 falsitates
1553 2357 1939 2434 depriventur
1975 2358 2135 2416 omni
2167 2355 2325 2416 bono

242 2464 298 2514 et
327 2476 486 2529 vero,
532 2461 896 2537 cupiditates
927 2468 986 2518 et
1013 2461 1149 2519 inde
1177 2461 1475 2519 falsitates
1516 2477 1670 2534 quae
1714 2458 2135 2535 deprivaturae
2164 2465 2323 2530 sunt3

244 2557 627 2635 significantur
663 2579 771 2638 per
805 2562 991 2619 feram
1022 2564 1149 2637 agri
1177 2578 1334 2638 quae
1355 2559 1598 2626 ‘orbabit
1630 2576 1772 2630 vos,
1829 2558 2175 2618 affectiones
2209 2558 2322 2617 bo·-

115 2649 121 2703 ’-
234 2676 337 2717 nae
377 2661 587 2737 quibus
626 2661 1095 2738 deprivabuntur
1130 2661 1544 2738 significantur
1578 2679 1688 2736 per
1733 2659 1985 2718 bestiam
2025 2676 2187 2735 quae
2213 2676 2322 2719 ex-

235 2761 542 2837 scindetur,
628 2771 687 2822 et
738 2764 872 2839 ipsa
924 2779 1070 2820 vera
1120 2763 1287 2837 iude,
1369 2778 1481 2837 per
1535 2761 1694 2837 quod
1745 2760 2144 2819 vastabuntur
2191 2762 2327 2820 viae

239 2878 438 2935 eorum,
479 2866 617 2923 viae
656 2873 792 2922 sunt
820 2880 963 2923 vera
990 2880 1143 2939 quae
1172 2862 1399 2922 ducunt
1429 2862 1506 2919 ad
1532 2861 1773 2920 bonum.
1825 2860 2006 2937 Apud
2031 2861 2325 2922 Ezechie-

234 2960 336 3021 lem
386 2960 616 3038 „Tunc
661 2963 958 3024 excidam
1012 2962 1102 3023 iis
1130 2962 1371 3042 foedus
1406 2961 1625 3042 pacis,
1694 2968 1754 3023 et
1790 2979 2037 3046 cessare
2071 2961 2331 3041 faciam

123 3101 124 3104 =
224 3060 416 3139 seram
464 3062 712 3124 malam
751 3084 783 3123 e
833 3071 1035 3137 terra,
1091 3071 1164 3124 ut
1202 3049 1481 3124 habite-nt
1528 3062 1595 3123 in
1643 3061 1888 3123 deserto
1929 3061 2325 3142 confidenter,

232 3167 281 3220 et
314 3162 635 3226 dormiant
685 3165 753 3225 in
798 3163 1043 3246 sylvi&
1111 3183 1237 3225 non
1281 3168 1468 3224 erunt
1508 3161 1792 3242 amplius
1814 3162 2067 3242 praeda
2116 3161 2326 3242 yenti-

233 3262 359 3335 bue,
406 3271 466 3325 et
488 3266 646 3347 fera
678 3266 830 3345 ayri
867 3285 991 3326 non
1025 3265 1348 3326 devorabit
1387 3260 1569 3339 illos,
1626 3263 1739 3323 sed
1778 3262 2150 3325 habitabunt
2183 3280 2331 3322 con-

122 3405 128 3410 ‚
225 3362 475 3441 fidenter
525 3373 589 3427 et
640 3385 764 3426 non
820 3366 1224 3446 terrefaciens
1244 3368 1282 3398 “
1337 3364 1659 3425 XXXIV*
1712 3366 1822 3423 25.
1876 3365 1999 3437 283
2052 3362 2206 3421 haec
2252 3361 2333 3420 de

124 3489 128 3510 ;
236 3464 475 3525 adventu
507 3467 751 3528 Domini
788 3475 846 3525 et
884 3467 956 3525 de
984 3465 1193 3543 Regno
1227 3466 1432 3544 Ipsius
1468 3473 1607 3524 tunc
1626 3485 1643 3539 3
1696 3464 1834 3538 quid
1862 3462 2014 3521 haec
2048 3463 2109 3517 in
2145 3476 2330 3519 sensu

231 3564 446 3626 interno
497 3567 863 3644 significant,
955 3574 1229 3627 constare
1285 3573 1485 3643 potest
1535 3583 1610 3624 ex
1675 3580 1830 3621 nunc
1894 3577 2080 3637 supra
2128 3557 2327 3635 expli·
2382 3637 2385 3640 Α

234 3666 396 3740 catiS,
451 3669 594 3743 quia
629 3667 803 3745 plura
836 3667 932 3726 hic
969 3668 1186 3727 similia
1225 3674 1391 3740 sunt,
1449 3684 1560 3743 per
1593 3665 1782 3723 feram
1821 3661 2035 3720 malam
2075 3662 2353 3744 interra

232 3765 621 3839 significantur
666 3768 1062 3844 cupiditates,
1112 3774 1172 3827 et
1207 3785 1317 3845 per
1360 3768 1549 3825 feram
1585 3766 1712 3841 agri
1746 3762 2063 3822 falsitates.
2147 3758 2333 3836 Apud

232 3861 556 3926 Hoscheam
593 3866 993 3943 „Occurram
1027 3866 1168 3928 illis
1207 3867 1376 3928 sicat
1422 3885 1617 3928 ursus
1656 3864 1945 3938 orbatus,
1999 3866 2059 3922 et
2086 3859 2336 3922 discin-

233 3960 372 4024 dam
407 3965 778 4030 clausuram
823 3968 1038 4029 cordia
1088 3987 1333 4040 eorum,
1383 3974 1445 4028 et
1491 3965 1813 4028 comedam
1845 3982 1949 4024 eoa
1996 3962 2165 4023 sicut
2203 3961 2329 4020 im-

232 4066 428 4127 manis
468 4064 588 4145 le0,
630 4069 785 4149 fera
820 4069 974 4149 ayri
1012 4068 1313 4151 deffindet
1348 4071 1500 4128 eos“
1531 4067 1717 4153 XIII·
1767 4070 1837 4142 ὃς
1895 4066 2091 4141 agitur
2124 4059 2220 4120 hic
2257 4061 2334 4121 de

233 4170 550 4229 vastatione
598 4171 741 4229 boni
788 4188 898 4247 per
942 4171 1193 4249 falsu1n3
1248 4186 1425 4228 ursus
1484 4169 1727 4228 orbatus
1777 4164 2073 4243 significat
2114 4168 2332 4239 poten-

233 4264 361 4324 tiam
402 4268 538 4328 mali
573 4289 648 4330 ex
683 4270 867 4347 fals03
923 4278 984 4330 et
1027 4272 1298 4329 immanis
1351 4267 1450 4329 leo
1485 4269 1814 4343 potentiam
1847 4266 1986 4325 falsi
2021 4279 2095 4322 ex
2134 4261 2320 4333 ma103

324 4380 749 4439 stede-born,
793 4385 984 4439 Aponi.
1015 4384 1131 4437 expl.
1167 4383 1229 4422 11.
1930 4367 2013 4421 21
