2791 4778
486 366 593 430 384
933 352 1434 409 APOCALYPSIS
1476 351 1912 410 EXPLICATA.
1980 353 2025 419 §0
2077 360 2207 414 401.

483 514 756 595 procedit
802 532 840 573 a
885 513 1142 573 Domino
1190 519 1258 572 ut
1308 514 1484 574 Luna
1537 515 1598 571 in
1651 512 1890 587 Caelia,
1969 515 2119 571 sicut
2163 512 2263 571 lux
2323 514 2449 572 solis
2498 517 2546 573 in
2634 433 2660 568 4

484 616 703 677 mundo
744 614 1003 674 interdiu
1040 633 1077 672 a
1111 613 1246 674 luce
1282 613 1463 673 lunae
1506 617 1565 673 in
1607 613 1828 674 mundo
1865 619 2068 689 noctu3
2124 594 2374 672 similiter
2404 612 2545 675 intel-

482 717 730 794 ligentia
775 715 1012 774 illorum
1065 717 1165 791 qui
1207 717 1268 773 in
1318 716 1451 774 luce
1503 714 1660 774 Solis
1716 712 1871 773 coeli
1908 723 2045 773 sunt
2085 714 2157 772 ab
2211 715 2546 791 intelligentia

485 818 723 877 illorum
761 817 863 892 qui
898 817 958 874 in
994 815 1130 875 luce
1168 815 1376 874 Lunae
1414 816 1498 874 ibi
1532 823 1703 892 sunt3
1746 832 1929 890 quare
1964 815 2051 874 illi
2090 816 2187 890 qui
2221 817 2279 873 in
2309 814 2429 875 luce
2459 814 2546 875 So·

486 919 562 978 lis
615 918 697 976 ibi
735 923 902 991 sunt,
958 918 1020 974 in
1056 916 1273 975 Divino
1319 917 1484 976 Vero
1529 933 1682 992 puro
1734 923 1904 989 sunt,
1960 923 2024 974 at
2072 915 2159 973 illi
2215 918 2311 992 qui
2354 919 2404 974 in
2441 915 2547 974 luce

487 1020 694 1077 Lunae
731 1018 815 1077 ibi
849 1024 1015 1093 sunt,
1070 1019 1131 1075 in
1165 1016 1383 1076 Divino
1422 1017 1585 1076 Vero
1623 1033 1741 1076 non
1775 1033 1926 1092 puro
1964 1023 2143 1090 sunt,
2182 1023 2314 1075 sunt
2348 1020 2474 1075 enim
2502 1018 2549 1074 in

488 1119 691 1178 multis
746 1118 952 1191 salsis,
1010 1136 1164 1194 quae
1202 1123 1513 1177 traxerunt
1558 1135 1631 1176 ex
1674 1133 1793 1176 non
1839 1118 2144 1176 intellecto
2194 1115 2366 1176 Verbi
2401 1132 2549 1175 sensu

487 1220 733 1293 literae,
805 1237 960 1296 quae
1011 1219 1167 1278 falsa
1218 1235 1411 1294 usque
1475 1225 1774 1295 apparent
1828 1219 1914 1276 eis
1949 1220 2131 1278 ·sicut
2181 1235 2344 1293 vera;
2384 1236 2448 1276 ex
2469 1217 2548 1275 his

488 1327 765 1380 constare
802 1327 1035 1396 potest,
1095 1320 1257 1395 quod
1298 1337 1408 1396 per
1456 1335 1650 1394 usque
1697 1319 1835 1377 dum
1886 1336 2002 1377 non
2052 1318 2198 1378 luna
2247 1318 2552 1395 significetur

488 1437 684 1495 usque
723 1419 861 1478 dum
892 1420 1055 1496 apud
1089 1419 1224 1479 illos
1262 1399 1437 1500 [non]
1476 1419 1693 1478 salsum
1732 1436 2031 1497 apparens
2062 1423 2219 1479 sicut
2242 1438 2445 1489 verum,
2472 1418 2553 1477 sed
2662 1497 2663 1500 Ἴ

488 1538 693 1580 verum
727 1538 978 1596 purum,
1030 1519 1188 1595 quod
1214 1539 1397 1579 unum
1429 1521 1572 1580 facit
1608 1537 1744 1579 cum
1778 1521 1935 1580 bono
1975 1523 2227 1580 amoris:
2264 1520 2364 1580 sed
2395 1521 2549 1579 scien·
2662 1557 2663 1560 κ

489 1621 629 1680 dum
666 1628 790 1695 est,
847 1621 1008 1697 quod
1044 1620 1198 1680 falsa
1234 1621 1500 1691 illorum,
1555 1622 1654 1696 qui
1703 1623 1764 1680 in
1821 1621 2043 1682 lumine
2083 1622 2288 1680 Lunae
2322 1624 2378 1680 in
2412 1618 2554 1680 coella,
2662 1611 2663 1676 ῗ

490 1730 659 1792 sunt,
714 1723 833 1780 sint
859 1721 1017 1779 salsa
1052 1723 1114 1778 in
1145 1722 1359 1797 quibus
1398 1740 1517 1781 non
1552 1721 1808 1797 malum,
1865 1729 1926 1781 et
1964 1723 2128 1799 quod
2174 1722 2305 1781 ideo
2350 1722 2443 1781 illa
2478 1737 2557 1779 ac-

485 1828 799 1898 ceptentur
828 1840 866 1880 a
892 1823 1146 1881 Domino
1179 1825 1336 1881 sicut
1380 1824 1576 1883 forent
1611 1840 1783 1897 vera,
1843 1823 1916 1883 de
1967 1824 2188 1899 quibus
2232 1823 2390 1883 falsis
2423 1821 2557 1880 vide-
2660 1861 2661 1900 ζ

489 1930 623 1981 atur
666 1924 724 1979 in
764 1922 1091 1981 Doc'rmNA
1129 1923 1342 1982 Novnn
1388 1925 1877 1983 Ihnnosonvmm
1931 1942 2006 1983 n:
2071 1927 2192 2000 213
2246 1924 2355 1984 hoc
2397 1925 2557 1998 itaque
2660 1903 2661 1962 3

488 2029 581 2082 est
626 2023 786 2099 quod
833 2023 1201 2100 significatur
1245 2041 1355 2100 per
1388 2041 1584 2100 usque
1625 2025 1763 2082 dum
1801 2043 1919 2084 non
1952 2025 2136 2097 luna,
2190 2042 2394 2102 nempe
2436 2019 2562 2099 apud

484 2124 621 2186 illos
673 2126 775 2200 qui
826 2124 1236 2200 intelliguntur
1286 2143 1397 2201 per
1432 2126 1662 2203 justos,
1725 2127 1789 2183 in
1836 2126 2052 2201 quibus
2096 2125 2285 2186 multa
2331 2143 2468 2202 pax:
2514 2123 2561 2180 in

485 2242 669 2301 sensu
728 2233 926 2283 autem
985 2241 1265 2302 supremo
1325 2243 1437 2303 per
1493 2226 1600 2284 illa
1661 2226 1850 2284 verba
1901 2226 2257 2303 intelligitur
2317 2225 2564 2286 Dominus

486 2325 684 2403 quoad
734 2326 1016 2384 Divinum
1067 2325 1409 2384 Humanum
1472 2343 1678 2400 suum,
1748 2326 1907 2404 quod
1962 2326 2095 2387 Hoc
2159 2329 2270 2387 erit
2321 2327 2568 2386 Divinum

485 2428 716 2487 Bonum
754 2428 956 2486 Divini
993 2428 1267 2499 Ameria,
1306 2445 1492 2504 quare
1530 2431 1708 2487 etiam
1755 2427 2021 2502 additur,
2074 2446 2279 2489 coram
2319 2428 2446 2488 Sole
2476 2442 2565 2483 no-

487 2546 624 2588 men
669 2528 806 2587 Filii
840 2527 1114 2596 habebit,
1166 2545 1277 2605 per
1310 2529 1527 2609 Filium
1565 2528 1915 2604 intelligitur
1949 2529 2237 2589 Divinum
2270 2529 2567 2589 Humanum

485 2629 756 2703 Domini3
815 2636 874 2688 et
915 2631 1054 2705 quia
1089 2645 1200 2704 per
1243 2627 1470 2688 Gentes
1508 2630 1918 2705 intelliguntur
1965 2647 2175 2690 omnes
2218 2632 2317 2707 qui
2358 2632 2416 2689 in
2446 2629 2567 2686 bono

486 2736 655 2799 sunt,
708 2746 820 2789 seu
857 2731 956 2805 qui
996 2730 1289 2805 recipiunt
1335 2729 1556 2789 bonum
1604 2730 1824 2789 amoris
1864 2747 1900 2787 a
1935 2731 2196 2790 Domino
2210 2776 2227 2807 ‚
2283 2732 2414 2791 ideo
2447 2728 2563 2789 dici-

483 2835 611 2898 tur,
661 2836 722 2887 et
755 2829 1185 2889 benedicentur
1232 2831 1292 2887 in
1344 2830 1431 2890 Eo
1489 2848 1694 2890 omnes
1749 2837 2000 2907 gentes;
2059 2832 2223 2907 quod
2257 2850 2366 2909 per
2397 2834 2567 2907 gentes

486 2928 892 3004 significentur
929 2930 1122 3005 quiin
1157 2930 1313 2989 bono
1350 2937 1521 3004 sunt,
1594 2938 1653 2990 et
1699 2948 1810 3008 per
1860 2931 2119 3009 populos
2177 2936 2283 3010 qui
2321 2935 2381 2991 in
2425 2929 2566 2997 veris,
2658 2950 2663 2993 :

487 3028 762 3087 videatur
798 3046 985 3105 supra
1017 3048 1093 3088 n:
1153 3032 1315 3090 331.
1397 3030 1581 3108 Apud
1619 3032 1862 3108 Esajam
1900 3030 2169 3106 „Erunt
2214 3052 2402 3114 super
2432 3024 2566 3090 omm‘
2658 3016 2665 3107 ]

484 3132 690 3188 monte
723 3124 886 3203 alto,
955 3136 1015 3190 et
1068 3149 1258 3210 super
1297 3132 1470 3192 omni
1518 3128 1672 3191 colle
1706 3130 1870 3193 elato
1920 3132 2081 3201 rivi,
2137 3132 2372 3196 ductus
2405 3146 2567 3211 aqua·

483 3247 663 3301 rum,
728 3229 800 3290 in
839 3228 946 3289 die
996 3229 1211 3291 caedis
1263 3251 1566 3312 mameae,
1628 3250 1770 3293 cum
1816 3231 2042 3293 cadent
2078 3239 2324 3295 turres:
2376 3238 2431 3293 et
2478 3227 2568 3290 erit

484 3326 602 3390 lucc
639 3327 867 3391 Lunae
895 3329 1064 3393 sicut
1089 3328 1211 3391 lux
1247 3330 1454 3407 Solis,
1509 3338 1569 3392 et
1596 3329 1716 3394 lum
1756 3329 1934 3393 Solis
1970 3334 2093 3394 erit
2118 3332 2415 3415 septupla
2438 3331 2568 3392 sieut

481 3427 600 3492 lux
655 3437 887 3511 septem
933 3430 1228 3492 dierum“
1295 3432 1515 3492 XXX:
1576 3433 1687 3492 25.
1760 3436 1882 3510 263
1950 3434 2101 3493 haec
2155 3435 2317 3496 dicta
2359 3438 2486 3494 sunt
2513 3427 2565 3486 do

481 3532 704 3594 Ultimo
763 3533 1035 3607 sufficio,
1119 3533 1274 3609 quod
1326 3533 1676 3609 intelligitur
1721 3551 1833 3609 per
1888 3535 2042 3594 diem
2097 3536 2301 3595 caedis
2357 3542 2567 3609 magnae

482 3649 615 3693 cum
654 3633 867 3693 cadent
902 3640 1127 3709 turres;
1177 3651 1287 3710 per
1323 3639 1523 3692 turres
1562 3651 1719 3710 quae
1761 3635 2006 3710 cadent,
2054 3636 2462 3713 intelliguntur
2491 3626 2567 3705 q'ui

480 3736 544 3792 in
581 3734 752 3793 malis
790 3741 929 3793 sunt
966 3741 1026 3794 et
1058 3734 1195 3793 inde
1237 3733 1430 3805 falsis,
1469 3735 1528 3791 in
1556 3738 1763 3812 specie
1804 3739 1905 3810 qui
1940 3738 2000 3794 in
2028 3754 2227 3796 amore
2264 3726 2569 3795 dominandi

479 3850 590 3910 per
626 3840 836 3894 sancta
868 3834 1210 3907 Ecclesiae,
1265 3834 1544 3893 videatur
1590 3836 1651 3893 in
1705 3834 1905 3911 Opere
1956 3835 2030 3895 de
2072 3836 2314 3897 Ummo
2354 3835 2565 3896 Jumcw

481 3952 556 3992 n:
601 3935 710 3993 56.
752 3935 837 3993 58
859 3953 874 4007 ;
934 3935 1097 4011 quod
1129 3942 1271 3995 tunc
1304 3935 1424 3994 illis
1437 3979 1453 4008 ,
1511 3937 1614 4012 qui
1656 3936 1717 3993 in
1753 3953 1954 3996 amore
1991 3939 2051 3995 in
2088 3937 2407 4015 Dominum
2441 3933 2567 3999 sunt,
2664 3978 2667 3985 ,

482 4038 543 4090 et
575 4034 635 4088 in
664 4034 956 4091 charitate
987 4051 1131 4109 erga
1153 4037 1527 4108 proximum,
1564 4035 1803 4095 dabitur
1831 4037 2169 4114 intelligere
2204 4054 2366 4109 vera,
2407 4028 2566 4109 signi-

479 4126 693 4183 ficatur
726 4145 837 4201 per
873 4131 1032 4202 quod
1068 4138 1238 4187 erunt
1274 4148 1476 4208 super⁸
1502 4136 1659 4193 omni
1697 4143 1899 4196 monte
1950 4138 2071 4197 alto
2119 4144 2179 4198 et
2223 4153 2405 4212 super
2440 4127 2570 4192 omni

481 4219 634 4278 colle
687 4223 878 4292 elato,
942 4228 1084 4298 rivi,
1149 4226 1364 4286 ductus
1412 4250 1704 4308 aquarum
1720 4255 1737 4311 ς
1811 4239 1914 4313 qui
1960 4255 2146 4316 super
2206 4243 2400 4297 monte
2446 4231 2565 4294 alto,
