2791 4778
383 381 621 436 CAPUT
663 379 1008 448 QUINTmu,
1843 381 2055 442 VERS:
2100 395 2154 444 1.
2313 396 2343 445 3

227 541 557 602 Sedentem
593 557 779 617 super
816 541 1090 615 Thr-ono,
1161 546 1222 599 et
1258 556 1495 616 quoque
1547 557 1659 616 per
1693 540 1933 617 Agnum
1980 544 2083 618 qui
2118 559 2193 601 ex
2228 542 2344 604 Se-
2378 569 2381 572 ⁴

227 642 410 701 dent-e
445 658 632 718 super
669 640 910 700 Throno
959 641 1191 717 accepit
1235 639 1481 714 librum,
1539 646 1632 699 est
1680 643 1821 716 quia
1866 659 1977 717 per
2025 639 2351 702 Sedentem

228 758 417 818 super
454 741 693 800 Throno
729 740 1079 816 intelligitur
1101 740 1394 798 Dominus
1432 739 1629 815 quoad
1667 741 1953 800 Divinum
1977 741 2231 818 Bonum,
2287 748 2350 802 et

170 868 171 871 ¹
225 859 342 918 ρει
374 834 610 918 Agnum
646 841 938 898 Dominus
986 839 1182 914 quoad
1218 838 1503 897 Divinum
1539 830 1798 899 Verum:
1854 848 1993 900 sunt
2029 843 2184 900 enim
2227 842 2347 901 duo

228 959 386 1016 quae
421 939 760 1017 procedunt
794 957 831 997 a
864 940 1121 998 Domino
1160 945 1226 996 ut
1254 937 1395 997 Sole
1426 937 1619 1013 Coeli,
1658 943 1872 1015 nempe
1908 941 2193 1000 Divinum
2219 941 2344 1001 Bo-

228 1059 373 1099 num
410 1057 481 1100 ac
515 1040 801 1099 Divinum
841 1038 1096 1108 Verum,
1147 1039 1434 1125 Divinum
1468 1038 1699 1097 Bonum
1736 1057 1773 1098 a
1806 1039 2062 1100 Domino
2099 1047 2349 1100 vocatur

227 1141 414 1200 Pater
439 1142 500 1198 in
528 1138 748 1214 Coeus,
790 1148 850 1197 et
873 1138 987 1197 Hic
1016 1138 1362 1214 intelligitur
1386 1154 1498 1214 ρει·
1524 1137 1847 1198 Sedentem
1883 1156 2066 1217 super
2081 1140 2343 1214 Throno,

230 1258 303 1301 ac
351 1240 637 1298 Divinum
685 1239 911 1297 Verum
975 1256 1012 1296 a
1054 1239 1311 1297 Domino
1374 1244 1624 1296 vocatur
1666 1239 1858 1298 Filius
1912 1239 2199 1310 hominiS,
2249 1241 2348 1300 hic

228 1346 433 1398 autem
468 1341 708 1416 Agnus;
765 1345 826 1398 et
861 1341 1004 1414 quia
1027 1339 1309 1396 Divinum
1334 1337 1565 1395 Bonum
1602 1340 1900 1397 neminem
1924 1339 2184 1416 judicat,
2238 1339 2352 1399 sed

229 1441 515 1498 Divinum
545 1439 791 1508 Verum,
820 1438 963 1499 ,ideo
999 1438 1096 1497 hic
1133 1437 1345 1496 dicitur
1380 1437 1541 1512 quod
1566 1437 1775 1513 Agnus
1804 1441 2107 1515 acceperit
2130 1438 2350 1498 librum

233 1558 272 1597 a
309 1538 570 1598 Sedente
606 1553 792 1614 super
822 1537 1093 1614 Thron03
1135 1537 1292 1613 quod
1326 1536 1609 1594 Divinum
1647 1536 1884 1596 Bonum
1917 1541 2213 1598 neminem
2238 1540 2347 1616 ju·

232 1640 395 1698 dicet
429 1638 538 1697 sed
570 1637 851 1695 Divinum
884 1637 1139 1711 Verum,
1179 1635 1529 1712 intelligitur
1563 1654 1673 1712 per
1697 1637 1940 1696 Domini
1974 1637 2163 1697 verba
2188 1637 2354 1715 apud

228 1738 570 1799 Johannem
634 1780 671 1811 „
692 1734 841 1796 Non
867 1743 1060 1816 pater
1078 1734 1342 1818 judicat
1374 1753 1752 1814 que-nquam,
1804 1735 1919 1796 sed
1954 1755 2132 1799 omne
2152 1735 2348 1820 judi-

222 1838 403 1898 cium
450 1835 629 1897 dedit
666 1833 875 1908 Filio,
948 1835 1101 1915 quia
1137 1833 1362 1895 Filius
1410 1833 1689 1895 hominis
1727 1839 1880 1896 e3t“
1953 1835 2029 1896 V:
2074 1840 2184 1896 22.
2228 1840 2348 1913 273

229 1956 342 2014 per
374 1938 615 1996 Patrem
670 1936 1017 2013 intelligitur
1050 1936 1344 1994 Dominus
1401 1935 1600 2010 quoad
1632 1936 1918 1994 Divinum
1952 1936 2217 2011 Bonum,
2289 1942 2353 1996 ct

230 2055 342 2114 per
384 2037 603 2096 Filium
648 2035 903 2094 hominis
939 2037 1233 2094 Dominus
1281 2035 1482 2111 quoad
1527 2035 1811 2093 Divinum
1859 2037 2116 2096 Verum.
2189 2034 2352 2113 quod

230 2138 513 2196 Divinum
548 2136 779 2194 Bonum
818 2153 935 2193 non
961 2134 1194 2211 judicet
1230 2152 1597 2211 quenquam,
1639 2142 1732 2193 est
1767 2138 1907 2211 quia
1940 2135 2100 2195 Illud
2136 2136 2348 2214 explo-

230 2243 324 2294 rat
358 2238 672 2309 neminem,
713 2235 822 2294 sed
855 2235 1138 2293 Divinum
1169 2234 1430 2307 Verum,
1468 2234 1582 2293 hoc
1620 2237 1774 2294 enim
1813 2236 2086 2312 explorat
2124 2254 2342 2295 unum·
2384 2239 2544 2301 [344]

230 2337 523 2413 quemvis.
604 2337 687 2394 At
729 2352 922 2417 usque
969 2333 1279 2394 sciendum
1330 2340 1452 2403 est,
1507 2333 1665 2409 quod
1711 2333 1851 2411 Ipse
1898 2335 2192 2395 Dominus
2239 2350 2353 2396 nec

220 2437 456 2514 judicet
509 2436 766 2511 aliquem
821 2452 895 2493 ex
930 2435 1148 2492 Divino
1186 2432 1348 2493 Vero
1400 2433 1557 2509 quod
1591 2427 1862 2509 procedit
1897 2435 1972 2494 ab
2008 2435 2184 2512 Ipso,
2238 2435 2355 2494 hoc

235 2537 391 2594 enim
436 2535 667 2591 unitum
714 2540 807 2592 est
851 2534 1070 2592 Divino
1106 2534 1302 2609 Bono,
1358 2536 1446 2593 ita
1488 2540 1554 2591 ut
1602 2536 1721 2592 sint
1769 2551 1981 2609 unum,
2035 2534 2146 2593 sed
2192 2533 2354 2611 quod

236 2634 414 2691 homo
450 2634 697 2708 spiritus
745 2634 1010 2707 seipsum
1034 2633 1295 2709 judicet,
1353 2641 1447 2693 est
1500 2636 1655 2692 enim
1690 2634 1975 2692 Divinum
2008 2632 2237 2694 Verum
2274 2633 2352 2693 ab

233 2737 371 2809 ipso
406 2738 715 2809 receptum
765 2731 922 2807 quod
957 2730 1123 2789 illum
1153 2732 1420 2809 judicat,
1475 2740 1534 2791 et
1568 2733 1681 2792 hoc
1732 2734 1869 2809 quia
1906 2740 2158 2811 apparet
2192 2736 2353 2794 sicut

233 2833 528 2891 Dominus
554 2831 812 2908 judicet,
851 2830 983 2889 ideo
1012 2832 1070 2889 in
1097 2831 1301 2891 Verbo
1339 2832 1552 2891 dicitur
1589 2832 1748 2909 quod
1777 2850 1980 2892 omnes
2007 2833 2353 2910 judicentur

229 2933 551 3006 a·Domino
562 2950 579 3007 3
615 2931 729 2990 hoc
759 2948 995 3009 quoque
1024 2932 1201 2990 docet
1223 2933 1517 2991 Dominus
1546 2933 1709 3010 apud
1733 2932 2071 2993 Johannem
2105 2932 2353 3008 „Iesus

227 3030 440 3105 dimit,
496 3030 560 3091 si
590 3030 735 3109 qais
781 3030 1107 3093 audiverit
1141 3050 1281 3092 mea
1319 3031 1532 3102 verba,
1581 3050 1706 3093 non
1741 3036 1951 3093 tamen
1988 3031 2346 3110 wedidem‘t,

229 3130 379 3211 Eyo
417 3148 542 3191 non
559 3129 788 3214 judico
815 3128 1033 3206 illum,
1072 3149 1195 3191 non
1231 3130 1399 3191 enim
1436 3131 1577 3191 vem·
1610 3136 1682 3193 ut
1702 3130 1991 3214 judicem
2017 3132 2347 3207 mundum,

228 3229 343 3292 sed
381 3235 456 3292 ut
493 3227 734 3291 salvem
771 3229 1080 3291 mundum
1092 3250 1120 3302 ;
1196 3229 1309 3309 qui
1344 3230 1587 3310 spernit
1624 3229 1763 3306 Me,
1830 3235 1892 3290 et
1949 3250 2076 3292 non
2112 3230 2349 3312 accipit

227 3330 411 3391 verba
466 3347 634 3418 mea„
698 3328 880 3390 hahet
907 3329 1319 3411 judicantem
1358 3348 1453 3404 se,
1529 3331 1780 3391 verbum
1832 3329 2001 3412 quod
2043 3328 2348 3410 loquutus

226 3448 401 3500 eum,
449 3425 626 3490 illud
643 3427 969 3511 judicabit
1011 3426 1202 3490 illum
1235 3429 1305 3489 in
1339 3433 1617 3491 eoetremo
1657 3428 1763 3490 die
1782 3434 1821 3465 ‘⁶'
1864 3430 2035 3490 ·XII:
2077 3433 2190 3489 47.
2229 3432 2343 3489 48.

228 3528 378 3590 Cum
413 3529 654 3590 Judicio
692 3532 848 3589 enim
881 3530 968 3588 ita
1001 3529 1096 3601 fit,
1135 3530 1428 3588 Dominus
1464 3546 1755 3605 praesens
1793 3536 1885 3589 est
1919 3528 2083 3605 apud
2118 3544 2344 3603 omnes,

226 3636 289 3689 et
322 3646 398 3688 ex
429 3628 651 3688 Divino
687 3629 908 3688 Amore
961 3629 1092 3687 vult
1124 3628 1367 3698 salvare
1402 3646 1639 3699 omnes,
1692 3635 1753 3689 et
1789 3645 2025 3705 quoque
2070 3628 2250 3688 vertit
2284 3635 2346 3689 ct

227 3727 467 3787 adducit
500 3727 577 3787 ad
613 3726 693 3787 Se
730 3745 968 3803 omnes3
1024 3729 1135 3805 qui·
1158 3729 1243 3804 ξμ
1244 3728 1420 3800 beno
1447 3735 1593 3798 sunt
1628 3736 1690 3789 et
1722 3729 1863 3788 inde
1897 3730 2076 3804 veris,
2113 3727 2201 3787 illi
2237 3743 2341 3789 sc-

229 3833 506 3901 quuntur,
542 3844 682 3885 nam
708 3827 1017 3905 applicant
1048 3837 1159 3904 Βες
1187 3832 1253 3894 at
1284 3827 1387 3906 qul
1419 3830 1502 3888 in
1516 3828 1674 3888 malo
1711 3835 1851 3887 sunt
1885 3834 1947 3889 et
1982 3829 2119 3889 inde
2153 3827 2344 3899 falsis,

224 3942 344 3984 non
378 3932 726 4004 sequuntur,
764 3927 877 3987 sed
909 3932 1157 3987 vortunt
1187 3943 1257 3989 se
1276 3925 1456 3989 retro
1490 3939 1529 3988 a
1556 3929 1846 4003 Domino,
1904 3934 1966 3989 et
2000 3933 2236 3990 vertere
2273 3944 2342 3988 se

194 4031 386 4091 ‚retro
422 4039 462 4082 a
491 4023 776 4101 Domino,
833 4031 928 4087 est
961 4044 1000 4086 a
1036 4024 1221 4087 Coelo
1258 4026 1335 4087 ad
1366 4025 1705 4103 Infernum3
1745 4030 1935 4087 omnis
1973 4031 2129 4088 enim
2161 4027 2342 4087 homo

219 4125 466 4203 spiritus
503 4129 597 4182 est
623 4123 721 4183 vel
747 4141 923 4184 suum
955 4126 1178 4186 bonum
1214 4133 1274 4187 et
1307 4127 1447 4187 inde
1475 4145 1713 4203 verum,
1752 4127 1851 4188 vel
1890 4115 2183 4187 estsuum
2209 4142 2342 4185 ma-

216 4226 342 4286 lum
372 4231 434 4285 et
461 4222 600 4283 inde
627 4223 873 4304 falsum3
902 4228 1006 4304 qui
1032 4232 1125 4287 est
1148 4227 1371 4288 bonum
1401 4234 1462 4287 et
1486 4227 1867 4304 indevotum,
1898 4226 2001 4286 ille
2031 4242 2097 4286 se
2126 4224 2342 4283 adduci

1899 4328 1929 4382 1
1974 4317 2014 4358 ἢ*
