2791 4778
386 379 613 437 CAPUT
654 379 967 439 smmum,
1355 353 1363 363 '
1766 378 1972 437 vsns=
2018 391 2069 442 9.
2227 393 2332 446 341

252 558 441 600 vocem
491 540 887 599 consessionis
947 543 1043 598 est
1090 537 1287 597 cultus
1350 555 1425 597 ex
1483 540 1676 614 veris;
1758 539 1916 615 quod
1971 540 2333 601 circumdare

249 642 420 700 altare
475 649 643 699 tuum
697 639 977 698 Jehovah
1037 638 1331 715 significet
1392 639 1867 715 conjunctionem
1929 639 2170 699 Domini
2225 659 2335 718 per

249 743 448 801 cultum
499 759 574 800 ex
620 740 778 799 bono
824 742 1075 810 amoriS,
1129 747 1222 798 est
1270 741 1410 815 quia
1457 739 1735 800 Jehovah
1787 739 2000 799 dicitur
2048 741 2121 799 de
2166 742 2334 801 Bono

246 845 479 917 amoris,
538 848 599 899 et
635 841 1004 900 circumdare
1041 840 1337 917 significat
1372 840 1535 898 cultu
1572 839 1879 917 amplecti,
1915 841 2000 899 ita
2035 842 2331 919 conjungi.

245 944 406 1019 Apud
451 942 694 1019 Esajam
758 939 890 1016 „In
937 939 1044 1000 die
1088 936 1206 1000 illo
1254 944 1438 1002 erunt
1496 939 1768 1019 quinque
1812 939 1995 1001 urbes
2044 939 2141 1026 in=
2168 948 2337 1002 terra

245 1043 511 1124 Aeyypti
522 1087 539 1118 ,
595 1039 910 1121 loquentes
952 1038 1143 1101 labiis
1191 1038 1518 1101 Carmanis
1534 1084 1552 1115 ,
1613 1047 1674 1102 et
1709 1039 2010 1122 jurantes
2064 1039 2338 1103 Jehovae

243 1143 546 1216 Zebaoth;
608 1142 685 1203 Ir
723 1140 992 1203 Chaerea
1039 1141 1287 1201 dicetur
1331 1141 1760 1219 unaquaevz’s:
1811 1140 1884 1201 in
1918 1139 2023 1201 die
2059 1138 2176 1202 illo
2214 1142 2337 1204 erit

244 1242 454 1305 Altare
494 1242 768 1305 Jehovae
805 1243 876 1303 z‘n
922 1241 1130 1302 medio
1181 1246 1384 1302 terrae
1422 1241 1731 1323 Aeyyptz’,
1785 1248 1845 1302 et
1894 1246 2114 1303 statua
2159 1241 2337 1322 apud

245 1345 566 1406 terminum
622 1343 758 1426 effus
819 1341 1139 1405 ,ΤεῘιουαεῑί
1196 1341 1386 1402 XIX:
1456 1344 1562 1401 18.
1633 1345 1750 1418 193
1822 1359 1933 1418 per
1992 1343 2333 1421 Aegyptum

243 1447 591 1522 significatur
643 1444 929 1503 naturalis
980 1444 1154 1526 homo
1208 1450 1270 1501 et
1319 1443 1452 1519 ejus
1500 1440 1918 1517 scientificum5
1971 1445 2033 1502 in
2081 1443 2176 1502 die
2213 1443 2330 1519 illc,

243 1547 514 1622 significat
571 1545 894 1604 adventum
943 1545 1212 1616 Domini,
1270 1549 1330 1602 et
1377 1550 1518 1601 tunc
1568 1550 1787 1629 statum
1840 1542 2076 1602 illorum
2125 1545 2226 1620 qui
2268 1546 2329 1607 in

242 1650 385 1705 veris
429 1646 773 1705 scientificis
819 1663 855 1703 a
889 1644 1174 1721 Domin03
1229 1646 1491 1721 quinque
1542 1644 1722 1703 urbes
1768 1646 1829 1702 in
1873 1650 2034 1703 terra
2070 1644 2331 1720 Aegypti

241 1746 533 1823 loquentes
587 1746 761 1805 labiis
823 1745 1152 1820 Canaanis,
1218 1744 1514 1820 significat
1573 1762 1720 1803 vera
1783 1746 2088 1805 doctrinae
2152 1743 2330 1821 plura

243 1865 380 1923 quae
424 1850 686 1924 genuina
736 1846 1077 1920 Ecclesiae,
1157 1848 1418 1922 quinque
1480 1852 1619 1904 sunt
1674 1845 1882 1922 plura,
1951 1846 2332 1905 urbessunt
2370 1847 2527 1915 [570]

239 1965 370 2007 vera
434 1949 774 2021 doctrinae,
846 1946 1006 2005 labia
1068 1945 1364 2005 Canaanis
1425 1953 1564 2004 sunt
1622 1947 1968 2005 doctrinalia
2018 1946 2329 2007 Ecclesiae

239 2052 477 2124 genuina
489 2070 506 2125 ;
554 2048 830 2126 jurantes
857 2047 1131 2106 jehovae
1167 2045 1461 2116 Zebaoth,
1499 2046 1792 2122 significat
1820 2046 2171 2106 confitentes
2196 2047 2327 2107 Do·-

241 2151 470 2209 minum:
522 2147 804 2209 Jehovah
839 2147 1109 2207 Zebaoth
1160 2148 1373 2205 dicitur
1413 2146 1508 2205 hic
1558 2152 1616 2204 et
1665 2146 1866 2205 multis
1911 2146 2043 2204 aliis
2081 2146 2325 2215 inlocis

240 2250 292 2306 in
331 2250 554 2322 Verbo,
611 2256 673 2309 et
707 2248 1058 2328 intelligitur
1093 2248 1384 2307 Dominus
1423 2245 1620 2321 quoad
1657 2263 1828 2304 omne
1864 2245 2083 2304 bonum
2120 2253 2177 2304 et
2214 2264 2323 2304 ve-

241 2366 384 2424 rum,
454 2368 587 2410 nam
630 2349 908 2410 Zebaoth
951 2351 1010 2408 in
1046 2348 1251 2425 lingua
1292 2344 1564 2423 originali
1609 2345 1944 2423 significant
1988 2345 2321 2421 Exercitus,

246 2466 312 2507 ac
337 2451 633 2510 Exercitus
670 2453 730 2509 in
767 2467 951 2510 sensu
978 2450 1272 2526 spirituali
1298 2446 1634 2535 significant
1671 2449 1866 2526 omnia
1898 2446 2057 2505 bona
2093 2453 2153 2506 et
2178 2463 2323 2505 vera

249 2547 401 2608 Coeli
436 2560 488 2608 et
521 2551 848 2620 Ecclesiae,
884 2552 1156 2610 videatur
1204 2568 1272 2609 n:
1320 2550 1533 2607 3448.
1580 2550 1788 2608 7236.
1840 2549 2049 2607 7988.
2096 2548 2320 2621 8019;

241 2649 342 2708 hoc
389 2653 581 2728 itaque
638 2658 732 2710 est
776 2651 1055 2712 Jehovah
1090 2649 1363 2709 Zebaoth
1411 2665 1522 2707 seu
1576 2647 1855 2707 Jehovah
1905 2648 2317 2722 Exercituum3

236 2748 292 2807 Ir
324 2751 578 2811 Chaeres
615 2752 844 2811 dicetur
881 2753 1270 2828 unaquaevis,
1318 2748 1612 2825 significat
1647 2749 1972 2809 doctrinam
1998 2763 2317 2808 coruscan-

237 2857 341 2908 tem
376 2868 446 2910 ex
482 2855 646 2914 veris
682 2852 1091 2930 spiritualibus
1141 2855 1200 2909 in
1247 2849 1547 2925 naturali,
1603 2849 1663 2908 Ir
1699 2852 1853 2909 enim
1891 2853 1982 2909 est
2022 2849 2195 2923 urbs,
2263 2855 2323 2908 et

234 2951 361 3010 urbs
388 2953 681 3029 significat
718 2952 1073 3021 doctrinam,
1132 2951 1397 3011 Chaeres
1432 2954 1525 3008 est
1561 2952 1896 3010 coruscatio
1931 2957 2000 3009 ut
2026 2950 2203 3028 solis3
2261 2953 2324 3011 in

237 3050 318 3111 dic
341 3052 439 3110 illo
462 3055 575 3111 erit
597 3053 804 3112 Altare
832 3053 1105 3114 Jehovae
1142 3054 1201 3110 in
1229 3050 1424 3109 medio
1458 3056 1655 3108 terrae
1683 3052 1976 3128 Aegypti,
2027 3051 2321 3127 significat

238 3152 377 3227 quod
413 3160 553 3214 tunc
591 3155 702 3213 erit
736 3153 930 3212 cultus
965 3153 1203 3212 Domini
1242 3170 1316 3210 ex
1349 3151 1508 3210 bono
1546 3154 1762 3211 amoris
1798 3170 1907 3229 per
1940 3169 2085 3212 vera
2118 3154 2315 3212 scien-

237 3252 377 3311 tifica
412 3269 566 3331 quae
602 3256 662 3312 in
701 3254 955 3312 naturali
990 3253 1249 3322 homine,
1296 3251 1505 3309 Altare
1541 3251 1816 3313 Jehovae
1854 3253 2147 3329 significat
2183 3252 2314 3309 cul-

236 3357 341 3411 tum
379 3355 617 3414 Domini
653 3371 725 3413 ex
770 3354 927 3413 bono
969 3356 1213 3426 amoris,
1267 3353 1328 3410 in
1364 3350 1560 3410 medio
1596 3358 1792 3412 terrae
1832 3353 2093 3428 Aegypti
2128 3353 2316 3427 signi-

238 3453 356 3512 ficat
387 3473 494 3530 per
529 3473 677 3514 vera
710 3453 1036 3514 scientifica
1073 3471 1226 3530 quae
1260 3455 1319 3511 in
1357 3452 1614 3510 naturali
1646 3451 1902 3519 homine,
1937 3468 2082 3510 vera
2116 3451 2313 3508 scien-

237 3552 374 3613 tifica
406 3565 545 3614 sunt
587 3558 765 3614 etiam
794 3557 1160 3631 cognitiones
1198 3571 1269 3612 ex
1299 3568 1486 3611 sensu
1511 3551 1721 3610 literae
1758 3549 1946 3610 Verbi
1958 3569 1975 3624 3
2030 3555 2090 3608 et
2115 3552 2316 3606 statua

233 3654 375 3728 apud
420 3657 738 3714 terminum
781 3654 1087 3725 Jehovae,
1155 3653 1450 3730 significat
1494 3650 1717 3710 cultum
1755 3651 1994 3708 Domini
2042 3665 2117 3707 ex
2151 3649 2321 3706 veris.

233 3750 380 3827 fidei,
433 3774 543 3832 per
579 3763 838 3813 statuam
888 3754 1254 3831 significatur
1301 3752 1495 3810 cultus
1539 3768 1612 3810 cx
1665 3752 1824 3809 veris
1871 3748 2042 3822 fidei,
2099 3752 2159 3807 et
2205 3764 2315 3823 per

234 3857 524 3914 terminum
581 3854 845 3932 Aegypti
897 3855 1303 3931 significantur
1353 3857 1652 3921 extrema,
1714 3858 1979 3909 extrema
2026 3847 2313 3907 naturalis

230 3947 462 4014 hominis
498 3962 642 4014 sunt
672 3952 995 4014 sensualia.
1084 3953 1264 4029 Apud
1298 3952 1570 4010 Eundem
1619 3949 1828 4025 „Cum
1858 3948 2149 4029 posuerit
2181 3966 2315 4008 om-

230 4068 325 4109 nes
371 4052 618 4135 lapides
682 4053 941 4115 Altaria
996 4054 1164 4114 sicut
1214 4050 1466 4130 lapides
1526 4048 1724 4112 calcis
1779 4050 2129 4130 dispersos,
2191 4065 2316 4109 non

231 4155 671 4218 mmmmm-int
712 4153 842 4216 luci
883 4161 941 4215 et
977 4161 1230 4215 statuae
1263 4149 1508 4212 solares
1519 4154 1554 4185 “
1595 4149 1875 4212 XXVII:
1927 4152 1998 4227 93
2050 4149 2203 4209 haec
2241 4149 2312 4209 de

232 4246 440 4316 Jacobo
487 4263 546 4317 et
582 4255 843 4331 bracle,
904 4272 1014 4332 per
1064 4271 1210 4333 quos
1253 4252 1621 4328 significatur
1663 4251 1969 4323 Ecclesia,
2024 4251 2122 4311 hic
2161 4269 2316 4330 quae

1518 4467 1553 4486 N
