2791 4778
634 405 737 455 100
1044 391 1544 448 APOCALYPSIS
1588 391 2019 448 EXPLICATA.
2089 394 2136 462 §.
2185 403 2315 455 328.

630 552 792 629 quod
826 551 1134 609 salventur
1160 549 1246 608 illi
1280 567 1391 627 pro
1420 549 1637 627 quibus
1664 550 2013 627 ioercedin
2052 551 2186 628 quis
2217 569 2361 622 non,
2401 550 2491 609 eui
2516 547 2679 621 aliquis

627 652 970 712 intellectus
1003 651 1340 709 illustratus
1371 657 1492 723 est,
1531 650 1735 710 videre
1771 658 2005 727 potest,
2047 651 2208 728 quod
2242 650 2357 710 hoc
2393 643 2679 709 Doctrinale

629 756 709 811 sit
754 758 961 811 contra
1002 750 1212 829 Ipsum
1258 751 1576 824 Divinum,
1649 750 1862 827 Ipsum
1906 751 2191 810 Divinum
2243 754 2396 810 enim
2445 760 2682 822 nusquam

624 853 820 930 rejicit
855 851 1114 926 aliquem
1146 850 1448 909 hominem
1484 868 1519 908 a
1547 849 1659 920 Se,
1696 857 1858 909 amat
1894 853 2049 910 enim
2078 867 2315 923 omneS‚
2357 858 2416 918 et
2446 847 2569 909 inde
2590 842 2684 902 vult

626 954 884 1012 omnium
919 951 1211 1025 salutem3
1251 957 1312 1008 et
1337 968 1576 1027 quoque
1614 957 1821 1009 contra
1847 950 2054 1027 Ipsum
2080 951 2368 1009 Divinum
2406 955 2494 1008 est
2516 960 2681 1006 recon-

623 1054 811 1112 ciliari
845 1068 955 1127 per
983 1051 1331 1110 effusionem
1359 1053 1684 1126 sanguiniS,
1726 1058 1787 1109 ct
1821 1053 1880 1108 in
1912 1051 2385 1110 misericordiam
2408 1048 2576 1122 redigi
2603 1059 2681 1121 per

619 1154 995 1211 intuitionem
1028 1152 1336 1209 Passionis
1388 1154 1583 1209 crucis
1634 1168 1812 1227 quam
1847 1153 2134 1209 sustinuit
2167 1151 2375 1228 Ipsius
2410 1149 2601 1215 Filius,
2642 1147 2683 1199 et

623 1252 783 1329 quod
814 1251 951 1311 inde
988 1253 1068 1310 sit
1100 1251 1229 1327 Ipsi
1264 1250 1675 1310 Misericordia
1713 1259 1773 1310 et
1818 1267 1937 1308 non
1975 1269 2011 1308 a
2047 1250 2125 1311 Se
2161 1252 2345 1328 Ips03
2403 1256 2462 1309 et
2495 1242 2682 1306 tametsi

619 1354 732 1411 hoc
771 1360 863 1412 est
899 1358 1107 1410 contra
1141 1351 1484 1410 Essentiam
1519 1351 1829 1425 Divinam,
1883 1367 2075 1427 usque
2123 1352 2187 1411 id
2238 1351 2483 1410 credere
2515 1345 2680 1405 vocant

615 1455 811 1529 ipsam
858 1452 1037 1511 fidem
1082 1469 1193 1511 seu
1226 1450 1405 1510 fidem
1440 1452 1887 1528 justificantem.
1968 1451 2115 1528 Quis
2155 1454 2342 1511 etiam
2396 1468 2467 1509 ex
2498 1446 2678 1506 rationo

620 1554 923 1612 illustrata
960 1553 1223 1627 cogitare
1262 1557 1497 1628 potest,
1551 1552 1712 1628 quod
1747 1553 1930 1612 totius
1968 1552 2172 1611 mundi
2217 1557 2470 1630 peccata
2501 1550 2552 1605 in
2583 1543 2677 1602 Do·

615 1657 835 1713 minum
886 1651 1182 1710 translata
1228 1651 1476 1726 fuerint,
1534 1659 1596 1710 et
1641 1651 1717 1710 ab
1765 1654 2133 1727 unoquovis,
2191 1655 2297 1730 qui
2346 1651 2530 1710 solum
2557 1643 2679 1704 illam

614 1752 792 1810 fidem
835 1749 1049 1822 habet,
1106 1750 1309 1808 ablata
1359 1754 1513 1810 sint:
1576 1752 1687 1811 sed
1733 1755 1841 1825 sit,
1899 1752 2058 1828 quod
2109 1753 2265 1813 haec
2318 1750 2587 1811 Doctrina
2619 1741 2674 1798 sit

613 1851 777 1927 apud
810 1851 946 1909 illos
958 1894 975 1923 ,
1029 1852 1131 1925 qui
1183 1869 1299 1910 non
1336 1853 1493 1911 ultra
1544 1869 1790 1911 sensum
1823 1852 2036 1911 literae
2090 1856 2390 1929 cogitant,
2443 1854 2500 1908 at
2529 1854 2675 1919 usqu(³

611 1944 858 2027 Augen,
896 1952 997 2026 qui
1032 1951 1192 2027 apud
1226 1950 1495 2011 homines
1532 1959 1698 2027 sunt,
1737 1970 1855 2012 non
1889 1955 2232 2032 percipiunt
2265 1954 2371 2012 illa
2405 1942 2672 2009 seeundum

613 2070 750 2111 eum
785 2067 1044 2121 sensum,
1082 2069 1290 2111 verum
1325 2052 1653 2112 secundum
1689 2070 1932 2112 sensum
1968 2055 2364 2131 spiritualem,
2401 2054 2529 2112 sunt
2558 2041 2671 2103 enim

607 2152 984 2229 spirituales,
1026 2158 1086 2210 et
1119 2152 1255 2211 inde
1285 2152 1679 2228 spiritualiter
1715 2160 1774 2211 et
1808 2172 1927 2213 non
1953 2155 2311 2215 naturaliter
2348 2151 2598 2229 cogitant,
2626 2138 2669 2195 hi

552 2283 558 2287 ·
605 2271 716 2330 per
749 2253 1038 2312 redimere
1078 2252 1375 2311 hominem
1428 2254 1489 2310 in
1538 2256 1829 2330 sanguine
1880 2271 2024 2328 suo,
2081 2257 2425 2333 percipiunt
2465 2248 2669 2307 liberare

601 2354 903 2414 hominem
941 2353 1016 2412 ab
1052 2353 1312 2425 Infern0‚
1353 2359 1415 2412 et
1451 2356 1538 2412 sic
1576 2353 1856 2414 addicare
1896 2362 1957 2414 et
1993 2356 2365 2433 conjungere
2400 2353 2548 2413 illum
2575 2335 2667 2401 Sibi

600 2473 710 2531 per
747 2457 1111 2533 agnitionem
1136 2454 1336 2530 Ipsius
1376 2462 1438 2514 et
1461 2473 1572 2532 per
1597 2458 2004 2532 receptionem
2031 2456 2235 2517 Divini
2266 2457 2414 2517 Veri
2441 2451 2508 2511 ab
2529 2444 2661 2520 1Ρὸοἱ

602 2557 762 2630 quod
808 2559 896 2613 ita
933 2557 1042 2628 sit,
1101 2558 1283 2613 etiam
1319 2556 1600 2616 Ecclesia
1652 2556 1808 2616 scire
1854 2563 2090 2633 potest,
2129 2575 2269 2615 nam
2319 2560 2469 2618 scire
2512 2539 2666 2624 potest

603 2654 764 2729 quod
799 2671 972 2712 nemo
1009 2671 1118 2729 per
1155 2659 1508 2732 sanguinem
1545 2657 1940 2734 conjungatur
1965 2657 2215 2731 Divino,
2257 2659 2372 2718 sed
2405 2669 2506 2733 per
2534 2653 2664 2704 rece-

601 2755 869 2832 ptionem
904 2753 1106 2813 Divini
1141 2756 1289 2816 Veri
1337 2764 1397 2816 et
1444 2758 1904 2833 applicationem
1953 2758 2087 2835 ejus
2138 2758 2213 2815 ad
2260 2762 2462 2818 vitam.
2535 2732 2667 2820 Qu⁰d

599 2853 897 2912 Dominus
933 2854 1280 2915 liberaverit
1317 2857 1391 2915 ab
1427 2857 1686 2929 Infern0,
1742 2859 1966 2917 factum
2003 2866 2097 2917 est
2132 2876 2241 2934 per
2280 2857 2439 2936 quod
2472 2855 2665 2910 assum·

414 2988 457 3039 ἧς.
601 2955 752 3014 serit
784 2955 1154 3029 Humanum,
1211 2963 1272 3016 et
1306 2975 1418 3033 per
1450 2956 1525 3014 Id
1559 2955 1971 3034 subjugaverit
2001 2957 2272 3035 Inferna,
2334 2966 2395 3019 et
2430 2948 2600 3015 omnia
2624 2938 2667 2994 in

603 3054 801 3115 Coelis
829 3058 891 3115 in
918 3057 1185 3117 ordinem
1209 3057 1533 3132 redegerit,
1574 3057 1731 3132 quod
1755 3057 1886 3117 fieri
1911 3076 2291 3136 nequaquam
2319 3055 2507 3139 potuit
2532 3051 2667 3123 quam

601 3172 674 3214 ex
711 3156 1017 3232 Humano,
1058 3175 1195 3216 nam
1229 3157 1514 3215 Divinum
1552 3164 1836 3234 operatur
1873 3176 1909 3216 a
1942 3159 2156 3218 Primis
2193 3179 2305 3238 per
2341 3158 2575 3221 Ultima,
2605 3141 2667 3197 ita

600 3274 637 3314 a
675 3255 753 3316 Se
806 3276 916 3335 per
966 3258 1069 3316 illa
1133 3273 1287 3332 quae
1338 3273 1374 3314 a
1412 3254 1491 3315 Se
1525 3259 1587 3314 iu
1624 3257 1844 3317 ultimis
1878 3266 2050 3330 sunt,
2106 3277 2258 3335 quae
2309 3263 2449 3321 sunt
2481 3255 2535 3311 in
2562 3239 2665 3303 ΗΠ·

594 3370 808 3435 man03
863 3359 1016 3417 haec
1071 3363 1164 3415 est
1215 3358 1487 3432 operatio
1522 3356 1778 3416 Divinae
1827 3358 2143 3419 Potentiae
2192 3363 2254 3420 in
2292 3357 2475 3422 Coelo
2531 3350 2583 3407 et
2622 3338 2667 3394 5¹¹

597 3458 838 3534 Mundo,
879 3458 990 3517 sed
1026 3456 1100 3525 de
1135 3455 1248 3514 hac
1283 3473 1349 3516 re
1393 3457 1709 3518 videantur
1746 3458 1949 3535 aliqua
1983 3476 2168 3538 supra
2203 3480 2274 3522 n:
2315 3464 2439 3520 41:
2488 3460 2596 3511 tum
2624 3438 2666 3494 5¹¹

599 3558 800 3638 Opere
839 3558 913 3618 de
952 3557 1161 3617 Coeno
1196 3574 1273 3616 Εἰ·
1309 3556 1586 3616 INreaNo
1622 3575 1693 3617 n:
1739 3560 1819 3618 31
1844 3560 1876 3618 5
1895 3580 1911 3635 3
1952 3566 2015 3618 et
2046 3564 2107 3619 in
2133 3562 2410 3622 Ancms
2439 3555 2665 3616 Cosshssfl‘

596 3678 775 3722 mus
824 3677 898 3716 n:
946 3659 1155 3716 5897.
1203 3659 1414 3716 6239.
1462 3659 1936 3738 64590465.
1982 3661 2192 3722 8603.
2239 3663 2448 3721 9216.
2493 3640 2663 3711 921⁷·

600 3761 814 3818 9824.
887 3758 1097 3817 9828.
1168 3759 1379 3818 9836.
1453 3761 1714 3818 10044.
1782 3761 2041 3819 10099.
2119 3764 2378 3822 10329.
2447 3735 2664 3815 10335·

603 3858 878 3918 10548:
933 3858 1093 3934 quod
1126 3858 1416 3918 Dominus
1462 3858 1808 3919 liberaverit
1843 3860 1917 3918 ab
1951 3860 2223 3937 Inferno,
2276 3866 2449 3923 etiam
2482 3849 2663 3913 factum

593 3965 690 4018 est
721 3976 834 4035 per
868 3958 1024 4034 quod
1060 3959 1397 4020 Humanum
1433 3976 1606 4020 suum
1642 3959 2087 4037 glorificaverit,
2128 3962 2240 4022 hoc
2279 3970 2388 4037 est,
2425 3951 2664 4019 Divinum

591 4060 836 4130 fecerit,
889 4060 974 4119 sic
1011 4063 1168 4120 enim
1220 4079 1337 4122 non
1373 4060 1550 4121 aliter
1583 4066 1789 4137 potest
1823 4061 2067 4122 Inferna
2113 4065 2175 4122 in
2211 4069 2512 4125 aeternum
2544 4039 2660 4106 Sub‘

583 4160 801 4238 jugata
835 4166 1067 4221 tenere.-
1125 4168 1185 4222 et
1232 4164 1373 4239 quia
1420 4161 1763 4238 subjugatio
1798 4161 2174 4224 Insernorum
2238 4171 2300 4225 et
2354 4139 2661 4243 glorificatio

590 4262 851 4324 Humani
885 4262 1084 4344 Ipsius
1119 4263 1282 4322 facta
1333 4267 1426 4320 est
1471 4278 1581 4338 per
1618 4260 2008 4326 Tentationes
2056 4267 2117 4323 in
2151 4263 2489 4325 Humanum
2520 4248 2661 4310 suum

414 4014 469 4079 τὲ
