2791 4778
473 390 580 443 388
915 377 1406 432 APOCALYPSIS
1450 376 1881 432 EXPLICATA.
1937 378 1984 444 ᾗ.
2028 386 2160 440 401.

470 545 805 603 traxerunt
845 534 1238 617 splendorem
1274 539 1514 596 suum“
1549 535 1641 594 H:
1700 523 1911 623 [1.2.]
1961 538 2076 595 10:
2115 534 2279 612 apud
2316 535 2559 595 Eundem

471 638 631 718 „Sol
660 645 932 701 vertetur
957 638 1026 697 in
1056 637 1363 711 tenebras,
1403 641 1461 695 et
1489 634 1683 697 Luna
1716 636 1788 695 in
1812 636 2206 715 san-quinem,
2248 640 2561 713 antequam

466 741 633 804 venit
691 739 830 800 dies
883 737 1155 800 Jehovae
1208 744 1485 817 maynua
1534 741 1593 796 et
1647 734 2005 796 tem-ibicis“
2072 735 2196 795 111:
2262 740 2333 795 4:
2401 737 2560 813 Apud

465 843 735 903 Eundem
800 885 836 915 „
864 838 1277 918 Propinquus
1338 843 1432 898 eet
1480 835 1617 896 dies
1664 835 1939 897 Jelzovae
2002 838 2075 897 in
2125 834 2293 896 valle
2345 836 2554 911 decisa,

468 941 581 1005 Sol
617 949 678 1002 et
721 940 914 1001 Luna
959 939 1162 1001 atrati
1202 944 1381 1012 sunt,
1433 944 1493 997 et
1527 934 1749 997 stellae
1801 942 2256 997 contraoeerunt
2285 934 2555 1016 splendo-

464 1064 597 1107 rem
633 1045 865 1103 suum“
904 1041 1024 1101 IVz
1066 1028 1233 1126 [14]
1270 1042 1297 1097 1
1321 1039 1389 1099 5:
1447 1039 1625 1115 Apud
1662 1038 2080 1115 Evangelistas
2121 1036 2405 1111 „Statim
2419 1044 2556 1116 post

465 1143 879 1226 afflictionem
911 1139 1158 1201 dimam
1183 1136 1463 1212 illorum,
1504 1135 1616 1199 Sol
1641 1139 2097 1213 obscurabitur,
2136 1145 2197 1197 et
2233 1137 2412 1198 Luna
2441 1156 2553 1197 non

459 1245 645 1306 ‘dabit
701 1241 899 1304 lucem
959 1258 1167 1313 suam,
1235 1246 1294 1300 et
1348 1236 1569 1300 stellae
1621 1238 1846 1299 cadent
1903 1238 1981 1298 de
2035 1236 2219 1298 Coelo
2244 1241 2282 1271 ‘⁶‘
2352 1238 2551 1297 Matth:

354 1339 359 1346 ’
463 1345 710 1406 XXIV:
756 1346 864 1401 29.
922 1342 1115 1400 Marc:
1154 1331 1336 1399 XIII:
1381 1343 1491 1398 24.
1534 1340 1643 1398 25.
1700 1339 1770 1398 In
1809 1340 2178 1416 Apocalypsi
2238 1338 2555 1414 „Quartus

463 1440 753 1524 Anyelus
808 1440 1091 1515 clanoez't,
1167 1447 1226 1502 et
1264 1458 1577 1519 percussa
1636 1445 1731 1498 est
1782 1440 1975 1500 tertia
2033 1458 2193 1517 pars
2246 1437 2450 1514 Solia,
2506 1446 2556 1501 et

464 1545 652 1606 tertia
689 1561 855 1623 pars
906 1540 1162 1615 Lunae,
1238 1546 1299 1599 et
1362 1541 1551 1601 certia.
1602 1560 1768 1619 pars
1823 1537 2188 1615 stellarum,
2266 1546 2326 1599 et
2384 1540 2556 1601 tertia

457 1664 617 1724 pare
648 1661 863 1704 eorum
906 1639 1444 1715 obtenebrabatur,
1506 1647 1566 1701 et
1616 1639 1755 1700 dies
1792 1661 1917 1702 nou
1960 1638 2202 1701 lucebat
2236 1640 2425 1702 tertia
2460 1637 2554 1701 sui

450 1753 657 1823 parte,
698 1759 943 1820 noxque
981 1739 1330 1802 similiter“
1387 1742 1570 1801 VIII:
1619 1745 1735 1800 12:
1786 1751 1847 1801 et
1881 1742 2022 1800 alibi
2049 1741 2407 1815 „Ascendit
2439 1742 2551 1820 fu·

458 1863 603 1904 mus
648 1863 681 1902 e
706 1850 899 1921 puteo
934 1842 1180 1922 abyssi,
1221 1842 1390 1902 sicut
1420 1842 1656 1921 fumus
1684 1842 1979 1923 fornacis
2013 1861 2313 1921 φηαῃηαε,
2374 1848 2430 1903 et
2459 1842 2549 1901 ob-

459 1951 756 2004 scuratus
792 1948 886 2003 est
921 1941 1035 2003 Sol
1068 1947 1129 2002 et
1170 1950 1282 2003 aer
1327 1961 1359 2000 e
1404 1943 1763 2018 fumo“IX:
1826 1947 1860 2001 2
1883 1963 1899 2018 3
1956 1944 2116 2019 quod
2171 1945 2233 2001 in
2282 1944 2373 2002 his
2423 1943 2553 2002 locis

458 2063 568 2121 per
617 2044 826 2104 Solem'
883 2051 941 2102 et
988 2045 1219 2102 Lunam
1272 2050 1498 2102 atratos
1556 2050 1614 2100 et
1669 2044 2122 2117 obtenebrat08‚
2206 2043 2552 2120 intelligatur

460 2147 616 2221 quod
651 2163 768 2204 non
814 2145 1034 2203 bonum
1086 2145 1341 2221 amplius
1398 2161 1509 2203 nec
1561 2161 1803 2215 verum,
1862 2151 2096 2201 constat
2145 2162 2218 2202 ex
2260 2145 2375 2204 illis
2414 2160 2551 2220 quae

458 2258 644 2323 'supra
694 2248 853 2306 dicta
893 2252 1060 2315 sunt,
1117 2262 1301 2321 quare
1352 2263 1469 2302 non
1512 2244 1762 2304 ulterius
1803 2244 2190 2321 explicantur.
2274 2245 2554 2321 Quoniam

455 2349 600 2407 talia
635 2365 744 2424 per
781 2346 1234 2406 obtenebratum
1274 2344 1477 2405 Solem
1514 2345 1949 2422 significantur,
2010 2345 2145 2404 ideo
2186 2362 2321 2405 cum
2356 2346 2549 2405 Domi-

454 2466 566 2508 nus
634 2466 815 2525 super
863 2465 1041 2507 cruce
1100 2448 1238 2522 fuit,
1310 2449 1451 2522 quia
1497 2447 1572 2504 ab
1632 2446 1936 2520 Ecclesia,
2003 2464 2159 2521 quae
2211 2452 2350 2505 tunc
2402 2445 2551 2522 apud

256 2546 427 2625 [601]
459 2551 728 2609 Judaeos
783 2554 939 2621 erat,
1005 2564 1253 2624 prorsus
1307 2548 1571 2623 rejectus
1620 2548 1758 2619 suit,
1814 2553 1873 2606 et
1919 2547 2055 2605 inde
2107 2546 2198 2606 illi
2252 2549 2312 2604 in
2364 2548 2546 2605 densis

456 2651 718 2710 tenebris
767 2667 875 2708 scu
927 2649 1094 2708 falsis
1147 2648 1414 2720 suerunt,
1471 2647 1575 2706 Sol
1622 2647 1977 2706 obscuratus
2028 2651 2147 2718 est,
2204 2647 2277 2706 de
2329 2666 2441 2723 quo
2473 2650 2546 2705 ita

457 2751 617 2824 apud
646 2750 868 2807 Lucam
902 2748 1138 2823 „Hora
1166 2756 1354 2807 secvta
1391 2748 1669 2806 tenebrae
1694 2747 1917 2826 factae
1950 2753 2100 2808 sunt
2128 2766 2320 2826 super
2368 2752 2546 2807 totam

455 2855 707 2921 terram,
743 2868 938 2926 usque
965 2848 1054 2907 ad
1089 2848 1310 2908 horam
1338 2867 1585 2922 nonam,
1630 2848 2057 2908 obtenebratus
2087 2848 2254 2907 enim
2284 2855 2377 2908 est
2402 2843 2543 2906 Sol“

455 2947 704 3007 XXIII:
774 2952 885 3005 44.
945 2951 1066 3023 453
1131 2949 1242 3007 hoc
1294 2951 1515 3007 factum
1579 2954 1671 3006 est
1722 2951 1782 3006 in
1844 2952 2080 3025 signum
2144 2955 2206 3007 et
2265 2948 2539 3018 indicium,

457 3048 611 3124 quod
651 3053 903 3123 negatus
954 3049 1030 3105 sit
1065 3048 1383 3122 DominuS,
1445 3055 1505 3106 et
1543 3048 1875 3123 quod‘inde
1912 3068 2029 3108 non
2065 3049 2309 3126 aliquod
2343 3048 2542 3107 bonum

456 3155 515 3208 et
553 3166 758 3209 verum
800 3154 963 3206 esset
999 3149 1157 3224 apud
1193 3150 1325 3208 illos
1357 3151 1458 3225 qui
1496 3149 1570 3207 ab
1605 3148 1907 3223 Ecclesia,
1974 3152 2169 3208 omnia
2207 3152 2364 3208 enim
2398 3151 2545 3226 signa

456 3269 486 3307 e
527 3250 710 3308 coelis
748 3250 908 3326 apud
947 3250 1078 3307 illos
1118 3249 1654 3326 repraesentabant
1683 3256 1741 3308 et
1777 3251 2194 3326 significabant
2230 3251 2376 3308 talia
2410 3263 2541 3324 quae

341 3412 342 3415 ,
453 3353 766 3411 Ecclesiae
805 3358 959 3425 sunt,
1002 3370 1072 3408 cx
1113 3368 1297 3408 causa
1334 3353 1474 3427 quia
1510 3351 1786 3410 Ecclesia
1815 3352 1976 3428 apud
2012 3351 2145 3409 illos
2185 3359 2314 3410 erat
2348 3348 2539 3408 Eccle-

454 3457 544 3531 sia
581 3455 1124 3529 repraesentativa,
1164 3469 1273 3510 seu
1310 3450 1624 3509 constabat
1653 3468 1726 3510 ex
1755 3452 1974 3510 talibus
2006 3454 2066 3511 in
2105 3453 2369 3511 externis
2406 3463 2538 3526 quae

451 3550 988 3631 repraesentabant
1025 3559 1085 3611 et
1119 3551 1257 3610 inde
1295 3551 1712 3627 significabant
1746 3555 1978 3611 interna
2004 3552 2353 3627 Ecclesiae3
2403 3545 2538 3626 quod

450 3656 736 3714 tenebrae
766 3655 959 3712 sactae
997 3652 1215 3711 suerint
1252 3669 1437 3728 super
1472 3657 1655 3709 totam
1695 3660 1945 3721 terram,
1996 3652 2369 3729 significabat
2402 3644 2538 3726 quod

448 3773 565 3812 non
603 3757 716 3812 nisi
754 3772 930 3831 quam
964 3754 1119 3812 falsa
1163 3754 1304 3810 mali
1354 3758 1557 3810 essent
1607 3754 1763 3829 apud
1812 3754 1946 3811 illos
1993 3756 2096 3829 qui
2141 3752 2216 3811 ab
2268 3748 2535 3819 Ecclesia,

449 3860 576 3913 iota
628 3860 788 3913 terra
836 3860 929 3912 est
971 3844 1099 3911 fota
1142 3853 1444 3926 Ecclesia,
1514 3859 1573 3911 et
1634 3853 1920 3912 tenebrae
1980 3853 2317 3929 significant
2367 3849 2532 3919 falsa3

453 3955 609 4031 quod
652 3955 839 4013 tribus
875 3953 1068 4027 horis,
1119 3971 1334 4028 nempe
1373 3953 1448 4011 ab
1484 3953 1633 4011 hora
1669 3958 1842 4012 sexta
1878 3954 1953 4011 ad
1983 3971 2215 4026 nonam,
2256 3949 2530 4028 significa·

448 4053 554 4107 bat
591 4052 748 4125 quod
783 4069 1009 4109 merum
1046 4052 1260 4107 salsum
1302 4060 1360 4108 et
1408 4070 1658 4127 prorsus
1713 4071 1828 4111 non
1868 4055 2108 4129 aliquod
2154 4070 2389 4122 verum,
2438 4047 2535 4105 tria

452 4148 603 4199 enirn
649 4149 982 4219 significant
1016 4148 1289 4220 plenum,
1343 4157 1533 4208 totum
1572 4160 1631 4209 ct
1666 4170 1944 4228 prorsus,
1997 4173 2067 4212 ac
2104 4171 2209 4212 sex
2249 4160 2308 4211 et
2342 4161 2534 4209 novem

450 4239 783 4312 significant
819 4245 1012 4298 omnia
1048 4245 1106 4297 in
1136 4247 1476 4320 complexu,
1534 4249 1628 4306 hic
1664 4251 1820 4309 falsa
1858 4259 1917 4310 et
1955 4255 2113 4312 mala
2126 4273 2141 4328 3
2182 4259 2242 4311 et
2279 4250 2534 4329 quoniam
