2791 4778
336 406 570 463 CAPUT
611 405 924 467 SEXTUM.
1551 413 1562 422 ’
1687 398 1896 456 VERS:
1941 407 2031 461 16.
2187 404 2295 459 497

209 570 504 643 formatus,
569 567 730 626 faeta
773 568 896 623 sint
932 565 1089 623 sieut
1128 562 1290 638 Lux3
1354 559 1467 621 sed
1505 560 1580 620 de
1619 559 1715 619 his
1758 559 2075 619 videantur
2121 558 2300 633 plura

208 672 258 728 in
288 669 478 745 Opere
517 668 590 726 de
631 667 838 726 Coeno
889 684 964 724 εἰ·
1013 664 1290 722 INrr-:nNo
1339 680 1406 720 n:
1464 667 1594 720 177
1640 661 1715 719 ad
1771 663 1938 736 1823
1995 676 2065 717 ac
2115 675 2302 737 supra

208 788 262 828 n:
300 774 403 829 64.
453 770 615 827 195.
653 771 816 825 271.
859 753 1061 825 39ss
1108 763 1289 840 Apud
1323 762 1694 822 Matthaeum
1738 760 1983 836 „Jews
2010 758 2189 821 dixit
2223 758 2301 820 de

199 888 369 948 puero
383 914 401 945 ,
485 888 666 947 quem
721 866 955 927 statuit
1004 865 1075 925 in
1137 862 1345 923 medio
1397 859 1891 940 diwzspwlffum,
1945 857 2167 919 ‘videte
2225 879 2302 922 ne

206 969 596 1030 contemnatis
634 965 837 1028 ullum
873 986 954 1026 eoe
979 962 1254 1045 pusillis
1289 963 1435 1037 him
1474 962 1615 1024 dico
1651 963 1825 1022 vobis
1860 959 2028 1041 qaod
2061 957 2303 1040 Anyeli

206 1089 396 1131 eoram
436 1071 509 1130 in
560 1066 766 1129 Coeli-9
803 1086 1045 1146 semper
1080 1064 1337 1125 videant
1357 1066 1602 1146 faeiem
1649 1061 1880 1125 Patris
1919 1060 2044 1121 mei
2075 1060 2187 1139 qui
2233 1060 2304 1121 in

207 1169 394 1231 Caelis
428 1173 573 1230 est“
628 1169 872 1229 XVIII:
921 1170 1039 1243 103
1097 1167 1309 1224 dieitur
1356 1166 1514 1242 quod
1548 1164 1767 1241 Angeli
1803 1182 2007 1223 eorum
2044 1162 2301 1231 videant,

209 1275 333 1348 quia
368 1271 533 1349 apud
570 1286 1052 1346 unumquemque
1088 1268 1386 1326 hominem
1426 1274 1564 1326 sunt
1600 1266 1842 1342 spiritus
1882 1269 1943 1322 et
1978 1263 2194 1340 angeli,
2232 1279 2304 1322 ae
2363 1305 2376 1317 .

207 1373 344 1431 tales
382 1375 630 1449 spiritus
671 1378 728 1429 et
765 1370 959 1446 angeli
998 1368 1192 1444 qualis
1220 1368 1395 1426 homo
1426 1372 1517 1426 est
1530 1388 1547 1444 3
1603 1365 1765 1442 apud
1790 1365 2045 1422 infantes
2080 1379 2305 1439 pueros

205 1483 327 1531 sunt
363 1473 579 1550 Angeli
617 1490 692 1530 ex
729 1473 933 1530 intimo
984 1459 1194 1543 Coelo,
1249 1468 1313 1527 hi
1359 1468 1564 1526 vident
1599 1466 1919 1524 Dominum
1968 1469 2035 1521 ut
2082 1463 2303 1537 Solem,

204 1582 328 1633 sunt
364 1578 521 1634 enim
558 1576 620 1631 in
656 1589 857 1630 amore
892 1574 950 1629 in
987 1570 1193 1646 Ipsum
1246 1577 1305 1628 et
1350 1571 1413 1632 in
1448 1568 1810 1640 innocentia,
1867 1565 1982 1624 hoc
2017 1564 2302 1641 intelligi-

204 1682 289 1731 tur
321 1679 380 1734 in
412 1691 597 1734 sensu
631 1675 898 1749 proximo
935 1690 1048 1748 per
1083 1670 1243 1745 quod
1294 1671 1511 1747 Angeli
1557 1687 1761 1729 eorum
1813 1666 2055 1725 videant
2088 1666 2307 1724 faeiem

205 1776 386 1834 Patris
443 1777 567 1852 sui3
622 1792 732 1849 per
783 1774 995 1831 faeiem
1048 1772 1243 1830 Patris
1294 1773 1641 1848 intelligitur
1676 1771 1931 1829 Divinus
1980 1767 2166 1826 Amor
2202 1765 2308 1842 qui

205 1876 301 1934 fuit
336 1880 396 1933 in
432 1875 717 1944 Domino,
770 1874 1019 1951 proinde
1055 1872 1263 1948 Ipsum
1302 1874 1585 1931 Divinum
1624 1871 1779 1947 quod
1819 1867 2131 1938 Jehovah,
2169 1883 2308 1924 nam

206 1976 375 2035 Pater
410 1979 519 2034 suit
553 1978 613 2033 in
649 1976 823 2051 IpSO‚
863 1982 922 2033 et
955 1974 1099 2051 Ipse
1136 1976 1194 2031 in
1228 1974 1442 2046 Patre,
1482 1991 1553 2031 ao
1592 1978 1758 2031 erant
1794 1988 2007 2041 unum,
2064 1972 2131 2025 ut
2162 1967 2309 2042 lpse

209 2076 402 2136 docet:
441 2087 501 2135 at
539 2077 746 2135 eadem
773 2076 877 2133 illa
906 2076 1087 2134 verba
1113 2077 1172 2132 in
1207 2090 1358 2149 puro
1398 2089 1580 2131 sensu
1616 2063 1914 2145 spirituali
1948 2065 2304 2143 significant,

213 2178 360 2253 quod
394 2179 678 2235 Dominus
714 2177 910 2252 quoad
946 2178 1231 2235 Divinum
1261 2190 1434 2231 suum
1463 2171 1697 2230 Bonum
1737 2170 1812 2225 sit
1849 2169 1909 2224 in
1943 2166 2099 2224 bono
2138 2166 2313 2222 inno-

216 2280 468 2349 centiae,
519 2279 626 2336 hoe
679 2280 835 2336 enim
890 2296 999 2354 per
1052 2276 1338 2333 infantem
1385 2289 1643 2349 puerum
1689 2271 1751 2328 in
1795 2284 1979 2327 sensu
2016 2263 2315 2342 spirituali

221 2377 592 2451 significatur,
658 2386 717 2437 et
764 2397 873 2456 per
918 2380 1131 2436 faciem
1181 2376 1378 2434 Patris
1433 2374 1719 2433 Divinum
1766 2369 1998 2429 Bonum
2051 2365 2313 2425 Domini.

222 2477 313 2534 De
345 2481 525 2537 servis
562 2473 831 2552 Domini,
883 2497 992 2556 per
1030 2495 1179 2554 quos
1209 2477 1623 2552 intelliguntur
1661 2475 1762 2548 qui
1802 2474 1860 2528 in
1895 2470 2129 2528 Divinis
2158 2467 2316 2525 veris

222 2587 351 2636 sunt
383 2598 452 2638 ex
489 2597 559 2638 eo
599 2581 755 2654 quod
782 2583 842 2637 in
876 2581 1033 2638 bono
1071 2581 1286 2637 amoris
1327 2584 1387 2636 et
1427 2576 1731 2635 charitatis
1769 2578 1939 2639 sunt,
1992 2567 2184 2627 simile
2221 2565 2315 2626 di-

219 2679 357 2739 eitur
388 2684 447 2739 in
485 2680 852 2757 Apocalypsi
901 2679 1250 2755 „Thronus
1304 2676 1445 2737 Dei
1496 2681 1556 2734 et
1596 2672 1778 2752 Aym'
1814 2671 1883 2731 in
1924 2667 2112 2728 Nova
2146 2664 2314 2726 Hie-

213 2778 525 2862 rosolyma
564 2781 711 2856 erit,
758 2786 816 2839 et
857 2780 1023 2841 servi
1058 2778 1282 2858 Ipsius
1325 2776 1779 2837 ministrabunt
1812 2768 1989 2850 Ipsi,
2044 2773 2103 2828 et
2139 2764 2315 2826 vide-

211 2879 354 2941 bunc
377 2882 621 2962 faciem
656 2882 928 2961 Ipsius“
969 2880 1186 2939 XXII:
1232 2881 1292 2938 3.
1347 2883 1421 2952 43
1490 2876 1599 2934 sed
1634 2875 1707 2932 de
1743 2873 1836 2931 his
1884 2869 2162 2927 videatur
2208 2885 2317 2927 ex·-

209 2982 450 3058 plieatio
488 2986 546 3041 in
597 2983 1004 3059 sequentibus.
1095 2980 1277 3056 Apud
1311 2978 1556 3055 Esajam
1607 2972 1735 3051 „In
1789 2971 1961 3033 omni
2010 2967 2324 3051 anqustia

207 3101 415 3144 eorum
449 3082 598 3162 Ipsi
631 3085 970 3163 anqustia,
1027 3088 1086 3141 et
1121 3058 1416 3161 Anyeltts
1463 3068 1777 3155 faeierum
1810 3073 2037 3154 Ipsius
2088 3068 2320 3132 libera-

207 3185 292 3246 vit
328 3203 467 3259 eoa,
523 3185 593 3244 ob
633 3203 908 3244 amorem
945 3202 1133 3244 saum
1176 3190 1234 3243 et
1265 3178 1658 3242 clementiam
1694 3195 1881 3238 suam
1917 3173 2019 3235 hio
2060 3167 2327 3233 redemit

206 3303 331 3362 eos,
399 3290 459 3344 et
499 3284 811 3345 assumsit
858 3303 993 3358 we,
1049 3291 1109 3343 et
1136 3282 1426 3362 portavit
1463 3280 1750 3341 omnibus
1786 3275 2005 3336 diebus
2048 3267 2321 3333 aeterni-

208 3389 410 3448 tatie“
455 3385 694 3446 LXIII:
741 3389 810 3460 93
867 3389 1061 3462 agitur
1098 3385 1183 3442 ibi
1232 3383 1305 3441 de
1342 3383 1629 3452 Domine,
1687 3380 1789 3452 qui
1825 3372 2100 3449 Angelus
2138 3370 2326 3437 faeie-

206 3507 332 3548 rum
373 3486 646 3546 Jehovae
684 3495 931 3545 vocatur
969 3505 1041 3544 ex
1084 3486 1304 3543 Divino
1340 3481 1505 3538 Vero
1544 3475 1703 3553 quod
1731 3491 1805 3532 ex
1840 3473 2064 3529 Divino
2102 3469 2325 3526 Amore

206 3588 441 3666 Ipsius»,
520 3607 629 3665 per
675 3587 974 3662 Angelum
1024 3587 1178 3643 enim
1226 3584 1287 3641 in
1345 3579 1549 3638 Verbo
1610 3571 1981 3650 significatur
2021 3562 2327 3630 ‘Divinum

208 3689 465 3763 Verum,
527 3689 683 3748 unde
723 3691 902 3746 etiam
939 3685 1156 3761 Angeli
1190 3684 1467 3741 dicuntur
1515 3678 1622 3752 dii,
1687 3672 1962 3732 videatur
2014 3684 2200 3744 supra
2252 3685 2323 3725 nz
2365 3666 2527 3744 [⁶7²]

215 3794 376 3851 130.
427 3793 585 3849 200.
641 3791 813 3861 3023
871 3793 929 3846 et
972 3803 1083 3863 per
1124 3785 1308 3843 facies
1363 3781 1637 3841 Jehovae
1684 3772 2037 3848 intelligitur
2069 3769 2330 3827 Divinus

207 3893 399 3950 Amor
435 3893 534 3966 qui
569 3893 631 3948 in
665 3889 951 3962 Domin0,
1006 3884 1144 3945 inde
1197 3885 1375 3943 etiam
1428 3882 1673 3950 dicitur,
1728 3874 1802 3934 ob
1856 3887 2118 3930 amorem
2154 3884 2332 3926 suum

211 3999 270 4050 et
306 3991 684 4050 elementiam
721 4005 891 4046 suam
930 3989 1044 4046 Hie
1096 3985 1349 4043 redemit
1399 3982 1540 4041 illos
1554 4025 1573 4055 ,
1638 3985 1697 4038 et
1732 3974 2016 4035 assumsit
2048 3969 2214 4039 illos,
2272 3973 2334 4025 et

208 4093 473 4167 portavit
516 4090 803 4149 ‘omnibus
860 4088 1071 4146 diebus
1130 4085 1543 4154 aeternitatiS,
1624 4080 1774 4139 haec
1835 4072 2040 4134 Divini
2091 4067 2346 4128 Amoris*

211 4200 383 4252 sunt:
443 4200 571 4250 erat
605 4193 899 4250 Dominus
936 4187 1132 4264 quoad
1170 4184 1510 4244 Humanum
1546 4196 1721 4240 suum
1764 4177 2049 4235 Divinum
2084 4170 2333 4241 Verum,
2407 4234 2418 4253 ἱ

214 4309 289 4351 ex
324 4309 443 4371 quo
491 4293 784 4369 pugnavit
821 4307 954 4349 cum
990 4288 1275 4361 Infernis,
1331 4275 1390 4343 et
1439 4299 1550 4360 per
1604 4278 1762 4358 quod
1818 4274 2164 4353 subjugavit
2209 4268 2334 4340 illa,

316 4408 751 4459 Swedenborg‚
796 4403 987 4459 Apocal.
1021 4401 1133 4455 expl.
1168 4402 1230 4441 11,
1934 4379 2017 4435 32
