2791 4778
395 363 624 421 CAPUT
677 363 985 419 SEXTUM.
1783 362 1990 422 VERS=
2037 377 2087 428 5.
2244 379 2353 433 241

245 545 308 587 eo
343 524 790 605 lanqueeoenffl
833 521 1087 586 XXXI:
1141 527 1260 601 153
1315 527 1514 603 agitur
1549 525 1631 585 ibi
1672 525 1746 585 de
1787 526 2083 604 Aschure,
2124 532 2226 605 qui
2270 528 2354 593 ibi

243 627 600 687 assimilatur
638 626 866 700 Cedro,
924 632 984 685 et
1022 642 1135 702 per
1169 625 1508 686 Ast-hurem
1558 625 1641 685 ibi
1690 628 2059 704 significatur
2104 632 2350 690 ratioci-

242 731 396 787 natio
427 728 505 785 de
530 728 689 785 veris
710 726 1017 786 Ecclesiae
1047 743 1120 785 ex
1156 729 1401 803 propria
1434 727 1847 803 intelligentia,
1886 735 1945 788 et
1969 747 2081 806 per
2105 729 2351 790 cedrum

239 845 438 887 verum
474 827 787 886 Ecclesiae
821 826 1182 903 spiritualis3
1240 826 1398 902 quod
1434 829 1521 887 sic
1556 830 1862 904 periturae
1898 845 2105 889 omnes
2142 833 2351 907 cogni-

243 932 430 988 tiones
466 930 628 1002 veri,
679 934 739 985 et
774 944 910 986 eum
946 927 1064 986 illis
1102 929 1300 986 omnia
1333 944 1480 986 vera
1517 946 1671 1004 quae
1708 923 1950 1006 sapiunt
1988 947 2063 989 ex
2095 930 2252 990 bono
2290 938 2352 990 et

237 1030 365 1089 inde
403 1045 580 1088 suam
617 1030 942 1088 essentiam
985 1028 1234 1097 habent,
1288 1027 1656 1104 significatur
1689 1047 1801 1106 per
1842 1033 2040 1089 omnia
2072 1030 2176 1089 illa
2208 1049 2350 1090 ver-

237 1130 337 1204 ba3
374 1128 636 1205 abyssus
676 1146 829 1208 quae
865 1145 1049 1205 super
1083 1128 1185 1186 illo
1223 1128 1569 1204 obtegetur,
1624 1135 1683 1188 et
1717 1130 1963 1190 fiumina
1999 1148 2154 1207 quae
2188 1131 2347 1190 inhi-

236 1230 530 1290 bebuntur
551 1273 565 1300 ‚
616 1236 758 1288 sunt
791 1231 1158 1305 cognitiones
1195 1230 1324 1287 veri
1352 1246 1423 1287 ac
1458 1229 1596 1288 inde
1630 1230 2051 1307 intelligentia,
2090 1230 2351 1309 abyssus

241 1337 338 1389 aut
396 1347 569 1388 mare
623 1329 918 1405 significat
964 1328 1355 1387 scientificum
1405 1336 1465 1388 et
1520 1332 1876 1406 cognitivum
1938 1333 1999 1389 in
2051 1334 2351 1391 communi

240 1430 389 1507 qnod
422 1432 484 1489 in
520 1430 781 1488 naturali
805 1429 1077 1503 homine,
1134 1435 1194 1487 et
1227 1430 1470 1487 flumina
1508 1431 1843 1507 significant
1876 1432 1982 1490 illa
2018 1449 2173 1508 quae
2210 1439 2351 1492 sunt

237 1531 661 1607 intelligentiae
674 1549 690 1605 3
757 1546 952 1605 aquae
1012 1546 1262 1606 magnae
1317 1547 1474 1605 quae
1528 1531 1948 1606 occludentur,
2011 1532 2349 1610 significant

239 1648 375 1691 vera
410 1648 571 1707 quae
600 1632 842 1707 sapiunt
879 1648 954 1689 ex
987 1630 1143 1688 bono
1181 1635 1240 1687 et
1274 1629 1411 1690 inde
1452 1633 1772 1691 essentiam
1813 1633 2086 1707 trahunt,
2151 1649 2348 1710 aquae

239 1737 368 1790 sunt
399 1748 582 1805 vera,
639 1737 701 1788 et
734 1747 1013 1806 magnum
1049 1732 1107 1787 in
1143 1729 1347 1790 Verbo
1382 1731 1769 1808 praedicatur
1807 1732 1880 1792 de
1916 1732 2105 1809 bono;
2157 1732 2344 1792 Liba-

241 1849 346 1891 nus
393 1835 497 1908 qui
540 1848 726 1909 super
762 1847 834 1890 eo
869 1830 1189 1906 atrabitur,
1247 1837 1307 1891 et
1356 1832 1601 1892 arbores
1651 1851 1804 1909 quae
1853 1850 2038 1910 super
2085 1851 2158 1894 eo
2207 1834 2346 1894 lan-

244 1938 557 2009 guescent,
602 1930 898 2008 significat
931 1931 1094 2008 quod
1127 1949 1274 1991 vera
1306 1932 1617 1993 Ecclesiae
1657 1935 1915 2011 amplius
1951 1934 2117 1993 nulla
2154 1940 2347 2009 erunt,

239 2039 296 2091 et
329 2033 486 2109 quod
529 2034 896 2108 cognitiones
935 2038 1108 2090 erunt
1152 2033 1380 2110 absque
1432 2036 1819 2111 perceptione
1873 2037 2029 2106 veri,
2080 2034 2348 2095 Libanus

241 2135 388 2191 enim
426 2133 726 2209 significat
770 2132 1104 2191 Ecclesiam
1153 2133 1352 2208 quoad
1382 2151 1564 2209 vera,
1619 2137 1704 2193 ita
1740 2153 1979 2211 quoque
2019 2146 2177 2194 ‘vera
2222 2135 2344 2194 Ec-

241 2233 453 2291 clesiae
490 2233 685 2293 simile
724 2250 794 2290 ac
831 2233 1073 2308 cedrus,
1118 2240 1178 2292 et
1213 2232 1462 2293 arbores
1489 2236 1616 2310 agri
1643 2235 1975 2310 significant
2009 2234 2349 2294 Ecclesiam

241 2333 430 2408 quoad
466 2336 835 2411 cognitiones
872 2336 1021 2409 veri,
1057 2335 1141 2393 ita
1177 2350 1416 2411 quoque
1453 2337 1818 2411 cognitiones
1847 2335 1974 2394 veri
2010 2334 2344 2411 Ecclesiae,

247 2434 476 2493 arbores
540 2437 706 2511 ipsas
766 2437 1166 2511 cognitiones,
1233 2442 1292 2494 et
1353 2451 1498 2511 ager
1558 2435 1923 2511 Ecclesiam3
1977 2434 2115 2494 inde
2176 2439 2348 2512 patet
2388 2442 2548 2507 [505]

251 2533 403 2607 quod
433 2543 626 2594 atrare
660 2535 953 2594 Libanum
990 2536 1283 2612 significet
1318 2534 1479 2613 qnod
1513 2553 1631 2595 non
1666 2535 1923 2612 amplius
1958 2552 2107 2594 vera
2132 2534 2351 2594 Eccle-

244 2635 386 2693 siae.
451 2635 521 2693 In
559 2636 813 2695 Threnis
852 2633 1056 2709 „Albi
1091 2643 1274 2697 erant
1314 2634 1633 2697 Naziraei
1656 2653 1821 2715 prae
1852 2634 2028 2710 nive,
2083 2633 2354 2696 candidi

241 2740 414 2795 erant
425 2754 592 2814 prae
619 2732 778 2797 lacte
791 2754 821 2808 ;
856 2737 1189 2798 obscurata
1217 2741 1312 2797 est
1324 2754 1489 2816 prae
1513 2735 1845 2817 niyredine
1858 2735 2082 2815 forma
2114 2753 2349 2812 eorum,

239 2852 355 2894 non
398 2844 864 2916 coquosouncur
901 2836 972 2897 in
997 2834 1290 2916 platei8“
1330 2837 1447 2896 IV:
1514 2842 1571 2896 7.
1618 2840 1687 2914 83
1743 2837 1886 2914 quid
1930 2836 2081 2897 haec
2117 2835 2347 2915 signifi-

240 2942 369 2994 cant
403 2954 580 2997 nemo
618 2939 773 2996 scire
807 2943 1043 3014 potest,
1093 2939 1210 2996 nisi
1242 2939 1397 2997 sciat
1432 2937 1573 3014 qnid
1605 2938 1887 2998 Naziraei
1919 2943 2348 3015 repraesenta-

238 3033 398 3113 bant3
469 3037 753 3096 Naziraei
813 3037 1357 3114 repraesentabant
1418 3039 1740 3098 Dominum
1805 3038 2003 3115 quoad
2061 3040 2350 3098 Divinum

237 3136 532 3214 coeleste3
591 3144 651 3197 et
695 3140 834 3214 quia
881 3140 1080 3197 omnia
1128 3144 1353 3197 statuta
1387 3138 1699 3199 Ecclesiae
1742 3145 1881 3197 tunc
1917 3144 2344 3216 repraesenta-

235 3235 371 3296 bant
416 3239 571 3297 talia
617 3256 772 3315 quae
822 3237 991 3299 Coeli
1043 3245 1103 3297 et
1146 3238 1457 3298 Ecclesiae
1505 3245 1674 3314 sunt,
1741 3241 1825 3298 ita
1876 3256 2030 3315 quae
2083 3238 2347 3311 Domini,

235 3353 363 3396 nam
400 3356 438 3398 a
470 3340 731 3399 Domino
768 3346 908 3397 sunt
953 3341 1152 3398 omnia
1202 3337 1369 3398 Coeli
1406 3345 1467 3398 et
1500 3338 1841 3414 Ecclesiae,
1900 3345 1959 3398 et
2000 3340 2142 3421 quia
2174 3340 2343 3415 prin-

238 3438 422 3514 cipale
470 3440 1057 3515 repraesentativum
1105 3438 1349 3497 Domini
1398 3445 1528 3498 erat
1572 3439 1993 3510 Naziraeatus,
2049 3436 2187 3494 inde
2234 3453 2346 3512 per

237 3535 334 3596 illa
365 3539 556 3598 verba
594 3539 991 3616 significatur,
1057 3538 1217 3616 quod
1252 3556 1426 3599 omne
1478 3539 2055 3615 repraesentativum
2102 3536 2346 3594 Domini

237 3640 475 3712 perierit
489 3659 505 3715 ;
559 3642 883 3716 genuinum
925 3642 1508 3716 repraesentativum
1559 3634 2201 3697 Dominisdescribitur
2233 3651 2346 3712 per

237 3737 351 3796 albi
398 3747 570 3799 erant
613 3740 896 3800 Naziraei
941 3757 1089 3816 prae
1130 3742 1298 3814 nive,
1357 3746 1417 3799 et
1464 3738 1702 3798 candidi
1750 3742 1920 3797 erant
1967 3752 2115 3813 prae
2164 3735 2341 3812 lacte,

232 3854 337 3913 per
368 3858 539 3916 cquae
586 3842 956 3918 significatur
997 3842 1579 3917 repraesentativum
1614 3838 1815 3896 Divini
1850 3836 1999 3897 Veri
2047 3840 2108 3896 et
2143 3836 2347 3896 Divini

233 3935 381 3997 Boni
428 3943 490 3999 in
543 3958 656 4000 sua
700 3942 1099 4017 perfectione,
1162 3941 1365 3999 album
1417 3943 1574 3999 enim
1616 3939 2003 4017 praedicatur
2055 3936 2131 3997 de
2177 3954 2343 4008 vero,

238 4037 509 4098 similiter
543 4042 674 4115 nix,
731 4048 793 4100 et
829 4041 1144 4101 candidum
1185 4041 1258 4101 de
1306 4040 1467 4102 bono
1505 4040 1665 4111 veri,
1716 4038 1988 4100 similiter
2022 4040 2148 4116 lac;
2188 4036 2351 4116 quod

237 4151 408 4197 omne
451 4144 1037 4218 repraesentativum
1070 4144 1279 4202 Divini
1314 4142 1464 4202 Veri
1500 4141 1876 4220 deperditum
1900 4143 2007 4217 sit,
2050 4138 2345 4200 describi-

230 4240 323 4294 tur
386 4257 496 4316 per
558 4242 882 4301 obscurata
945 4249 1038 4302 est
1097 4260 1245 4320 prae
1301 4241 1611 4320 nigredine
1671 4243 1859 4302 forma
1914 4259 2115 4301 eorum
2140 4284 2156 4313 ,
2227 4255 2348 4300 non

336 4354 763 4410 Swedenborg.
809 4358 999 4410 Apocal.
1033 4358 1145 4411 expl.
1183 4359 1242 4398 ΙΙ.
1950 4344 2032 4396 16
