2791 4778
389 373 619 430 cAPu'r
659 373 971 431 sux'rmu.
1764 375 1977 449 VERS=
2025 388 2077 438 s.
2239 389 2347 442 301

238 556 357 596 mn
392 535 469 594 de
504 535 657 593 bono
706 541 767 593 et
795 533 956 593 Vero
993 550 1061 593 n:
1112 536 1185 592 ll
1227 535 1304 593 ad
1339 539 1424 594 27
1472 535 1630 594 <licta
1667 540 1726 594 et
1771 535 1955 594 allata
1992 541 2150 607 sunt,
2190 553 2348 613 qnae

228 637 562 697 videantur.

381 737 546 797 385.
616 735 689 794 In
733 734 1120 811 romphaea,··
1143 735 1300 810 quod
1336 734 1630 810 significet
1664 752 1775 813 per
1810 735 2058 812 falsum,
2115 743 2350 798 constat

233 857 300 898 ex
332 837 770 915 significatione
812 834 1206 912 romphaeae,
1261 835 1421 912 quod
1460 839 1538 894 sit
1575 853 1781 895 verum
1817 853 2093 913 pugnans
2140 845 2349 899 contra

227 939 435 998 falsum
479 944 542 997 et
577 937 892 995 destruens
943 935 1119 1010 illud,
1175 952 1244 994 ac
1294 938 1353 994 in
1389 939 1668 1013 oppossto
1717 952 1899 997 sensu
1956 937 2173 996 salsum
2220 948 2343 1015 pu-

230 1057 406 1117 gnans
470 1044 681 1097 contra
739 1054 945 1095 verum
1006 1042 1067 1095 et
1132 1035 1446 1096 destruens
1508 1036 1685 1112 illud,
1743 1037 1817 1096 de
1870 1055 1989 1114 qua
2035 1054 2222 1114 supra
2271 1056 2344 1097 nx

229 1140 385 1199 131.
453 1141 620 1199 367.
1409 1154 1414 1158 ·
1894 1132 1919 1149 ”’

373 1240 545 1299 386.
610 1238 687 1295 Et
725 1239 784 1294 in
821 1237 1007 1309 same,
1062 1236 1221 1314 quod
1259 1235 1552 1313 significet
1599 1255 1708 1314 per
1741 1240 2173 1314 privationem,
2231 1238 2341 1299 de-

221 1340 439 1399 fectum
497 1345 558 1396 et
604 1339 999 1415 ignorantiam
1050 1339 1449 1414 cognitionum
1491 1339 1618 1400 veri
1661 1345 1722 1397 et
1765 1337 1934 1412 boni,
1992 1344 2226 1398 constat
2273 1356 2346 1400 ex

221 1440 656 1518 significatione
705 1439 909 1513 famis,
977 1437 1138 1520 quod
1190 1439 1268 1496 sit
1332 1439 1589 1514 privatio
1643 1441 2041 1514 cognitionum
2101 1441 2229 1499 veri
2283 1445 2344 1500 et

220 1541 382 1610 boni,
443 1523 577 1598 tum
626 1539 897 1598 desectus
945 1555 1014 1596 ac
1056 1540 1395 1615 ignorantia
1437 1554 1678 1608 earum,
1738 1538 1889 1598 haec
1935 1538 2344 1615 significantur

215 1658 324 1718 per
359 1642 585 1699 samem
622 1641 683 1697 in
718 1637 953 1713 Verb03
994 1638 1154 1714 quod
1187 1638 1338 1697 haec
1376 1655 1487 1715 per
1522 1639 1739 1697 famem
1776 1639 2208 1715 significentur,
2251 1645 2346 1700 est

218 1743 356 1817 quia
392 1757 514 1817 per
548 1739 746 1797 cibum
785 1744 844 1797 et
877 1745 1084 1814 potum
1122 1739 1530 1814 significantur
1555 1741 1753 1798 omnia
1788 1757 1942 1815 quae
1978 1742 2245 1798 nutriunt
2282 1746 2344 1800 et

220 1846 566 1900 sustentant
609 1842 791 1897 vitam
833 1838 1238 1914 spiritualem,
1294 1856 1448 1915 quae
1500 1841 1560 1896 in
1597 1857 1818 1916 genere
1872 1846 2012 1898 sunt
2049 1843 2342 1917 cognitio-

218 1959 321 2001 nes
363 1942 504 1999 veri
558 1946 620 1997 et
667 1938 836 1997 boni:
892 1941 1027 2015 ipsa
1073 1941 1196 1997 vita
1244 1938 1576 2015 spiritualis
1625 1957 1818 2016 aeque
1860 1957 1973 1998 sua
2018 1943 2342 2001 nutritione

217 2049 275 2102 et
307 2041 752 2101 sustentatione
789 2045 955 2115 eget,
992 2045 1172 2115 prout
1200 2040 1322 2096 vita
1359 2040 1677 2113 naturaliS,
1723 2058 1908 2116 quare
1943 2040 2049 2099 illa
2080 2042 2139 2097 in
2181 2041 2339 2101 fame

213 2142 439 2202 dicitur
460 2156 618 2215 esse,
643 2140 878 2215 quando
905 2139 1081 2198 homo
1105 2140 1455 2216 deprivatur
1481 2139 1622 2214 illis,
1646 2147 1748 2197 aut
1773 2140 2008 2215 quando
2039 2139 2339 2212 deficiunt,

218 2249 320 2302 aut
354 2240 599 2319 quando
633 2242 979 2316 ignorantur
1009 2246 1069 2300 et
1104 2256 1296 2316 usque
1333 2239 1765 2314 desiderantur3
1807 2242 1986 2312 etiam
2015 2238 2132 2298 cibi
2160 2246 2340 2299 natu-

216 2343 379 2404 rales
414 2340 879 2419 correspondent
903 2340 1049 2401 cibis
1067 2338 1498 2418 spiritualibuS,
1527 2341 1683 2400 sicut
1709 2340 1884 2417 panis
1914 2339 2067 2398 bono
2096 2342 2334 2415 amoris,

221 2445 432 2501 vinum
447 2445 602 2501 veris
625 2442 780 2515 inde,
814 2458 884 2500 ac
912 2442 1128 2518 reliqui
1157 2441 1273 2502 cibi
1302 2449 1361 2500 et
1386 2445 1581 2517 potus
1605 2443 1663 2499 in
1691 2443 1894 2518 specie
1927 2442 2051 2499 suis
2074 2439 2247 2500 bonis
2278 2445 2340 2499 et

221 2545 407 2615 veriS,
451 2541 522 2599 de
552 2543 764 2618 quibus
791 2544 1020 2619 passim
1050 2549 1249 2602 actum
1284 2547 1378 2601 est
1403 2544 1465 2600 in
1498 2540 1997 2618 praecedentibus
2036 2546 2095 2599 et
2121 2545 2336 2617 agetur

215 2646 279 2702 in
320 2643 729 2718 sequentibus.
811 2643 1048 2701 Dicitur
1084 2641 1243 2719 quod
1292 2643 1481 2701 fames
1529 2642 1824 2719 significet
1867 2641 2338 2717 deprivationem

219 2745 627 2820 cognitionum
655 2745 784 2803 veri
822 2749 883 2802 et
918 2743 1076 2816 boni,
1117 2749 1238 2800 tum
1269 2741 1564 2802 defectum
1605 2748 1665 2801 et
1690 2743 2083 2819 ignorantiam
2110 2758 2338 2812 eornm,

217 2846 361 2920 quia
398 2842 734 2919 deprivatio
772 2849 865 2903 est
900 2842 1063 2919 apud
1089 2842 1224 2901 illos
1264 2843 1368 2918 qui
1400 2845 1463 2901 in
1497 2841 1669 2901 malis
1711 2849 1770 2901 et
1802 2842 1941 2901 inde
1967 2841 2138 2902 falsis
2173 2847 2333 2918 sunt,

210 2944 488 3003 desectus
533 2942 695 3019 apud
745 2942 877 3003 illos
916 2945 1019 3020 qui
1052 2960 1170 3001 non
1205 2949 1464 3019 possunt
1497 2944 1652 3001 scire
1688 2942 1823 3002 illas
1861 2945 2003 3020 quia
2038 2961 2157 3002 non
2196 2947 2337 3001 sunt

210 3047 270 3102 in
303 3043 592 3103 Ecclesia
631 3060 740 3102 seu
783 3044 843 3101 in
879 3043 1149 3102 doctrina
1186 3043 1347 3119 ejuS,
1401 3049 1461 3101 et
1494 3044 1828 3119 ignorantia
1864 3043 2025 3119 apud
2059 3043 2196 3101 illos
2234 3044 2335 3119 qui

209 3147 414 3205 sciunt
452 3144 613 3219 quod
648 3145 790 3217 sint,
849 3149 908 3202 et
952 3143 1091 3202 inde
1145 3141 1492 3202 desiderant
1532 3142 1698 3201 illas:
1752 3144 1904 3204 haec
1939 3145 2052 3202 tria
2092 3160 2203 3220 per
2237 3143 2332 3200 fa-

209 3263 369 3304 mem
428 3246 487 3301 in
538 3244 741 3302 Verbo
790 3243 1226 3319 significantur,
1293 3249 1358 3301 ut
1412 3250 1685 3302 constare
1734 3252 1934 3322 potest.
1981 3262 2017 3302 a
2060 3243 2208 3302 locis
2252 3242 2336 3301 ibi

205 3344 316 3404 ubi
350 3345 577 3417 fames,
632 3346 992 3418 esuriente3‚
1043 3346 1176 3402 sitis
1215 3353 1274 3403 et
1308 3345 1577 3403 sitientes
1629 3348 2034 3420 nominantnr3
2105 3341 2266 3419 quod
2303 3341 2337 3401 Ι

197 3446 428 3525 fames
483 3442 801 3524 siqniflcet
847 3442 1343 3522 deprivatimoem
1395 3441 1829 3523 coynitionum
1879 3441 2014 3502 veri
2071 3447 2131 3501 et
2190 3441 2335 3501 bona·

202 3563 370 3624 quae
403 3551 499 3604 est
534 3542 711 3622 apud
744 3541 896 3603 illos
932 3542 1043 3622 qui
1095 3543 1165 3605 in
1203 3541 1401 3604 malis
1441 3550 1502 3604 et
1536 3542 1691 3604 inde
1715 3540 1926 3621 falsis
1963 3546 2132 3614 sunt,
2181 3556 2329 3597 con-

208 3651 335 3704 stat
370 3663 410 3702 a
445 3644 867 3721 sequentibus;
923 3644 1085 3719 apud
1117 3646 1360 3723 Esajam
1401 3642 1531 3718 „In
1574 3639 2096 3703 eoecandescentia
2135 3636 2329 3699 Jeho-

205 3762 329 3804 vae
380 3743 664 3804 Zebaoth
720 3743 1056 3804 obscurata
1108 3751 1203 3804 est
1263 3749 1436 3804 terra
1450 3788 1469 3818 ,
1517 3743 1859 3824 factusque
1919 3746 2014 3801 est
2050 3735 2335 3820 populus

205 3845 388 3905 cibus
439 3843 650 3923 iynis,
703 3843 805 3903 vir
831 3843 1047 3922 fratri
1089 3862 1203 3904 suo
1242 3862 1366 3904 non
1388 3848 1645 3922 parcen
1699 3848 1758 3902 et
1792 3843 1855 3903 si
1900 3839 2206 3902 deciderit
2244 3838 2335 3902 ad

208 3943 547 4019 dextram,
601 3943 840 4005 esuriet
879 3948 1117 4018 tamen,
1180 3951 1240 4004 et
1275 3943 1335 4003 si
1375 3941 1646 4003 comedit
1685 3942 1774 4003 ad
1812 3942 2169 4017 sinistram,
2211 3961 2337 4004 non

206 4045 707 4118 saturabuntur,
776 4044 879 4104 vir
936 4061 1187 4104 carnem
1238 4042 1485 4104 brachii
1531 4043 1640 4105 sui
1690 4041 2007 4104 comedent
2023 4086 2041 4117 ,
2104 4040 2331 4104 Mena-

207 4144 397 4205 scheh.
451 4143 916 4230 Ephraimum,
998 4149 1058 4203 et
1109 4142 1515 4223 Ephraimus
1567 4142 1944 4205 Menaechmo.
1956 4188 1975 4218 ,
2044 4162 2175 4204 una
2226 4140 2337 4205 illi

205 4251 428 4307 contra
466 4244 820 4306 Jehovam“
868 4245 996 4305 IX:
1047 4247 1153 4304 18.
1199 4247 1302 4303 19.
1347 4248 1471 4320 ‘203
1526 4245 1677 4303 haec
1715 4263 1890 4304 nemo
1917 4243 2334 4304 intellecturus
