2791 4778
375 392 594 446 CAPUT
636 391 980 458 QUINTUM.
1709 392 1917 447 VERS:
1964 404 2055 455 12.
2215 407 2321 458 147

232 552 496 633 Aeyypti
523 549 729 613 malos
745 599 759 625 ‚
814 571 970 631 quoa
1010 550 1184 611 nosti
1193 596 1210 626 ,
1267 569 1390 611 non
1419 556 1608 630 ponet
1646 570 1838 631 super
1872 558 1962 623 te,
2008 552 2122 613 aed
2147 552 2327 616 dabit

231 672 324 715 eoa
358 671 541 731 super
582 670 792 713 omnes·
833 663 1050 734 osores
1088 655 1232 712 tuos
1243 696 1261 726 ,
1316 659 1375 711 et
1420 669 1744 712 consumes
1803 670 2013 714 omnes
2056 651 2327 733 populos

227 774 366 833 quoe
402 751 680 813 Jelzovah
721 752 912 814 ‚Deua
953 757 1103 814 tuus
1144 750 1512 812 tradit-urus
1537 750 1677 827 tibi,
1718 770 1842 813 non
1856 758 2080 834 parcet
2105 752 2326 817 oculus

230 845 365 915 tuus
399 852 539 913 eis“
580 855 804 913 Deutr:
849 852 988 912 VII:
1040 858 1145 911 12.
1189 856 1291 913 13.
1335 857 1443 911 14.
1483 855 1590 911 15.
1631 857 1750 929 163
1789 872 1898 929 per
1935 857 2132 915 omnia
2165 856 2317 916 haec
2358 874 2519 937 [441]

226 955 616 1030 intelliguntur
652 955 1022 1031 spiritualia,
1084 956 1170 1011 ita
1203 954 1651 1013 benedictiones
1688 955 2067 1030 spirituales,
2106 971 2323 1016 sensus

225 1055 418 1115 literae
473 1057 574 1130 qui
628 1062 720 1114 est
754 1054 1073 1126 naturaliS,
1115 1061 1176 1112 et
1210 1073 1318 1131 pro
1355 1056 1429 1112 iis
1469 1055 1568 1128 qui
1616 1056 1675 1111 in
1710 1055 1933 1114 Mundo
1972 1057 2226 1116 naturali
2264 1064 2325 1116 et

226 1155 348 1213 inde
382 1156 441 1211 in
473 1155 613 1213 idea
645 1156 904 1213 naturali
942 1161 1114 1228 sunt,
1160 1154 1266 1213 illa
1299 1154 1551 1212 involvit
1586 1161 1647 1211 et
1672 1155 1981 1230 significat,
2023 1173 2208 1233 quare
2248 1174 2324 1216 ex

224 1255 506 1333 spirituali
566 1272 753 1315 sensu
790 1255 978 1313 Verbi
1039 1262 1315 1313 constare
1377 1260 1580 1332 potest
1640 1255 1782 1330 quid
1816 1256 1872 1313 in
1912 1273 2131 1332 genere
2169 1265 2229 1316 et
2263 1260 2324 1315 in

224 1357 410 1432 specie
457 1373 561 1431 per
612 1355 898 1414 Benedici
949 1355 1332 1431 intelligitur3
1388 1373 1498 1432 per
1548 1355 1803 1413 fructum
1844 1357 2066 1415 ventris
2120 1362 2181 1416 et
2213 1375 2324 1435 per

226 1456 459 1514 fructum
484 1463 720 1530 terrae,
758 1473 870 1532 per
894 1455 1273 1524 frumentum,
1308 1461 1567 1514 mustum
1607 1462 1665 1513 et
1703 1455 1921 1526 oleum,
1956 1474 2066 1534 per
2099 1456 2325 1518 foetum

224 1555 383 1614 boum
418 1563 478 1615 et
512 1559 772 1615 arietum
809 1558 1038 1632 gregis,
1089 1555 1501 1632 intelliguntur
1537 1556 2061 1631 multiplicationes
2099 1560 2227 1619 veri
2263 1565 2326 1617 et

224 1656 692 1716 fructificationes
736 1656 901 1729 boni,
950 1658 1036 1713 ita
1081 1656 1532 1715 benedictiones
1584 1656 1962 1732 spirituales3
2021 1657 2163 1733 quid
2210 1675 2323 1734 per

225 1757 438 1833 singula
468 1759 527 1816 in
565 1758 775 1833 specie
813 1756 1213 1833 significatur,
1260 1758 1441 1815 variis
1479 1757 1540 1814 in
1573 1757 1723 1818 locis
1771 1758 1833 1814 in
1867 1757 2120 1817 Arcanis
2160 1756 2319 1817 Coe-

222 1856 482 1930 lestibus,
539 1865 601 1917 et
629 1860 716 1917 'in
750 1857 1263 1934 Explicationibus
1311 1874 1495 1933 super
1528 1856 1684 1916 hunc
1720 1856 1961 1917 Librum
1997 1858 2322 1936 Propheti-

152 2027 159 2033 η
223 1974 371 2031 cum,
407 1959 602 2019 videri
636 1964 868 2035 potest,
925 1974 1042 2015 non
1079 1959 1191 2015 erit
1226 1959 1283 2016 in
1321 1965 1381 2015 te
1418 1957 1809 2017 infoecundus
1848 1964 1909 2016 et
1943 1958 2319 2033 infoecunda,

223 2064 277 2115 et
306 2061 362 2117 in
394 2058 589 2119 bestia
625 2065 762 2131 tua,
820 2057 1112 2134 significat
1148 2053 1703 2134 multiplicationem
1737 2060 1867 2117 veri
1902 2065 1963 2118 et
1997 2059 2322 2120 fructifica·-

221 2160 421 2217 tionem
455 2160 599 2220 boni
636 2161 696 2216 in
731 2158 973 2217 Interno
1012 2165 1072 2216 et
1098 2159 1360 2217 Externo
1389 2158 1658 2234 homine,
1700 2168 1759 2217 et
1795 2158 1953 2233 quod
1990 2159 2323 2219 removebit

221 2258 478 2318 Jehovah
514 2277 756 2319 omnem
792 2259 1060 2318 morbum
1109 2265 1168 2316 et
1211 2275 1419 2317 omnes
1455 2259 1775 2335 languores
1814 2259 2079 2335 Aegypti
2112 2260 2324 2330 malos,

222 2360 495 2437 significat
517 2361 913 2421 remotionem
949 2362 1211 2420 omnium
1241 2359 1533 2418 malorum
1568 2364 1629 2417 et
1665 2358 1965 2431 salsorum,
2003 2357 2327 2436 languores

229 2460 466 2537 Aegypti
500 2461 644 2522 mali
681 2468 821 2519 sunt
854 2461 1011 2519 salsa
1047 2460 1298 2520 oriunda
1347 2477 1421 2518 ex
1458 2460 1630 2548 malis
1665 2461 1726 2517 in
1762 2459 2018 2516 naturali
2051 2459 2321 2534 homine3

230 2573 420 2617 osores
454 2578 636 2640 super
697 2579 847 2638 quos
886 2544 1165 2621 J‘ehovah
1202 2560 1368 2618 dabit
1402 2559 1539 2617 illos
1595 2565 1736 2618 sunt
1786 2561 1886 2634 qui
1934 2566 2141 2618 contra
2175 2577 2323 2618 vera

226 2673 293 2716 ac
328 2657 473 2718 bona
503 2662 810 2721 Ecclesiae
848 2670 1019 2738 sunt3
1076 2662 1387 2738 dissipatio
1424 2659 1715 2718 malorum
1752 2667 1812 2718 et
1848 2659 2132 2719 salsorum
2170 2677 2326 2737 quae

225 2767 418 2818 contra
451 2780 591 2821 vera
629 2769 688 2821 et
721 2762 882 2821 bona
910 2763 1219 2821 Ecclesiae
1257 2767 1427 2834 sunt,
1468 2760 1834 2836 significatur
1868 2778 1979 2837 per
2007 2774 2324 2821 consumes

221 2875 411 2920 omnes
444 2863 704 2940 populos
742 2880 892 2938 quos
929 2861 1209 2921 Jehovah
1243 2862 1413 2920 Deus
1453 2860 1774 2920 tradit-urus
1811 2861 1944 2936 tibi,
1985 2868 2046 2921 et
2082 2862 2326 2925 evitatio

219 2975 410 3020 eorum
438 2965 720 3022 continua
746 2980 854 3038 per
881 2980 997 3021 non
1034 2968 1243 3040 parcet
1272 2961 1482 3020 oculus
1519 2967 1659 3020 tuus
1690 2964 1775 3021 eis
1801 2985 1813 3019 :
1852 2961 2011 3037 qnod
2038 2979 2149 3040 per
2173 2963 2328 3022 haec

217 3060 638 3122 benedicantur
671 3063 758 3122 illi
795 3066 895 3139 qui
934 3065 1159 3122 faciunt
1184 3070 1511 3140 praecepta
1536 3062 1795 3138 Domini,
1833 3063 2181 3139 intelligitur
2215 3079 2328 3140 per

216 3164 262 3219 si
295 3164 644 3225 audiveritis
675 3163 901 3240 judicia
937 3164 1087 3221 haec
1124 3170 1189 3222 ut
1223 3163 1574 3222 custodiatis
1613 3169 1672 3221 et
1715 3163 1948 3222 faciatis
1986 3180 2076 3239 ca,
2116 3169 2324 3223 custo-

216 3261 326 3320 diet
361 3264 643 3324 Jehovah
680 3264 850 3323 Deus
891 3272 1028 3324 tuus
1083 3263 1192 3322 tibi
1230 3263 1442 3321 foedus
1480 3270 1539 3320 ct
1574 3263 2067 3336 misericordiam,
2104 3263 2329 3322 amabit

214 3370 268 3420 te
304 3372 360 3422 et
392 3364 718 3424 benedicet
750 3364 892 3435 tibi,
952 3364 1164 3423 foedus
1202 3371 1262 3423 et
1296 3363 1703 3423 misericordia
1739 3369 1843 3421 est
1879 3364 2215 3440 conjunctio
2253 3378 2328 3421 ex

215 3478 402 3524 amore
437 3483 557 3542 per
587 3464 723 3540 illa,
792 3464 1129 3541 conjunctio
1165 3481 1276 3542 per
1309 3463 1530 3521 bonum
1564 3463 1915 3539 intelligitur
1967 3478 2079 3538 per
2113 3460 2326 3520 foedus

217 3569 270 3621 et
303 3583 409 3640 per
453 3564 711 3640 amabit,
763 3570 825 3624 et
874 3564 1210 3641 conjunctio
1262 3581 1374 3639 per
1408 3581 1618 3624 verum
1663 3563 1799 3621 inde
1833 3561 2183 3638 intelligitur
2216 3576 2329 3636 per

212 3666 673 3725 misericordiam
704 3671 764 3724 et
793 3682 904 3741 per
927 3664 1240 3724 benedicet
1270 3664 1392 3722 tibi.
1434 3663 1612 3742 Apud
1638 3661 1910 3723 Eundem
1936 3657 2329 3736 „Benedicet

211 3762 319 3824 tibi
376 3764 906 3826 benedictionibus
963 3761 1120 3824 coeli
1169 3763 1468 3843 desuper,
1534 3761 2060 3824 benedictionibus
2106 3759 2330 3843 abyssi

212 3864 499 3926 &bantia-
545 3865 760 3944 infra,
815 3863 1344 3926 benedictionibus
1386 3864 1645 3926 uberum
1689 3870 1748 3925 et
1794 3862 1963 3925 uteri
1984 3865 2022 3896 ‘⁸'
2090 3862 2324 3923 Genes:

209 3962 436 4025 XLIX:
482 3969 595 4041 253
653 3965 804 4027 haec
856 3966 932 4026 de
975 3965 1279 4042 Josepho,
1322 3983 1434 4042 per
1469 3982 1647 4041 quem
1681 3965 1765 4024 ibi
1799 3963 2167 4042 significatur
2200 3963 2327 4024 Re-

209 4079 381 4137 gnum
429 4066 741 4143 spirituale
778 4068 1047 4144 Domini3
1104 4072 1164 4126 et
1216 4082 1328 4142 per
1360 4065 1814 4127 benedictiones
1852 4064 2021 4125 Coeli
2065 4065 2329 4142 desuper

208 4163 612 4242 intelliguntur
647 4167 1172 4245 multiplicationes
1210 4166 1337 4225 veri
1374 4184 1448 4225 ex
1483 4168 1641 4226 bono
1677 4169 1737 4225 in
1770 4165 2014 4225 Interno
2051 4182 2161 4225 seu
2196 4166 2324 4241 spi-

207 4262 399 4323 rituali
433 4265 701 4343 homine;
757 4286 871 4346 per
902 4267 1355 4327 benedictiones
1394 4262 1599 4344 abyssi
1637 4266 1911 4326 cubantis
1956 4265 2109 4323 infra
2146 4261 2324 4320 intel·-

1841 4366 1921 4420 10
1961 4357 1998 4396 *
