2791 4778
504 380 571 441 2¹
844 367 1331 424 APOCALYPSIS
1372 367 1804 426 EXPLICATA.
1857 367 1906 436 ὅ.
1950 377 2079 429 296.
2122 326 2250 428 297.

503 522 674 618 quia
711 519 1002 591 occisus
1039 543 1150 603 eS,
1206 535 1281 589 et
1314 518 1689 589 redemisti
1725 520 1887 588 Deo
1939 543 2076 588 nos
2131 519 2207 587 in
2264 519 2605 615 sanguine

500 638 653 707 tu0,
711 644 797 689 ex
834 619 1032 690 omni
1081 617 1280 688 tribu
1333 636 1406 689 et
1459 617 1727 714 lingua,
1785 634 1860 688 et
1908 617 2189 715 populo
2243 635 2317 689 et
2370 637 2601 715 gente.

656 735 767 799 1⁴0.
846 721 941 789 Et
990 718 1235 788 fecisti
1288 744 1427 789 nos
1476 721 1637 788 Deo
1689 734 1945 789 nostro
1999 743 2208 816 reges
2264 735 2337 788 et
2373 743 2606 789 sacer-

499 819 709 891 dotes
723 870 744 906 ,
801 836 875 889 et
925 818 1387 914 regnabimus
1444 842 1663 915 super
1713 834 1926 888 terra.

652 937 767 997 11.
839 921 934 989 Et
995 918 1142 988 vidi
1194 935 1267 988 et
1320 918 1564 989 audivi
1615 942 1871 988 vocem
1921 915 2370 1013 Angelorum
2422 917 2605 987 mul-

388 1020 393 1026 “
492 1037 733 1090 torum
786 1020 1060 1090 circum
1112 1019 1490 1088 Thronum
1559 1034 1632 1087 et
1683 1016 2045 1087 Animalia
2096 1035 2170 1088 et
2224 1018 2602 1109 Seniores3

493 1137 567 1190 et
603 1135 756 1190 erat
803 1143 1147 1189 numerus
1195 1140 1444 1189 eorum
1478 1117 1842 1214 myriades
1890 1117 2296 1215 myriadum
2330 1135 2405 1189 et
2451 1117 2602 1188 chi-

491 1218 721 1290 liades
776 1217 1195 1289 chiliadum.

647 1333 759 1397 12.
842 1319 1192 1388 Dicentes
1262 1342 1445 1387 voce
1511 1342 1807 1412 magna,
1882 1316 2142 1412 dignus
2197 1334 2307 1387 est
2356 1319 2606 1415 Agnus

291 1437 450 1498 [343]
494 1418 789 1490 occisus
845 1418 1180 1515 accipere
1232 1433 1673 1515 potestatem
1726 1434 1800 1487 et
1854 1417 2141 1488 divitias
2196 1434 2270 1488 et
2322 1419 2605 1516 sapien-

487 1519 662 1590 tiam
715 1535 788 1589 et
837 1518 1193 1588 honorem
1242 1533 1315 1586 et
1368 1515 1673 1612 gloriam
1724 1534 1799 1587 et
1849 1516 2461 1588 benedictionem.

643 1633 755 1696 13.
803 1621 929 1687 Et
998 1641 1211 1688 omne
1267 1634 1624 1704 creatum,
1694 1618 1898 1713 quod
1950 1634 2062 1687 est
2115 1618 2186 1688 in
2245 1616 2470 1689 Coelo
2523 1636 2598 1690 et

484 1720 562 1788 in
617 1735 808 1788 terra
873 1735 945 1788 et
997 1716 1131 1787 sub
1185 1733 1407 1804 terra,
1478 1734 1549 1788 et
1613 1717 1687 1787 in
1741 1716 1919 1787 mari
1987 1744 2173 1814 quae
2238 1735 2441 1803 sunt,
2526 1736 2599 1789 et

484 1841 671 1915 quae
725 1818 802 1887 in
835 1817 981 1887 illis
1025 1818 1287 1903 omnia,
1343 1816 1585 1889 audivi
1626 1817 1978 1905 dicentes,
2038 1817 2340 1889 Sedenti
2377 1843 2599 1916 super

483 1917 788 1988 Throno
842 1935 914 1988 et
954 1917 1166 2012 Agno
1218 1915 1641 1988 benedictio
1696 1935 1769 1987 et
1822 1918 2059 1989 honor
2110 1935 2184 1989 et
2237 1917 2470 2014 gloria
2523 1936 2597 1989 et

483 2015 713 2088 robur
763 2017 840 2086 in
895 2015 1189 2087 saecula
1243 2015 1713 2087 saeculorum.

642 2127 753 2201 14.
832 2120 925 2186 Et
986 2133 1301 2215 quatuor
1350 2114 1716 2185 Animalia
1781 2115 2127 2187 dicebant
2178 2119 2446 2203 Amen,
2528 2135 2601 2187 et

381 2295 383 2297 .
481 2217 735 2313 viginti
802 2234 1118 2313 quatuor
1171 2215 1523 2286 Seniores
1586 2213 2066 2312 prociderunt
2130 2233 2205 2285 et
2256 2216 2601 2286 adorave-

481 2335 662 2388 runt.
700 2318 1082 2389 Viventem
1134 2316 1212 2385 in
1266 2313 1556 2385 saecula
1609 2313 2088 2386 saeculorum.

1130 2513 1943 2618 EXPLicATIQ

643 2733 805 2788 296.
883 2731 1101 2807 [Versz
1149 2732 1238 2807 1.]
1311 2730 1406 2791 Et
1456 2729 1596 2791 vidi
1657 2730 1729 2789 in
1778 2729 2011 2791 deoetra
2063 2730 2357 2791 sedentis
2412 2749 2604 2809 super

485 2829 736 2891 Throno
772 2827 1044 2890 Librum
1079 2829 1390 2907 seriptum
1427 2829 1607 2889 intus
1646 2834 1707 2887 et
1740 2847 1783 2888 a
1819 2834 2011 2907 tergo,
2058 2830 2463 2907 obsiynatum
2501 2830 2599 2889 ei-

481 2926 670 3010 9illz's
697 2919 952 3007 septem.¹
1012 2930 1090 2987 Et
1124 2928 1248 2987 vidi
1273 2931 1334 2985 in
1362 2927 1572 2987 dextra
1598 2925 1878 2987 Sedentis
1906 2944 2091 3001 super
2118 2929 2374 3002 Throno,
2408 2932 2599 3005 signi-

480 3030 622 3089 ficat
641 3029 960 3088 Dominum
1003 3029 1198 3105 quoad
1234 3026 1738 3103 omnipotentiam
1765 3031 1826 3085 et
1854 3026 2049 3101 quoad
2075 3025 2598 3087 Omniscientiam:

481 3128 728 3187 Librum
786 3132 1070 3205 scriptum
1122 3130 1282 3187 intus
1346 3134 1407 3186 et
1458 3144 1494 3184 a
1543 3132 1747 3201 terge,
1814 3124 2107 3201 significat
2161 3134 2382 3185 statum
2436 3130 2601 3187 vitae

484 3231 744 3287 omnium
779 3230 840 3287 in
882 3229 1065 3289 Coelo
1103 3236 1163 3290 et
1200 3231 1259 3285 in
1304 3226 1527 3301 Terra,
1578 3228 1638 3283 in
1674 3228 1971 3285 communi
2019 3232 2078 3284 et
2120 3228 2180 3284 ln
2215 3227 2599 3303 particulari:

484 3328 859 3406 obsignatum
898 3329 1109 3403 sigillis
1145 3336 1408 3403 septem,
1448 3325 1742 3402 significat
1776 3342 2023 3404 prorsus
2058 3326 2448 3386 reconditum.

640 3431 803 3487 297.
856 3429 932 3486 Et
963 3427 1085 3487 vidi
1115 3431 1178 3487 in
1213 3427 1423 3486 dextra
1459 3424 1733 3486 Sedentis
1782 3443 1964 3502 super
2002 3425 2273 3495 Thron0,
2312 3426 2471 3501 quod
2508 3428 2596 3485 si-

480 3527 721 3605 gnificet
753 3528 1074 3587 Dominum
1112 3527 1310 3603 quoad
1347 3524 1851 3602 omnipotentiam
1890 3531 1951 3583 et
1986 3525 2181 3601 quoad
2217 3524 2597 3585 omniscien-

479 3630 654 3699 tiam,
693 3633 928 3687 constat
966 3643 1039 3685 ex
1068 3625 1497 3702 significatione
1536 3624 1817 3699 dextrae,
1858 3642 1993 3683 cum
2028 3626 2099 3683 de
2127 3626 2403 3693 Domino,
2439 3625 2602 3701 quod

480 3728 560 3785 sit
596 3725 1042 3801 Omnipotentia
1077 3732 1136 3783 et
1172 3739 1409 3801 quoque
1439 3722 1894 3797 Omniscientia,
1934 3723 2008 3783 de
2046 3741 2164 3800 qua
2199 3727 2499 3799 sequitur3
2541 3730 2604 3784 et

482 3840 560 3885 ex
605 3824 1036 3900 significatione
1079 3823 1356 3884 Sedentis
1412 3841 1597 3900 super
1635 3823 1905 3898 Thron0‚
1965 3823 2121 3898 quod
2171 3825 2249 3881 sit
2298 3825 2597 3884 Dominus

484 3924 682 4001 quoad
715 3924 1000 3982 Divinum
1033 3924 1267 3983 Bonum
1302 3927 1362 3983 in
1401 3923 1618 3998 Coe10,
1678 3922 1955 3983 Thronus
2007 3926 2161 3982 enim
2196 3924 2491 3999 significat
2535 3926 2601 3983 in

388 4040 396 4048 ·
481 4041 701 4100 genere
731 4023 1011 4100 Coelum,
1049 4026 1110 4082 in
1145 4028 1348 4101 specie
1386 4023 1635 4084 Coelum
1663 4022 2005 4100 spirituale,
2046 4031 2106 4082 et
2142 4023 2443 4086 abstracte
2478 4025 2622 4084 Di-.
2670 4028 2682 4038 ’

482 4124 684 4181 vinum
718 4123 946 4198 Verum
980 4124 1310 4201 procedens
1321 4169 1338 4199 ,
1395 4142 1470 4183 ex
1508 4141 1624 4199 quo
1663 4121 1910 4183 Coelum
1947 4128 2008 4181 et
2057 4141 2165 4200 per
2214 4124 2376 4199 quod
2409 4124 2595 4183 ,Judi-

483 4224 664 4298 cium,
703 4223 979 4284 videatur
1013 4241 1195 4303 supra
1229 4243 1295 4285 n:
1333 4226 1494 4284 253.
1548 4221 1725 4299 Quod
1752 4222 2045 4283 Dominus
2081 4223 2447 4301 intelligatur
2482 4239 2597 4301 per
