2791 4778
401 405 648 461 CAPUT
692 402 1034 471 QUINTUM.
1814 402 2025 462 VERS:
2069 417 2124 470 8.
2306 420 2375 472 83

235 584 390 631 rum
403 565 684 647 suerunt
708 563 808 627 dii
833 563 950 639 tui,
980 560 1255 636 Jehuda,
1284 559 1563 644 etjuoeta
1585 579 1917 625 numerum
1948 562 2375 647 [placem-um]

238 662 748 747 Hiero-solymae
794 662 1121 745 posuistis
1184 658 1458 737 altaria,
1522 657 1769 722 altaria
1832 663 1923 725 ad
1987 666 2382 745 suffiendum

235 764 508 829 Baal2·“
539 766 665 826 XI:
706 768 814 825 13.
839 768 868 823 1
889 770 948 841 73
987 781 1100 842 per
1115 762 1300 822 urbes
1334 761 1432 823 hic
1458 779 1576 821 non
1605 764 2012 840 significantur
2037 766 2237 842 urbes,
2266 786 2380 830 nee

237 887 353 947 per
387 868 543 927 deos
572 865 672 942 dii,
712 882 909 943 neque
944 882 1056 942 per
1091 863 1326 940 plateas
1363 862 1817 940 Hierosolymae
1852 866 2093 942 plateae
2117 868 2234 938 ibi,
2269 868 2382 929 sed

236 987 352 1046 per
385 967 580 1027 urbes
618 964 1027 1043 significantur
1053 963 1406 1023 doctrinalia
1430 962 1587 1034 falsi,
1622 981 1733 1040 per
1766 964 1910 1025 deos
1946 969 2079 1042 ipsa
2113 966 2285 1042 falsa,
2319 977 2381 1029 et

237 1087 352 1146 per
381 1067 634 1146 plateas
649 1063 1109 1142 Hierosolymae
1136 1063 1291 1122 salsa
1319 1063 1625 1123 doctrinae
1653 1065 1984 1141 Ecclesiae3
2013 1084 2127 1143 per
2153 1085 2379 1143 ponere

237 1169 492 1242 altaria,
559 1166 777 1225 altaria
839 1164 917 1223 ad
964 1163 1318 1223 suffiendum
1366 1163 1569 1237 Baali,
1637 1164 2005 1241 significatur
2051 1167 2250 1228 cultus
2303 1186 2380 1229 ex
2497 1235 2508 1242 ,

238 1285 452 1328 amore
502 1269 603 1327 sui
651 1273 711 1326 et
747 1282 824 1324 ex
859 1281 1060 1340 amore
1114 1263 1346 1337 mundi,
1415 1270 1480 1320 ut
1516 1279 1730 1340 supra:
1786 1283 1933 1341 gens
1974 1266 2081 1325 illa
2114 1269 2381 1344 ponebat

240 1369 502 1442 altaria,
543 1374 607 1427 et
630 1364 909 1425 suffiebat
935 1363 1134 1439 Baali,
1175 1364 1284 1422 sed
1318 1365 1460 1439 quia
1497 1366 1695 1422 omnia
1730 1364 1924 1424 cultus
1964 1384 2167 1427 eorum
2207 1375 2381 1429 erant

244 1470 776 1545 repraesentativa
797 1511 813 1541 ,
852 1464 957 1524 illa
993 1481 1146 1540 quae
1183 1463 1407 1522 fiebant
1442 1463 1769 1523 secundum
1808 1472 2037 1527 statuta
2071 1475 2242 1527 erant
2274 1488 2377 1529 re-

251 1567 716 1645 praesentativa
753 1564 1099 1624 coelestium
1138 1571 1198 1623 et
1234 1560 1662 1640 spiritualium,
1703 1583 1889 1643 quare
1925 1567 2030 1626 illa
2079 1585 2234 1645 quae
2267 1568 2381 1630 fie-

251 1670 405 1727 bant
458 1671 669 1725 contra
721 1672 973 1734 statuta,
1028 1670 1199 1724 erant
1234 1666 1753 1740 repraesentativa
1799 1667 2205 1744 infernalium,
2242 1669 2382 1730 ideo

249 1786 368 1847 per
404 1766 626 1827 altaria
658 1768 855 1844 posita
892 1765 1024 1838 diis,
1063 1771 1123 1823 et
1154 1781 1264 1840 per
1295 1763 1530 1823 suffitus
1568 1765 1739 1825 datos
1765 1766 1938 1825 Baali
1973 1768 2384 1844 significantur

246 1870 559 1947 opposita.
625 1867 809 1944 Apud
853 1866 1122 1925 Eundem
1174 1908 1210 1938 „
1236 1861 1496 1943 Loquar
1518 1862 1781 1946 judicia
1838 1886 1980 1928 cum
2010 1863 2155 1930 illis
2193 1887 2383 1950 super

243 1968 423 2031 omni
474 1964 741 2029 malitia
793 1984 1043 2042 eorum,
1096 1961 1266 2044 quod
1304 1962 1699 2029 deseramne
1735 1963 1869 2043 Me,
1924 1975 1985 2031 et
2021 1969 2385 2050 suffiverint

242 2070 383 2132 diis
414 2065 609 2144 aliis,
664 2076 726 2129 et
763 2063 1234 2130 incurvaverint
1277 2083 1346 2125 se
1384 2066 1672 2142 oper-ibus
1712 2086 2021 2131 manuum
2065 2071 2382 2133 auarum“

247 2171 309 2229 I:
360 2172 444 2231 16
460 2191 477 2247 3
539 2168 744 2229 suffire
795 2169 907 2228 diis
961 2168 1130 2235 aliis'.
1184 2172 1245 2224 et
1285 2168 1601 2227 incurvare
1652 2186 1719 2229 se
1768 2170 2053 2245 operibus
2102 2188 2385 2231 manuum

247 2288 531 2340 suarum,
568 2270 866 2347 significat
900 2268 1126 2328 cultum
1165 2282 1240 2325 ex
1274 2265 1478 2340 falsiS,
1536 2285 1690 2344 quae
1742 2286 1818 2329 ex
1871 2272 2116 2347 propria
2159 2269 2384 2331 intelli-

250 2374 490 2450 gentia,
548 2370 630 2431 dii
681 2370 782 2430 alii
838 2376 979 2429 sunt
1013 2367 1196 2444 falsa,
1248 2376 1309 2429 et
1353 2384 1542 2449 opera
1586 2387 1865 2428 manuum
1916 2377 2057 2429 sunt
2105 2388 2259 2447 quae
2308 2387 2386 2431 ex

256 2474 506 2548 propria
540 2471 947 2548 intelligentia.
1006 2468 1212 2530 Simile
1234 2489 1356 2552 per
1384 2470 1608 2552 suffire
1646 2469 1782 2532 diis
1816 2470 2183 2547 significatur
2219 2470 2384 2548 apud
2422 2482 2581 2546 [398]

262 2571 591 2630 Jeremiam
658 2569 822 2648 Gap:
876 2569 1000 2629 XI:
1046 2572 1166 2630 12:
1250 2571 1413 2647 Cap:
1466 2571 1710 2631 XLIV:
1774 2573 1833 2630 3.
1881 2572 1939 2630 5.
1985 2572 2045 2629 8.
2097 2572 2204 2630 15.
2271 2573 2381 2631 18.

259 2669 460 2729 simile
485 2686 606 2750 per
639 2669 863 2750 suffire
893 2667 1331 2750 sculptilibus,
1376 2672 1541 2750 apud
1574 2670 1918 2730 Hoscheam
1955 2669 2112 2747 Cap:
2147 2671 2261 2732 XI:
2306 2674 2382 2732 2:

261 2771 460 2830 simile
482 2788 607 2849 per
628 2769 852 2850 suffire
882 2771 1181 2844 vanitati,
1220 2773 1382 2850 apud
1409 2773 1735 2834 Jercmiam
1783 2770 1942 2848 Cap:
1983 2770 2233 2832 XVIII:
2270 2776 2299 2831 l
2320 2774 2383 2835 5:

259 2870 460 2931 simile
499 2873 680 2930 etiam
717 2871 876 2947 quod
910 2887 1096 2948 supra
1131 2891 1254 2953 per
1291 2873 1517 2954 suffire
1554 2869 1793 2947 Baali,
1860 2871 2022 2949 apud
2055 2873 2387 2934 Jeremiam

259 2971 426 3050 Cap:
465 2971 619 3032 VII:
664 2972 742 3031 9:
780 2978 842 3032 et
876 2964 1040 3049 apud
1073 2971 1419 3033 Hoscheam
1460 2973 1620 3051 Cap:
1656 2972 1720 3034 11
1735 2995 1750 3033 ε
1788 2973 1910 3034 13:
1951 2980 2011 3037 et
2045 2974 2237 3034 simile
2271 2989 2387 3052 per

252 3073 480 3154 suffire
528 3067 879 3134 Meteonem
945 3092 1056 3134 seu
1105 3073 1366 3154 reyinae
1419 3071 1760 3149 coelorum,
1836 3073 1997 3151 apud
2054 3074 2097 3135 J
2100 3077 2387 3135 eremiam

253 3172 417 3252 Cap:
455 3172 687 3233 XLIV:
731 3175 842 3232 17.
883 3176 910 3231 1
933 3177 992 3235 8.
1032 3176 1060 3232 1
1082 3175 1142 3234 9.
1179 3177 1290 3233 21.
1326 3178 1438 3252 253
1474 3173 1816 3234 Melecheth
1854 3174 2159 3234 coelorum
2194 3176 2384 3252 signi-

250 3273 392 3334 ficat
424 3274 588 3335 falsa
622 3276 681 3332 in
719 3274 879 3333 omni
907 3273 1243 3352 complexu.
1281 3275 1486 3349 Perre,
1524 3273 1687 3352 quod
1714 3255 1933 3335 suffitio
1962 3273 2255 3352 significet
2279 3273 2387 3334 illa

254 3363 453 3435 cultus
489 3391 657 3453 quae·
690 3381 859 3452 grate
909 3376 1351 3452 percipiuntur,
1408 3375 1675 3452 et.quod
1709 3375 2128 3435 suffimentum
2161 3375 2387 3433 bonum

255 3476 610 3552 spirituale,
659 3480 755 3534 est
789 3492 1011 3546 causa,
1066 3477 1210 3552 quia
1245 3478 1477 3548 omnia,
1518 3493 1673 3552 quae
1713 3475 1876 3553 apud
1910 3479 2149 3551 gentem
2177 3471 2384 3531 Israe-

254 3574 473 3636 liticam
510 3576 792 3635 instituta
823 3574 1094 3653 suerunt,
1151 3582 1321 3636 erant
1366 3577 1886 3653 repraesentativa
1939 3571 2288 3633 coelestium
2325 3577 2387 3631 et

260 3676 690 3750 spiritualium3
727 3675 1006 3737 Ecclesia
1041 3679 1195 3737 enim
1232 3677 1395 3754 apud
1433 3677 1569 3737 illos
1606 3694 1724 3735 non
1762 3682 1888 3734 erat
1923 3675 2080 3732 sicut
2114 3669 2387 3734 Ecclesia

263 3772 474 3846 hodie,
510 3791 666 3851 quae
697 3784 792 3837 est
816 3774 1085 3851 Interna‚
1124 3777 1235 3836 sed
1273 3785 1401 3836 erat
1427 3778 1709 3847 Externa,
1748 3782 1808 3834 et
1830 3775 2094 3835 Externa
2128 3791 2381 3851 reprae-

265 3872 586 3933 sentabant
635 3882 710 3935 et‘
739 3878 877 3937 inde
927 3875 1340 3954 significabant
1381 3876 1625 3936 Interna
1671 3876 2017 3950 Ecclesiae,
2071 3874 2275 3952 qualia
2325 3876 2386 3936 in

264 3970 472 4031 Verbo
503 3972 655 4033 Novi
691 3975 1063 4038 Testamenti
1107 3995 1144 4036 a
1177 3978 1435 4037 Domino
1487 3978 1727 4039 detecta
1762 3977 2035 4053 fuerunt3
2089 3976 2227 4036 inde
2262 3977 2386 4036 Ec-

267 4070 457 4132 clesia
511 4072 746 4135 illorum
793 4077 952 4138 dicta
1013 4084 1107 4138 est
1151 4079 1431 4138 Ecclesia
1478 4077 2049 4156 Repraesentativa3
2119 4078 2388 4136 Externa

262 4172 569 4235 Ecclesiae
604 4175 784 4255 hujus
824 4179 1179 4238 constabant
1216 4177 1538 4239 extalibus
1575 4181 1635 4237 in
1662 4177 1885 4238 Mundo
1914 4184 2185 4251 naturae,
2227 4191 2385 4252 quae

261 4275 810 4354 correspondebant
844 4278 1254 4339 affectionibus
1280 4279 1423 4337 boni
1459 4285 1520 4338 et
1549 4281 1676 4339 veri
1711 4281 1770 4336 in
1801 4277 2026 4335 Mundo
2055 4272 2383 4351 spirituali3

1947 4378 1980 4431 6
2021 4369 2058 4408 *
