2791 4778
480 319 552 371 14
681 305 1175 362 APOCALYPSIS
1218 305 1650 369 EXPLICATA‚
1713 304 1761 372 ᾗ.
1807 312 1938 365 302.
1984 313 2117 365 303.
2163 312 2293 369 304.
2446 300 2525 407 {5}

478 471 637 527 sieut
671 465 1153 541 unus‘Angelus,
1190 463 1466 523 similiter
1500 464 1869 538 unaquaevis
1907 459 2179 522 Societas
2218 460 2404 537 Coeli,
2447 482 2602 541 qua-

481 573 730 644 propter
762 583 872 641 per
908 563 1205 640 Angelum
1240 565 1302 621 in
1340 562 1540 621 Verbo
1577 579 1694 622 non
1728 561 2080 638 intelligitur
2113 579 2268 621 unus
2307 563 2597 640 AngeluS,

481 665 595 726 sed
626 668 860 741 integra
895 663 1165 725 Societas
1200 662 1523 738 Angelica,
1562 667 1630 721 ut
1662 679 1776 738 per
1808 661 2190 736 Michaelem,
2233 662 2598 741 Gabrielem,

480 746 885 842 Raphaelem,
955 763 1049 822 hic
1097 765 1299 838 itaque
1360 779 1472 838 per
1519 761 1815 839 Angelum
1879 762 2093 821 fortem
2149 762 2603 839 praedicantem

480 881 631 925 voce
679 855 896 940 magna
944 862 1312 940 significatur
1357 861 1618 921 influxus
1663 861 1907 921 Domini
1972 863 2031 920 in
2078 867 2267 921 totum
2318 862 2598 941 Coelum3

483 961 734 1042 quodin
770 969 959 1021 totum
997 961 1272 1036 Coelum,
1331 963 1511 1021 etiam
1545 968 1715 1039 patet
1749 979 1787 1020 a
1826 962 2232 1038 sequentibuS,
2270 978 2410 1021 nam
2444 962 2597 1023 dici-

480 1072 610 1139 tur,
667 1070 726 1123 et
773 1080 947 1122 nemo
984 1064 1181 1139 potuit
1231 1065 1292 1122 in
1331 1061 1544 1136 Coelo,
1600 1079 1712 1121 nec
1762 1077 1947 1137 super
1996 1068 2184 1137 terra,
2238 1079 2436 1138 neque
2482 1063 2598 1123 sub

478 1172 669 1238 terra,
709 1164 943 1239 aperire
982 1162 1199 1221 librum
1235 1170 1296 1222 et
1330 1164 1629 1237 inspicere
1669 1179 1836 1222 eum:
1891 1161 2053 1237 quod
2086 1179 2198 1239 per
2233 1162 2499 1239 Angelos
2534 1165 2598 1224 in

479 1264 682 1324 Verbo
717 1262 1125 1339 intelligantur
1170 1263 1437 1338 integrae
1475 1260 1812 1323 Societates
1848 1261 2030 1337 coeli,
2087 1279 2159 1321 ac
2205 1263 2267 1320 in
2315 1278 2597 1338 supremo

478 1380 662 1423 sensu
709 1362 1005 1422 Dominus
1068 1361 1265 1438 quoad
1298 1362 1582 1420 Divinum
1621 1350 1848 1421 Veru'm
1902 1361 2268 1438 procedenS,
2321 1361 2598 1423 videatur

478 1480 665 1539 supra
698 1481 773 1522 n:
819 1465 928 1522 90.
976 1463 1135 1520 130.
1181 1464 1352 1522 200:
1410 1465 1471 1520 et
1505 1461 1665 1537 quod
1712 1468 1903 1520 totum
1941 1460 2189 1522 Coelum
2225 1477 2427 1521 coram
2460 1461 2594 1522 Do-

436 1564 636 1647 ²mino
673 1563 753 1621 sit
787 1564 942 1621 sicut
975 1577 1129 1619 unus
1164 1561 1359 1620 Homo
1398 1577 1508 1619 seu
1544 1564 1701 1620 sicut
1734 1577 1889 1620 unus
1925 1560 2223 1639 Angelus,
2259 1566 2321 1621 et
2359 1577 2597 1638 quoque

479 1663 852 1738 unaquaevis
900 1661 1173 1721 Societas
1220 1660 1419 1734 Coeli,
1473 1663 1534 1719 in
1578 1660 1780 1737 Opere
1829 1660 1902 1721 de
1953 1660 2156 1723 eoam
2205 1679 2283 1720 m
2318 1660 2595 1722 Immo
2699 1676 2703 1679 ’

477 1778 548 1820 n:
596 1762 680 1821 59
722 1761 800 1820 ad
841 1763 952 1820 87.

637 1862 800 1921 303.
870 1859 1018 1935 Quis
1074 1866 1167 1919 est
1202 1860 1417 1937 dignus
1465 1863 1706 1937 >aperire
1757 1861 1971 1920 librum
2024 1866 2087 1920 et
2121 1860 2359 1921 solvere
2397 1861 2597 1938 sigilla

480 1961 642 2037 ejus,
698 1960 860 2036 quod
894 1960 1186 2036 significet
1232 1978 1372 2018 num
1409 1960 1568 2019 ullus
1630 1960 1711 2020 ibi
1746 1961 1883 2020 talis
1922 1968 2016 2021 est
2064 1966 2129 2019 ut
2166 1963 2319 2020 sciat
2354 1969 2415 2021 et
2448 1979 2591 2038 per-

481 2061 666 2136 cipiat
700 2065 893 2118 status
925 2062 1086 2119 vitae
1123 2062 1417 2134 omnium,
1474 2066 1709 2120 constat
1747 2078 1822 2118 ex
1857 2060 2291 2138 significatione
2332 2063 2465 2137 quis
2503 2068 2596 2122 est

480 2159 725 2235 dignus,
780 2159 938 2235 quod
973 2161 1051 2217 sit
1086 2161 1183 2218 cui
1218 2161 1492 2218 meritum
1530 2166 1589 2219 et
1615 2158 1880 2237 justitia,
1933 2168 1999 2219 et
2034 2162 2130 2220 cui
2164 2163 2594 2232 omniscientia‚

477 2262 563 2318 ita
597 2277 732 2317 num
772 2259 931 2318 ullus
978 2259 1115 2318 talis
1153 2260 1267 2334 sit3
1323 2260 1486 2335 quod
1545 2278 1655 2336 per
1689 2261 1965 2336 dignum,
2018 2277 2151 2320 cum
2205 2261 2279 2320 de
2314 2261 2591 2337 Domino,

475 2358 848 2437 significetur
884 2360 1156 2420 meritum
1190 2365 1257 2419 ‘et
1276 2360 1535 2437 justitia,
1575 2377 1730 2438 quae
1759 2361 1888 2437 Ipsi
1915 2359 2066 2437 Soli,
2105 2359 2378 2421 videatur
2404 2377 2592 2437 supra

474 2479 547 2521 n:
591 2463 763 2536 2933
822 2467 882 2520 et
916 2461 1075 2536 quod
1112 2459 1573 2534 Omniscientia,
1613 2467 1783 2537 patet
1818 2478 1856 2519 a
1889 2462 2310 2538 sequentibus,
2359 2460 2462 2519 ubi
2497 2460 2592 2518 di-

475 2564 657 2632 citur,
710 2562 869 2637 quod
903 2562 1112 2637 Agnus
1149 2563 1452 2637 acceperit
1487 2580 1524 2620 a
1559 2561 1773 2620 dextra
1807 2560 2089 2621 Sedentis
2127 2577 2313 2638 super
2349 2560 2593 2620 Throno

475 2659 721 2734 librum,
778 2668 840 2719 et
898 2662 1202 2737 aperuerit
1262 2659 1458 2734 illum,
1515 2678 1626 2737 per
1690 2660 1960 2721 dextram
2022 2663 2179 2720 enim
2226 2661 2592 2738 significatur

479 2757 908 2818 Omniscientia
969 2764 1027 2818 et
1077 2757 1553 2835 Omnipotentia,
1619 2761 1896 2820 videatur
1939 2777 2127 2837 supra
2171 2778 2242 2819 n:
2287 2764 2461 2837 2973
2514 2777 2592 2820 cx

477 2858 911 2935 significatione
947 2857 1116 2929 libri,
1173 2858 1331 2935 quod
1367 2861 1447 2917 sit
1480 2865 1672 2919 status
1708 2862 1869 2919 vitae
1907 2863 2166 2920 omnium
2200 2863 2261 2918 in
2295 2862 2594 2920 communi

477 2965 537 3016 et
585 2960 648 3016 in
681 2957 1058 3035 particulari,
1116 2957 1190 3017 de
1242 2975 1362 3034 qua
1412 2975 1549 3017 mox
1610 2955 1795 3036 supra
1846 2979 1916 3020 n:
1960 2962 2142 3036 2993
2196 2966 2369 3020 etex
2404 2962 2594 3038 signi-

474 3058 750 3116 ficatione
787 3059 1021 3133 aperire
1055 3057 1223 3116 illum
1279 3062 1340 3115 et
1388 3058 1624 3119 solvere
1672 3060 1872 3136 sigilla
1908 3060 2070 3137 ejuS,
2126 3058 2284 3136 quod
2320 3062 2400 3119 sit
2434 3062 2591 3120 scire

476 3163 537 3215 et
570 3159 913 3233 percipere,
969 3175 1105 3216 nam
1152 3174 1288 3217 cum
1322 3157 1477 3217 liber
1511 3159 1805 3236 significat
1863 3166 2060 3218 status
2096 3161 2259 3218 vitae
2307 3162 2588 3234 omnium,

472 3264 612 3316 tunc
648 3259 883 3334 aperire
944 3263 1005 3317 et
1064 3256 1301 3316 solvere
1361 3258 1595 3335 sigilla,
1662 3260 1956 3335 significat
1991 3259 2144 3319 scire
2182 3265 2244 3320 et
2275 3262 2589 3336 percipere

470 3356 637 3426 illos,
690 3358 843 3417 scire
881 3359 1037 3416 enim
1086 3364 1147 3416 et
1191 3360 1503 3434 percipere
1539 3358 1925 3435 praedicatur
1969 3359 2043 3418 de
2079 3365 2241 3418 statu
2275 3360 2469 3432 vitae,
2526 3364 2591 3418 at

472 3461 705 3534 aperire
744 3465 806 3516 et
840 3457 1077 3517 solvere
1114 3456 1312 3532 sigilla
1345 3457 1421 3516 de
1457 3457 1639 3532 libro,
1694 3460 1781 3517 ita
1815 3458 2003 3518 verba
2035 3459 2097 3516 in
2131 3474 2318 3517 sensu
2352 3460 2589 3517 interno

472 3556 995 3617 accommodantur
1041 3556 1223 3615 rebus
1272 3574 1430 3632 quae
1483 3558 1892 3634 significantur
1926 3575 2038 3635 per
2074 3557 2260 3616 verba
2303 3560 2366 3616 in
2401 3573 2590 3617 sensu

469 3657 714 3729 literae,
755 3656 1225 3732 correspondent
1249 3673 1540 3734 namque3
1596 3675 1783 3734 quare
1814 3659 2049 3734 aperire
2078 3656 2375 3733 significat
2410 3659 2589 3728 scire,

469 3773 543 3816 ae
569 3756 808 3815 solvere
844 3755 1041 3832 sigilla
1066 3755 1361 3832 significat
1383 3759 1699 3835 percipere
1737 3774 1900 3835 quae
1929 3758 2061 3817 aliis
2088 3773 2339 3833 prorsus
2366 3773 2585 3818 recon-

470 3856 598 3916 dita
632 3860 801 3927 sunt,
855 3860 919 3916 ut
954 3871 1139 3933 supra
1174 3873 1241 3914 n:
1285 3858 1447 3917 300.

629 3956 792 4015 304.
844 3955 921 4013 Et
952 3973 1126 4015 nemo
1161 3959 1357 4033 potuit
1387 3959 1452 4016 in
1489 3954 1704 4031 Coelo,
1759 3973 1874 4016 nec
1921 3972 2108 4034 super
2141 3961 2331 4032 terra,
2387 3970 2590 4031 neque

468 4054 582 4114 sub
619 4061 809 4126 terra,
862 4057 1099 4132 aperire
1133 4055 1351 4114 librum
1386 4072 1498 4114 nec
1533 4057 1828 4132 inspicere
1866 4073 2037 4132 eum,
2095 4056 2257 4133 quod
2291 4055 2588 4133 significet

467 4154 1022 4231 manifestationem,
1063 4155 1221 4231 quod
1256 4171 1331 4213 ne
1358 4154 1545 4214 hilum
1574 4155 1789 4233 aliquis
1826 4155 1901 4217 de
1930 4162 2094 4216 statu
2121 4158 2282 4217 vitae
2309 4156 2586 4216 'omnium
