2791 4778
417 331 525 384 456
682 319 1174 377 APOCALYPSIS
1216 320 1649 378 EXPLICATA.
1728 321 1772 388 §.
1821 329 1951 383 406.
2000 330 2128 382 407.
2168 329 2302 381 408.

415 483 627 561 iynem
673 481 743 540 in
802 479 1191 558 lilayoyum,
1256 483 1314 538 et
1366 478 1437 539 in
1488 478 1876 539 habitatores
1927 477 2308 541 Insularum
2363 500 2550 543 secu-

415 585 570 643 ros“
607 581 921 641 XXXIX:
969 582 1045 636 6:
1106 580 1267 656 apud
1304 582 1546 658 Esajam
1595 578 1827 655 „Iram
1880 581 2162 641 inimicis
2200 581 2393 656 suis,
2443 601 2549 643 re-

417 681 817 744 tributionem
877 679 1161 741 hostibus
1214 682 1385 755 suis,
1449 678 1703 741 Insulis
1752 681 2225 742 retributionem
2267 680 2544 743 retalia-

415 784 552 844 bit“
589 783 769 842 LIX:
828 784 946 841 18:
1004 781 1164 859 apud
1200 782 1467 840 Eundem
1515 780 1723 856 „Ecce
1756 787 1974 860 yentes
2008 781 2176 842 sicut
2227 790 2427 862 qutta
2472 782 2547 844 de

418 881 656 956 situla,
732 889 791 942 et
834 883 998 943 sicut
1050 882 1291 942 scoriae
1338 879 1536 942 librae
1580 888 2003 961 reputantur;
2081 902 2209 942 ecce
2276 882 2544 945 Insulas

419 985 587 1047 sicut
626 982 1133 1044 minutissimum
1162 979 1380 1042 tollit“
1419 983 1562 1041 XL:
1611 987 1717 1041 14.
1770 987 1851 1042 15
1874 1004 1889 1058 3
1946 993 2158 1060 gentes
2198 1003 2304 1061 pro
2342 986 2534 1058 malie,

421 1095 481 1146 et
524 1086 754 1144 insulae
806 1102 915 1159 pro
960 1084 1157 1142 falsis:
1215 1083 1376 1160 apud
1411 1084 1678 1141 Eundem
1739 1082 2016 1157 „Tacete
2066 1082 2354 1161 Insulae,
2410 1103 2530 1164 po-

406 1183 559 1266 puli
615 1186 904 1245 innovent
949 1184 1145 1257 vires,
1203 1183 1731 1263 appropinquent,
1790 1190 1937 1244 tunc
1985 1182 2355 1264 loquantur,
2409 1204 2538 1246 una

418 1286 508 1347 ad
539 1285 870 1368 judicium
922 1284 1322 1360 accedamus,
1397 1284 1692 1345 viderunt
1735 1283 1999 1345 Insulae
2059 1291 2117 1343 et
2170 1286 2539 1358 timuerunt,

408 1388 576 1469 fines
631 1393 836 1447 terrae
888 1383 1335 1465 trepidam-unffi
1386 1385 1563 1444 XLI:
1620 1389 1675 1442 1.
1726 1389 1781 1443 5.

577 1490 739 1547 407.
797 1487 983 1545 Vers:
1056 1490 1158 1545 15.
1209 1491 1314 1545 16.
1363 1491 1469 1545 17.
1534 1484 1630 1545 Et
1666 1504 1849 1565 reyes
1890 1493 2126 1561 terrae,
2179 1493 2240 1546 et
2270 1506 2543 1566 mayna-

421 1595 512 1648 tes
562 1595 620 1649 et
665 1586 925 1661 divites,
983 1591 1041 1645 et
1091 1585 1426 1647 chiliarchi
1480 1591 1538 1645 et
1589 1593 1896 1664 potentes,
1970 1591 2029 1645 et
2072 1589 2277 1648 omnis
2324 1608 2542 1648 servus

419 1696 479 1749 et
518 1690 727 1750 omnis
766 1685 949 1762 liber,
1008 1685 1469 1748 absconderunt
1504 1707 1570 1746 se
1625 1687 1695 1747 in
1750 1684 2068 1767 speluncis
2123 1694 2182 1747 et
2231 1689 2303 1748 in
2335 1688 2544 1767 petris

419 1789 745 1850 montium.
819 1787 915 1846 Et
981 1785 1267 1846 dicebant
1313 1788 1634 1848 montibus
1676 1793 1736 1847 et
1787 1788 2023 1866 petris,
2094 1788 2304 1848 cadite
2359 1808 2543 1868 super

222 1890 380 1952 [645]
422 1908 563 1966 nos,
627 1897 685 1950 et
729 1886 1090 1948 abscondite
1126 1907 1240 1946 nos
1276 1907 1319 1948 a
1352 1888 1536 1968 facie
1581 1887 1873 1949 Sedentis
1929 1908 2118 1967 super
2169 1888 2427 1960 throno,
2487 1897 2540 1948 et

420 1991 498 2051 ab
524 1991 632 2051 ira
674 1987 872 2069 Ayni.
951 1987 1129 2064 Quia
1167 1989 1335 2051 venit
1377 1988 1519 2049 dies
1556 2008 1831 2068 maynus
1871 1989 2008 2049 irae
2041 1989 2243 2072 Ejus,
2300 1997 2360 2050 et
2398 1991 2539 2068 quis

410 2097 623 2173 potest
672 2096 861 2151 stare.
954 2090 1028 2147 Et
1081 2107 1256 2166 reges
1308 2097 1531 2164 terrae,
1601 2097 1660 2149 et
1703 2099 2013 2166 magnates
2066 2099 2126 2149 et
2172 2092 2390 2150 divites
2407 2135 2423 2164 ,
2480 2099 2536 2149 et

423 2194 732 2253 chiliarchi
769 2198 828 2250 et
865 2197 1173 2267 potenteS,
1230 2192 1527 2268 significat
1562 2193 1758 2251 omnia
1803 2190 1963 2249 bona
2010 2199 2069 2250 et
2114 2210 2262 2250 vera
2298 2195 2539 2260 interna,

426 2301 489 2353 et
529 2296 728 2352 omnia
763 2292 924 2351 bona
961 2298 1021 2349 et
1057 2309 1202 2350 vera
1241 2298 1519 2361 externa,
1571 2309 1680 2368 per
1718 2308 1871 2366 quae
1916 2293 2210 2369 sapientia
2262 2301 2324 2351 et
2367 2292 2534 2351 intel-

424 2395 715 2471 ligentia:
772 2400 830 2452 et
873 2395 1060 2452 omnis
1115 2410 1328 2452 servus
1359 2401 1416 2452 et
1455 2396 1643 2452 omnis
1678 2392 1859 2462 liber,
1919 2395 2214 2470 significat
2247 2394 2536 2453 hominem
2665 2410 2668 2447 l

423 2494 756 2554 naturalem
811 2502 869 2554 et
917 2494 1213 2553 hominem
1265 2494 1671 2570 spiritualem:
1728 2493 2172 2554 absconderunt
2211 2498 2446 2571 seipsos
2479 2496 2533 2553 in
2667 2534 2668 2577 ¹

420 2597 730 2673 speluncis
776 2603 834 2656 et
873 2597 933 2653 in
969 2597 1156 2671 petris
1206 2597 1523 2669 montium,
1580 2593 1874 2671 significat
1926 2595 2031 2654 illa
2077 2596 2390 2672 deperdita
2431 2610 2530 2670 pet

423 2697 587 2755 mala
622 2700 781 2756 vitae
821 2703 881 2755 et
915 2714 1027 2772 per
1061 2696 1215 2754 salsa
1249 2695 1420 2755 inde:
1479 2703 1538 2754 et
1583 2694 1863 2754 dicebant
1898 2697 2199 2755 montibus
2238 2703 2297 2754 et
2333 2699 2527 2772 petriS,

425 2797 622 2855 cadite
676 2815 862 2873 super
915 2813 1053 2869 neS‚
1137 2798 1430 2873 significat
1487 2797 1883 2856 obtectionem
1940 2815 1975 2853 a
2029 2798 2201 2855 malis
2258 2805 2316 2855 et
2374 2795 2525 2854 salsis

423 2896 595 2955 inde:
654 2903 714 2954 et
757 2896 1104 2955 abscondite
1143 2915 1252 2958 nos
1301 2915 1339 2957 a
1384 2898 1537 2957 facie
1576 2895 1855 2955 Sede-ntis
1893 2913 2078 2973 super
2112 2898 2324 2956 throno
2362 2904 2420 2954 et
2459 2896 2523 2953 ab

422 2998 513 3054 ira
554 2996 746 3070 Agni,
802 2996 1093 3070 significat
1153 3014 1226 3055 ne
1270 2997 1400 3054 dira
1435 3001 1739 3073 patiantur
1775 2997 1849 3055 ab
1891 2998 2113 3056 influxu
2151 2999 2357 3057 Divini
2388 2997 2519 3056 Boni

422 3098 571 3154 uniti
631 3096 853 3154 Divino
907 3094 1068 3153 Vero
1127 3097 1510 3171 procedentis
1573 3118 1609 3156 a
1657 3096 1943 3156 Domin02
2012 3102 2150 3174 quia
2197 3101 2363 3157 venit
2406 3098 2510 3156 dies

420 3212 672 3272 magnus
711 3197 834 3254 irae
873 3197 1053 3272 Ejus,
1111 3196 1407 3271 significat
1442 3199 1713 3257 ultimum
1752 3198 2053 3258 Judicium
2099 3216 2282 3275 super
2319 3198 2509 3257 malos:

424 3304 483 3357 et
525 3299 658 3374 quis
703 3302 904 3372 potest
940 3304 1134 3372 stare,
1175 3298 1472 3373 significat
1510 3301 1641 3376 quis
1679 3299 1844 3359 vivet
1879 3307 1939 3359 et
1974 3300 2311 3358 sustinebit.

577 3402 739 3460 408.
818 3399 894 3458 Et
935 3415 1114 3476 reges
1172 3406 1402 3472 terrae,
1462 3407 1521 3457 et
1556 3408 1865 3474 magnates
1905 3408 1965 3459 et
1999 3401 2214 3459 divites
2228 3445 2243 3474 ,
2312 3407 2371 3459 et
2405 3399 2506 3456 chi-

420 3501 631 3559 liarchi
683 3509 741 3560 et
764 3544 770 3549 .
792 3507 1103 3576 potenteS,
1159 3500 1314 3576 quod
1359 3501 1697 3576 significent
1734 3505 1932 3560 omnia
1965 3502 2123 3559 bona
2160 3508 2223 3560 et
2261 3518 2404 3560 vera
2437 3501 2511 3556 in-

422 3609 594 3659 terna
631 3609 689 3659 et
728 3604 925 3659 omnia
970 3601 1129 3658 bona
1183 3608 1240 3659 et
1287 3619 1432 3660 vera
1470 3608 1750 3671 externa,
1810 3619 1921 3677 per
1958 3619 2110 3678 quae
2148 3604 2439 3678 sapientia
2468 3602 2514 3655 et

421 3700 846 3777 intelligentia,
896 3708 1130 3759 constat
1166 3719 1239 3760 ex
1269 3700 1703 3777 significatione
1740 3701 2006 3779 Regum,
2049 3701 2207 3777 quod
2244 3704 2362 3760 sint
2394 3714 2517 3759 vera

422 3818 497 3859 ex
533 3800 691 3861 bono
720 3803 779 3859 in
821 3802 978 3858 omni
1023 3801 1372 3876 complexu,
1442 3802 1515 3860 de
1555 3819 1673 3879 qua
1712 3818 1896 3879 snpra
1944 3822 2013 3862 n:
2063 3804 2186 3878 313
2245 3820 2318 3861 ex
2355 3800 2518 3877 signi-

415 3900 693 3961 ficatione
730 3906 1069 3977 magnatum
1109 3905 1168 3959 et
1205 3899 1481 3976 divitum,
1540 3901 1696 3978 quod
1725 3905 1843 3961 sint
1877 3904 2036 3962 bona
2077 3910 2137 3962 et
2178 3921 2321 3962 vera
2357 3905 2518 3960 inter-

414 4018 522 4076 na,
583 4002 655 4061 de
695 4018 813 4077 qua
860 4002 1160 4076 sequitur,
1230 4018 1302 4060 ex
1345 4002 1777 4078 significatione
1826 4001 2283 4062 chiliarchorum
2322 4010 2380 4062 et
2419 4019 2517 4077 po-

414 4102 693 4170 tentium,
761 4100 919 4176 quod
974 4100 1090 4157 sint
1142 4099 1297 4159 bona
1346 4110 1405 4161 et
1458 4122 1600 4163 vera
1656 4110 1936 4180 externa,
2015 4102 2326 4163 chiliarchi
2377 4101 2522 4158 bona

413 4195 515 4259 illa
570 4202 626 4252 et
675 4204 953 4268 potentes
1008 4215 1149 4255 vera
1198 4199 1331 4271 illa,
1370 4203 1473 4260 Vde
1537 4222 1654 4277 qua
1718 4206 1900 4262 etiam
1950 4206 2253 4281 sequitur:
2322 4203 2519 4261 dicitur
