2791 4778
422 396 530 466 sos
869 384 1358 463 AchLx'Psls
1404 382 1837 453 ΕΧΡιᾸοΑΤΑ,
1904 383 1949 448 §.
1993 377 2119 444 412.

418 546 630 606 fleatur
679 543 759 601 ibi
804 538 1037 602 affectio
1089 546 1218 603 veri
1268 543 1634 618 spiritualis,
1701 541 1826 599 filia
1862 541 2009 617 Tyri
2061 540 2365 616 significat
2402 541 2563 601 affe-

419 648 672 707 ctionem
716 646 1118 720 cognitionum
1157 646 1285 702 veri
1332 649 1393 701 et
1438 643 1580 701 boni
1594 663 1609 718 3
1665 643 1760 700 his
1810 642 1985 727 ditaq’
2024 641 2406 717 significatur
2447 660 2564 719 per

421 745 582 823 quod
628 761 840 803 munus
879 744 1115 820 afferet3
1171 763 1281 821 per
1333 744 1550 802 divites
1598 742 1809 819 populi
1848 743 2260 819 significantur
2321 743 2558 802 intelli-

419 835 659 924 gentes,
726 852 786 903 et
840 845 1140 904 abstracte
1198 845 1600 921 intelligentia
1652 845 1779 902 veri
1841 849 1902 900 et
1962 843 2130 912 boni,
2196 841 2290 902 his
2341 843 2561 901 donari

420 945 788 1023 significatur
824 962 933 1022 per
971 945 1286 1022 deprecari
1324 946 1515 1003 facies
1559 945 1719 1019 eim,
1775 946 1976 1002 omnia
2015 946 2167 1002 enim
2202 943 2558 1019 intelligen-

419 1050 539 1106 tiae
566 1046 837 1104 habitant
862 1047 921 1103 in
946 1045 1257 1105 affectione
1290 1048 1421 1104 veri
1452 1043 1767 1121 spirituali,
1801 1061 1958 1119 quae
1990 1046 2188 1119 itaque
2213 1060 2324 1118 per
2353 1044 2553 1102 facies

421 1149 551 1224 ejus
589 1146 983 1221 signIficatnr:
1050 1146 1283 1224 reliqua
1323 1139 1641 1204 videantur
1680 1144 1983 1219 explicata
2030 1161 2212 1219 supra
2245 1161 2316 1203 n:
2383 1146 2555 1204 195.

418 1240 597 1324 Apud
622 1246 891 1305 Eundem
931 1238 1207 1322 „Adhuc
1234 1247 1563 1327 confitebor
1587 1242 1712 1317 illi,
1754 1241 1999 1303 salutes
2019 1243 2350 1324 facierum
2379 1263 2557 1322 mect-

416 1367 563 1409 rwm
585 1346 773 1406 Deus
798 1350 1019 1406 meu8“
1054 1348 1278 1406 Psalm:
1311 1347 1511 1406 XLII:
1555 1349 1660 1404 12.
1701 1345 1925 1403 Psalm:
1952 1345 2178 1404 XLIII:
2220 1345 2279 1419 53
2322 1346 2563 1403 salutes

417 1450 702 1507 facierum
743 1466 1008 1507 mearum
1046 1449 1383 1524 significant
1420 1449 1617 1505 omnia
1657 1463 1811 1522 quac
1849 1447 2041 1518 intus,
2093 1448 2179 1503 ita
2212 1463 2375 1520 quae
2417 1453 2561 1505 sunt

421 1551 635 1606 mentis
688 1557 747 1607 et
793 1549 1206 1619 affectionum,
1262 1549 1511 1624 proinde
1568 1564 1722 1623 quae
1775 1549 1991 1604 amoris
2048 1553 2106 1604 et
2152 1545 2327 1620 fidei,
2399 1564 2558 1622 quac-

422 1651 558 1731 quia
598 1649 838 1706 salvant
874 1656 1163 1706 vocantur
1204 1649 1452 1707 salutes,
1532 1647 1896 1710 Affectiones
1936 1647 2124 1704 malae
2138 1690 2154 1720 ,
2215 1663 2375 1721 quae
2419 1656 2561 1706 sunt

421 1748 815 1824 cupiditateS,
873 1750 1052 1805 etiam
1102 1752 1518 1824 exprimuntur
1564 1766 1673 1824 pcr
1710 1749 1923 1820 sacieS,
1983 1749 2123 1823 quia
2168 1749 2230 1804 in
2281 1747 2558 1806 faciebus

419 1856 742 1925 apparent,
821 1867 954 1905 nam
1002 1849 1188 1906 facies
1247 1857 1339 1907 est
1387 1851 1580 1906 forma
1618 1858 1866 1907 externa
1914 1865 2027 1907 seu
2060 1848 2357 1906 naturalis
2394 1850 2555 1906 inte-

419 1940 643 2007 riorum
698 1966 851 2024 quae
916 1951 1095 2007 animi
1157 1958 1216 2006 ct
1273 1952 1522 2023 mentis:
1607 1952 1788 2007 etiam
1843 1951 1902 2005 in
1964 1949 2186 2006 Mundo
2250 1950 2559 2024 spirituali

424 2068 608 2110 unum
653 2050 908 2124 faciunt,
963 2068 1078 2107 non
1132 2052 1283 2108 enim
1332 2049 1414 2109 ibi
1461 2049 1604 2108 licet
1639 2051 1873 2107 mentiri
1922 2049 2072 2107 alias
2121 2049 2309 2107 facies
2368 2068 2557 2125 quam

422 2168 577 2227 quac
631 2158 772 2208 sunt
823 2151 1225 2223 affectionum,
1294 2153 1379 2207 ita
1435 2168 1590 2232 quae
1643 2149 2115 2225 correspondent
2164 2150 2556 2209 interioribus

221 2254 279 2315 16
297 2256 392 2316 79]
436 2269 589 2328 quae
628 2254 840 2309 mentis
876 2252 1145 2309 illorum:
1200 2251 1335 2308 inde
1376 2258 1498 2320 est,
1556 2251 1714 2326 quod
1762 2250 1980 2327 Angeli
2020 2250 2187 2309 Coeli
2242 2253 2360 2308 sint
2396 2252 2560 2309 facie

418 2353 642 2412 illustri
680 2358 739 2411 et
778 2360 1051 2426 venusta,
1092 2360 1153 2411 at
1190 2354 1434 2429 spiritus
1471 2352 1794 2411 infernales
1833 2353 1951 2410 sint
1978 2352 2131 2410 facie
2168 2358 2299 2410 atra
2340 2359 2402 2410 et
2440 2352 2558 2412 de-

419 2454 620 2528 formi3
691 2454 850 2528 quod
894 2454 1044 2512 haec
1092 2472 1329 2529 quoque
1390 2472 1498 2528 per
1559 2454 1740 2511 facies
1791 2452 2226 2527 intelligantur,
2292 2460 2468 2529 patet
2522 2473 2563 2511 a

421 2554 818 2632 sequentibus
868 2554 961 2612 his
1010 2554 1183 2630 locis3
1268 2553 1429 2629 apud
1479 2556 1719 2629 Esajam
1779 2552 2140 2628 „Tor-mina
2184 2557 2244 2610 et
2297 2550 2565 2614 dolore-9

406 2654 930 2734 apprehendunt,
988 2654 1154 2713 sicat
1193 2656 1456 2732 pariens
1493 2654 1907 2734 parturiunt,
1964 2653 2063 2713 vir
2109 2672 2265 2732 crya
2303 2654 2564 2715 socium

422 2775 611 2817 suum
671 2757 1149 2834 obstupescunt,
1226 2753 1443 2836 facies
1485 2738 1909 2832 flammarum
1957 2754 2171 2832 facies
2232 2752 2560 2815 illorum“

420 2856 605 2914 XIII:
654 2859 723 2931 83
780 2860 980 2931 agitur
1027 2858 1110 2914 ibi
1158 2857 1229 2915 de
1266 2856 1490 2917 Ultimo
1530 2855 1806 2929 Judicio,
1864 2854 2099 2931 quando
2144 2857 2286 2914 mali
2322 2858 2554 2915 immit-

419 2962 624 3012 tuntur
664 2958 724 3011 in
773 2959 1057 3013 interiora
1104 2974 1247 3029 sna,
1315 2959 1597 3014 interiora
1646 2955 1882 3013 illorum
1933 2956 2034 3038 qui
2083 2958 2143 3013 in
2193 2974 2398 3015 amore
2451 2960 2555 3016 sui

421 3060 484 3112 et
521 3054 722 3111 mundi
758 3062 927 3125 sunt,
979 3062 1038 3111 et
1072 3057 1208 3113 inde
1255 3059 1313 3112 in
1354 3056 1504 3114 odiis
1545 3062 1604 3115 et
1638 3056 1937 3126 vindictis,
1992 3057 2410 3134 intelliguntur
2438 3075 2552 3133 per

423 3153 580 3229 quod
617 3142 802 3211 facies
852 3154 1222 3213 flammarum
1259 3157 1445 3213 facies
1483 3157 1751 3225 illorum,
1804 3158 1957 3215 tales
1996 3159 2176 3215 etiam
2216 3158 2305 3216 illi
2343 3166 2544 3233 appa-

420 3260 580 3327 rent3
639 3256 938 3312 cruciatus
975 3254 1213 3315 illorum
1252 3273 1324 3315 ex
1367 3257 1594 3315 influxu
1634 3258 1833 3315 Divini
1872 3258 2024 3316 Boni
2062 3264 2122 3316 et
2157 3260 2355 3317 Divini
2394 3257 2549 3315 Veri

374 3344 379 3349 ⁸
423 3355 831 3431 significantur
867 3374 976 3432 per
1022 3360 1275 3415 tormina
1317 3364 1377 3415 et
1428 3358 1668 3417 dolores
1714 3358 2173 3433 apprehendunt
2223 3362 2378 3417 sicut
2426 3376 2544 3434 pa-

420 3459 580 3515 riens
617 3460 985 3534 parturiunt3
1039 3461 1342 3517 cruciatus
1377 3459 1611 3516 illorum
1653 3460 2056 3517 assimilantur
2093 3459 2450 3518 torminibus
2488 3463 2544 3516 et

423 3557 727 3616 doloribus
778 3561 1272 3634 parturientium,
1349 3576 1421 3616 ex
1478 3559 1655 3616 simili
1708 3575 1894 3618 causa
1947 3576 2067 3633 qua
2128 3560 2363 3619 Genes:
2422 3558 2542 3618 III:

431 3663 550 3732 16,
606 3676 743 3716 nam
783 3660 939 3717 mala
979 3669 1037 3717 et
1077 3661 1231 3719 salsa
1270 3666 1409 3717 tunc
1446 3660 1919 3735 conjunguntur,
1976 3659 2090 3717 hoc
2127 3661 2269 3717 dum
2307 3660 2374 3717 fit
2411 3677 2543 3718 cum

423 3759 614 3817 influit
673 3759 954 3816 Divinum
1008 3759 1240 3817 Bonum
1304 3768 1363 3815 et
1413 3760 1671 3833 Verum,
1763 3760 2004 3819 dolores
2061 3760 2539 3836 apprehendunt.

422 3859 603 3934 Apud
644 3859 1019 3917 Ezechielem
1072 3857 1259 3933 „Dio
1293 3856 1516 3939 sylvae
1552 3856 1870 3935 meaddz'ei‘,
1926 3880 2050 3920 non
2091 3860 2544 3940 exstinquetur

406 3957 683 4035 flamma
714 3957 1026 4035 flammae
1078 3958 1331 4037 yravis,
1384 3959 1552 4020 unde
1601 3962 2036 4022 comburentur
2086 3962 2157 4021 in
2211 3980 2286 4020 ea
2333 3977 2543 4020 omnes

405 4059 647 4137 facies,
699 4077 743 4117 a
776 4057 1043 4118 meridie
1077 4077 1273 4138 usque
1320 4060 1411 4119 ad
1464 4061 1945 4140 septentrionem
1967 4065 2002 4094 “
2059 4062 2248 4122 XXI:
2299 4065 2378 4137 33
2437 4077 2545 4138 per

418 4159 648 4230 sylvam
697 4158 966 4217 meridiei
1011 4160 1359 4235 intelligitur
1407 4161 1626 4221 falsum
1671 4164 1828 4220 intra
1887 4164 2240 4233 Ecclesiam,
2289 4162 2540 4239 proinde

414 4252 501 4309 illi
540 4257 638 4328 qui
691 4256 751 4311 in
802 4256 969 4315 salsis
1007 4266 1147 4317 sunt
1181 4259 1291 4334 ibi,
1349 4261 1623 4321 Ecclesia
1659 4264 2029 4340 significatur
2063 4280 2174 4342 por
2212 4262 2533 4333 meridiem,
