2791 4778
426 348 665 406 CAPUT
700 348 1010 408 SEXTUM.
1817 350 2022 405 VERS:
2069 363 2120 415 6.
2278 366 2385 419 247

267 515 423 587 esui,
465 529 539 572 ac
578 529 733 589 quae
763 514 897 573 esui
931 518 1074 571 sunt
1109 517 1171 572 et
1196 514 1468 571 nutriunt
1496 529 1743 590 corpuS,
1800 512 2133 590 significant
2167 516 2228 573 in
2254 518 2384 593 spi-

261 612 465 672 rituali
501 629 687 672 sensu
736 612 883 672 talia
922 630 1079 689 quae
1132 615 1403 672 nutriunt
1449 613 1704 672 animam
1740 630 1850 673 seu
1887 620 2176 685 mentem,
2229 633 2387 693 quae

263 716 466 772 omnia
499 730 569 773 se
606 715 875 773 referunt
910 713 987 772 ad
1032 713 1251 780 bonum
1304 714 1524 772 amoris
1565 720 1626 773 et
1665 713 1744 772 ad
1779 731 1985 773 verum
2020 712 2191 789 fidei,
2245 716 2385 777 inde

256 815 562 891 imprimis
596 813 869 873 triticum'
895 819 955 873 et
987 813 1313 887 hordeum,
1371 814 1513 890 quia
1549 830 1622 873 ex
1657 814 1774 873 illis
1809 817 2014 891 panis:
2069 815 2231 891 quod
2266 816 2384 876 cibi

255 917 451 974 omnis
502 916 740 990 generis
794 913 1127 990 significent
1180 913 1376 972 cibum
1426 914 1832 992 spiritualem,
1898 916 1982 973 ita
2040 932 2195 992 quae
2243 924 2384 976 sunt

250 1016 570 1089 scientiae,
617 1014 1048 1091 intelligentiae
1099 1021 1160 1074 et
1209 1014 1576 1090 sapientiae,
1630 1014 1880 1091 proinde
1913 1015 2137 1075 bonum
2172 1024 2233 1076 et
2266 1036 2377 1076 ve-

250 1133 389 1176 rum
428 1132 506 1173 ex
545 1115 761 1191 quibus
797 1115 922 1188 illa,
958 1114 1234 1173 videatur
1268 1132 1340 1175 n:
1394 1116 1607 1175 3114.
1648 1116 1864 1175 4459.
1911 1116 2117 1175 5147.
2166 1118 2380 1176 5293.

258 1218 479 1276 5340.
542 1216 749 1275 5342.
822 1217 1030 1274 5410.
1095 1215 1305 1275 5426.
1363 1217 1574 1275 5576.
1634 1215 1844 1276 5582.
1904 1217 2113 1276 5588.
2165 1218 2375 1278 5655.

256 1317 478 1376 5915.
524 1316 735 1375 8408.
785 1317 997 1375 8562.
1055 1316 1277 1390 90035
1334 1316 1395 1372 in
1430 1331 1652 1392 genere
1694 1317 1907 1385 Panis,
1959 1318 2020 1374 in
2070 1313 2378 1393 Opusculo

249 1416 330 1476 de
364 1416 545 1474 Nou
580 1416 1031 1475 Hmnosomrm
1080 1434 1151 1474 n:
1207 1418 1242 1473 2
1263 1420 1289 1474 1
1311 1418 1383 1475 8:
1439 1415 1600 1490 quod
1634 1417 1799 1492 Ager
1833 1416 2126 1493 significet
2158 1417 2375 1478 Eccle-

247 1520 425 1586 siam,
477 1533 550 1574 n:
605 1519 817 1576 2971.
876 1517 1086 1575 3766.
1135 1517 1347 1576 9139.
1434 1514 1607 1591 Quod
1646 1517 1935 1576 Triticum
1974 1515 2375 1588 ‹it-Hordeum

244 1616 594 1693 significent
629 1615 801 1690 talia,
864 1623 959 1674 est
1012 1632 1081 1675 ex
1133 1615 1694 1692 correspondentia,
1749 1624 1815 1674 ut
1864 1624 2138 1677 constare
2175 1624 2378 1694 potest

247 1734 328 1778 cx
363 1716 488 1774 illis
525 1732 683 1791 quae
724 1709 1023 1792 apparent
1061 1719 1121 1773 in
1159 1715 1383 1774 Mundo
1423 1716 1744 1792 spirituali,
1787 1716 1890 1776 ubi
1927 1735 2132 1780 omnes
2178 1737 2371 1797 appa-

242 1819 484 1876 rentiae
551 1823 690 1873 sunt
754 1817 1316 1893 correspondentiae
1336 1836 1354 1891 3
1420 1823 1717 1893 apparent
1767 1816 1851 1877 ibi
1903 1816 2146 1897 Campi,
2209 1819 2376 1896 Agri,

241 1899 488 1977 Messes
539 1917 686 1973 varii
733 1918 970 1992 generis
984 1959 1001 1988 ,
1071 1924 1132 1975 et
1177 1933 1423 1996 ,quoque
1472 1917 1700 1992 Panes,
1770 1917 1925 1977 unde
1980 1922 2167 1979 scitur
2214 1921 2374 1997 quod
2477 1989 2478 1992 Ἴ

243 2016 799 2092 correspondeant,
853 2025 914 2074 et
959 2024 1398 2092 consequenter
1435 2017 1594 2092 quod
1629 2017 1959 2078 secundum
2012 2036 2367 2097 correspon-

246 2118 492 2177 dentias
521 2115 872 2192 significent.
932 2114 1108 2191 Quod
1138 2117 1430 2177 Triticum
1459 2123 1518 2175 et
1544 2118 1850 2177 Hordeum
1886 2118 2222 2195 significent
2254 2121 2366 2181 bo-

244 2235 390 2276 num
445 2223 505 2274 et
552 2234 761 2275 verum
804 2215 1146 2292 Ecclesiae,
1206 2219 1464 2276 triticum
1515 2216 1737 2276 bonum
1787 2218 1918 2294 ejus
1971 2225 2031 2277 et
2079 2219 2370 2280 hordeum

248 2334 464 2376 verum
500 2316 650 2394 ejuS,
691 2319 875 2375 etiam
912 2325 1185 2376 constare
1233 2324 1437 2394 potest
1484 2334 1558 2377 ex
1595 2318 1743 2377 locis
1780 2319 1841 2376 in
1878 2317 2080 2378 Verbo
2113 2319 2219 2379 ubi
2258 2335 2366 2379 no·
2410 2341 2567 2405 [509]

251 2421 578 2490 minantur,
635 2424 702 2475 ut
738 2435 813 2476 ex
849 2419 1265 2494 sequentibu83
1321 2419 1487 2495 apud
1516 2419 1846 2478 Jeremiam
1894 2416 2226 2493 „Jehovah
2257 2419 2370 2499 qui

255 2516 561 2595 dispersit
590 2515 931 2591 Israelem,
970 2518 1374 2599 conyreyabit
1412 2537 1583 2594 eum,
1620 2524 1682 2579 et
1720 2516 2032 2581 custodiet
2065 2538 2209 2580 eum
2236 2518 2366 2582 eio-

251 2624 331 2679 ut
361 2615 603 2678 Pastor
634 2637 890 2698 yreyem
924 2637 1138 2691 auum,
1200 2619 1355 2698 quia
1392 2618 1660 2680 redemit
1701 2617 1986 2680 Jehovah
2038 2618 2365 2696 Jacobum,

244 2724 307 2778 et
361 2715 655 2778 liberavit
709 2738 851 2778 eum
915 2737 948 2777 e
988 2738 1186 2779 manu
1229 2718 1538 2798 fortioris
1587 2716 1741 2780 illo:
1804 2718 1972 2781 unde
2021 2720 2266 2782 venient
2309 2726 2368 2781 et

245 2823 476 2879 canent
522 2816 593 2878 in
629 2815 976 2879 altitudine
1012 2818 1281 2892 Zioni3‚
1329 2824 1391 2879 et
1433 2818 1745 2897 confluent
1788 2805 1878 2880 ad
1920 2819 2145 2882 bonum
2174 2821 2368 2883 Jelzo-

243 2937 393 2993 vae,
441 2915 534 2977 ad
567 2916 918 2993 Triticum,
966 2918 1057 2978 ad
1082 2917 1409 2991 Muscam,
1462 2924 1523 2979 et
1549 2919 1639 2979 ad
1669 2917 1920 2994 Oleum,
1971 2925 2031 2981 et
2069 2920 2160 2982 ad
2184 2920 2369 3004 filios

239 3019 470 3099 yreyis
508 3027 570 3079 et
612 3019 884 3078 armenti
898 3039 925 3090 ;
979 3026 1037 3079 et
1075 3020 1194 3100 fiet
1238 3018 1460 3080 anima
1496 3028 1710 3080 eorum
1745 3020 1914 3082 sicut
1954 3020 2177 3082 hortus
2211 3022 2369 3083 irri—
2409 3016 2412 3017 ⁷

238 3121 466 3198 ymo-ss
532 3118 791 3179 XXXI:
857 3122 965 3176 10.
1037 3121 1144 3178 11.
1204 3124 1322 3194 125
1395 3122 1592 3195 agitur
1648 3121 1732 3178 ibi
1798 3121 1872 3180 de
1937 3123 2367 3182 instauratione

237 3219 560 3279 Ecclesiae
613 3236 838 3295 novae3
891 3236 1001 3295 per
1050 3218 1353 3287 Israelem¹
1393 3227 1452 3278 et
1497 3236 1609 3296 per
1652 3219 1949 3280 ,Iacobum
2003 3222 2371 3298 significatur

238 3318 350 3378 illa
382 3320 690 3392 Ecclesia,
728 3335 838 3395 per
872 3319 1169 3378 Israelem
1192 3319 1471 3379 Ecclesia
1504 3321 1834 3395 spiritualis
1870 3324 2130 3393 interna,
2172 3327 2233 3381 et
2257 3339 2370 3398 per

240 3419 549 3480 Jacobum
580 3425 854 3494 externa,
894 3437 1031 3477 nam
1061 3421 1249 3478 omnis
1285 3419 1559 3479 Ecclesia
1596 3426 1689 3478 est
1721 3423 1954 3478 interna
1990 3425 2050 3478 et
2086 3426 2366 3494 externa3

240 3521 600 3578 instauratio
663 3519 794 3595 ejus
856 3519 1214 3579 describitur
1262 3536 1376 3595 per
1430 3517 1592 3595 quod
1651 3518 1694 3578 J
1698 3519 1930 3580 ehovah
1983 3518 2370 3596 congregabit

241 3632 419 3689 eum',
459 3619 763 3679 custodiet
801 3635 936 3677 eum
974 3621 1133 3678 sicut
1165 3619 1383 3678 Pastor
1422 3635 1666 3695 gregem
1702 3635 1904 3689 suum,
1942 3621 2084 3695 quia
2118 3617 2370 3678 redemit

241 3719 575 3790 «Iacobum,
650 3725 712 3778 et
754 3718 1037 3778 liberavit
1089 3737 1121 3778 e
1172 3737 1354 3778 manu
1403 3719 1663 3778 fortioris
1716 3718 1849 3793 illo;
1914 3737 2027 3797 per
2074 3719 2369 3779 redimere

242 3819 615 3895 significatur
654 3818 1016 3890 reformare,
1077 3819 1355 3878 videatur
1401 3833 1586 3893 supra
1642 3837 1709 3877 n:
1754 3819 1927 3895 3283
1985 3836 2096 3895 per
2131 3838 2372 3879 manum

241 3919 508 3979 fortioris
548 3918 682 3993 illo,
722 3919 1092 3995 significatur
1128 3937 1160 3978 e
1196 3919 1353 3977 malo
1392 3924 1454 3977 et
1479 3917 1661 3993 falso,
1705 3934 1864 3994 quae
1898 3920 2064 3994 prius
2101 3937 2368 3999 occupa-

242 4026 460 4078 verunt
471 4038 490 4094 ;
544 4018 825 4095 gaudium
864 4020 1165 4079 internum
1200 4035 1312 4078 seu
1348 4017 1631 4095 gaudium
1670 4018 1864 4079 cordis
1899 4018 2137 4080 illorum
2162 4023 2367 4081 oriun-

245 4117 385 4178 dum
424 4136 503 4181 ex
553 4118 711 4178 bono
753 4119 1003 4179 coelesti
1043 4127 1103 4179 et
1140 4136 1215 4177 ex
1251 4120 1412 4181 veris
1448 4117 1588 4178 inde
1608 4162 1624 4193 ,
1672 4119 2039 4197 significatur
2064 4139 2176 4199 per
2211 4120 2370 4182 unde

246 4222 494 4280 venient
530 4227 591 4279 et
629 4227 842 4278 canent
878 4222 939 4278 in
975 4217 1285 4279 altitudine
1328 4219 1571 4293 Zionis‚
1614 4227 1674 4280 et
1708 4221 2003 4283 confluent
2039 4223 2112 4281 ad
2149 4221 2375 4281 bonum
