2791 4778
388 385 628 440 CAPUT
670 385 1012 452 QUINTUM.
1723 386 1933 441 VERS:
1980 398 2071 450 12.
2246 401 2351 452 145

222 551 336 624 qui
390 550 480 605 ita
513 553 795 623 apparet,
855 545 951 605 hic
986 546 1189 623 itaque
1244 544 1596 622 intelligitur
1645 564 1756 623 per
1791 548 2004 608 faciem
2042 548 2349 629 Jehovae5

223 649 367 708 Lux
403 663 562 724 quae
610 646 750 706 inde
785 645 1058 723 procedit
1109 649 1204 703 est
1237 644 1518 704 Divinum
1553 645 1812 721 Verum,
1868 647 1981 707 hoc
2018 650 2222 726 itaque
2260 658 2355 712 est

224 748 395 825 quod
426 746 779 823 intelligitur
811 765 923 825 per
947 746 1150 805 lucere
1187 745 1367 803 faciat
1402 746 1588 805 facies
1624 764 1803 824 suas;
1845 748 2008 808 calor
2043 752 2144 827 qui
2174 752 2354 811 etiam

222 851 373 908 inde
408 848 697 925 procedit,
737 855 832 907 est
865 848 1144 906 Divinum
1174 846 1436 920 Bonum,
1475 848 1590 907 hoc
1625 849 1829 924 itaque
1866 850 2217 929 intelligitur
2242 870 2353 929 per

224 932 473 1009 attollat
505 949 691 1007 facies
718 965 891 1017 suas,
924 965 1036 1024 per
1066 947 1340 1005 attollere
1380 949 1535 1006 enim
1562 948 1929 1023 significatur
1963 967 2028 1009 se
2057 952 2348 1027 revelare,
2400 932 2409 940 ’

224 1050 403 1127 quod
434 1048 500 1107 fit
535 1065 610 1107 ex
645 1050 865 1108 Divino
901 1048 1072 1106 Bono
1108 1064 1219 1123 per
1253 1047 1539 1107 Divinum
1568 1047 1820 1107 Verum:
1863 1051 2023 1126 quod
2057 1051 2350 1111 Dominus

226 1155 534 1229 appareat
568 1149 814 1225 Angelis
849 1151 911 1207 in
949 1147 1133 1207 Coelo
1169 1155 1237 1206 ut
1274 1146 1406 1220 Sol,
1448 1155 1509 1207 et
1545 1149 1707 1224 quod
1740 1149 1844 1207 illa
1881 1154 2243 1227 apparentia
2277 1154 2355 1212 sit

224 1251 444 1311 Divini
486 1250 725 1309 Amoris
771 1248 1007 1325 IpsiuS,
1075 1246 1351 1307 videatur
1403 1250 1463 1307 in
1512 1247 1711 1324 Opere
1762 1249 1835 1308 de
1886 1249 2094 1311 Coeno
2130 1269 2208 1311 m·
2243 1248 2351 1311 1⁸⁴-

226 1370 438 1411 rmmo
485 1368 554 1409 n:
600 1354 628 1409 1
653 1354 737 1410 16
779 1350 855 1408 ad
901 1349 1074 1407 125:
1132 1356 1192 1406 et
1238 1348 1399 1425 quod
1435 1348 1566 1406 Lux
1613 1349 1750 1409 inde
1785 1352 1864 1434 sit
1898 1351 2185 1411 Divinum
2222 1352 2352 1412 Ve-

228 1469 399 1525 rum,
457 1466 526 1510 ac
586 1450 746 1527 quod
782 1449 961 1510 Calor
1022 1448 1157 1508 inde
1215 1452 1291 1509 sit
1335 1446 1621 1508 Divinum
1667 1450 1938 1521 Bonum,
1984 1470 2051 1510 n:
2101 1454 2234 1511 126
2278 1453 2355 1511 ad

244 1555 387 1612 140
422 1550 533 1610 ibi:
587 1551 749 1628 quod
781 1551 910 1610 Pax
946 1548 1238 1626 significet
1266 1549 1601 1627 jucundum
1638 1550 1902 1610 coeleste
1960 1552 2121 1628 quod
2153 1553 2351 1612 beati-

229 1653 444 1712 tudine
479 1653 680 1711 intime
718 1649 898 1709 afficit
934 1665 1105 1709 omne
1131 1650 1369 1728 bonum,
1410 1657 1470 1709 et
1504 1650 1667 1728 quod
1701 1650 1836 1710 inde
1864 1651 2160 1729 significet
2189 1651 2354 1712 Coe-

229 1755 361 1813 lum
400 1758 460 1812 et
484 1752 829 1812 felicitatem
859 1756 1178 1824 aeternam,
1219 1751 1497 1810 videatur
1530 1753 1590 1809 in
1621 1750 1831 1811 eodem
1862 1750 2061 1829 Opere
2098 1771 2167 1813 n:
2210 1755 2350 1812 284

229 1851 316 1913 ad
357 1854 534 1912 290:
592 1860 649 1911 et
686 1852 847 1928 quod
881 1849 986 1909 filii
1017 1850 1263 1910 Israelis
1300 1852 1631 1928 significent
1664 1851 1800 1911 illos
1838 1855 1942 1929 qui
1976 1852 2053 1911 ab
2080 1852 2356 1914 Ecclesia

228 1961 399 2028 sunt,
436 1954 523 2012 ita
549 1952 901 2024 Ecclesiam,
939 1953 1000 2009 in
1027 1952 1301 2010 Artemis
1335 1951 1752 2013 Connusrmus
1789 1971 1847 2011 n:
1892 1956 2103 2013 6426.
2136 1955 2349 2014 8805.

237 2055 459 2115 9340.
528 2052 712 2130 Apud
759 2051 1138 2112 Ezechielem
1185 2050 1437 2126 „Dabo
1477 2050 1608 2113 eoc‘
1636 2051 1943 2120 circuitus
1979 2050 2182 2115 Collis
2231 2054 2356 2114 mei

228 2152 786 2228 Bemdiotionem,
823 2158 883 2211 et
908 2151 1241 2213 demittam
1267 2149 1565 2232 pluviam
1602 2152 1673 2212 in
1715 2159 1986 2232 tempore
2018 2172 2153 2230 suc,
2195 2152 2349 2233 plu-

228 2255 380 2316 viae
403 2252 882 2315 Bemdiotionis
921 2258 1103 2313 erum
1116 2296 1134 2327 ,
1201 2260 1348 2313 tunc
1383 2249 1562 2312 dabit
1600 2253 1787 2313 arbor
1810 2253 2107 2331 fructum
2144 2271 2353 2328 suu-m,

230 2363 410 2418 tem-a
449 2353 629 2416 dabit
649 2361 1028 2434 proventum
1053 2354 1289 2414 suum“
1322 2351 1618 2413 XXXIV:
1656 2355 1766 2413 26.
1804 2356 1914 2430 273
1955 2355 2058 2430 qui
2087 2353 2356 2413 Verbum

236 2457 439 2516 solum
472 2457 531 2514 in
566 2473 749 2515 sensu
787 2455 919 2532 ejus
956 2454 1211 2513 naturali
1248 2454 1445 2526 videt,
1485 2455 1534 2511 is
1570 2470 1702 2535 non*
1724 2453 1898 2513 aliter
1932 2453 2137 2529 credit,
2177 2471 2358 2530 quam

244 2555 409 2632 quod
445 2555 611 2631 talia,
653 2573 806 2632 quae
843 2559 905 2614 in
942 2573 1013 2614 eo
1051 2572 1233 2614 sensu
1270 2554 1575 2623 dicuntur,
1625 2552 2036 2629 intelligantur
2086 2571 2198 2630 per
2231 2553 2356 2612 Be-

246 2654 672 2729 nedictionem,
713 2657 873 2732 quod
907 2673 1121 2731 nempe
1160 2653 1365 2730 pluvia
1404 2654 1649 2712 daretur
1684 2654 2117 2712 foecundatura
2149 2654 2355 2713 hortos

238 2766 310 2815 ct
348 2771 522 2831 agros
539 2800 556 2829 ,
611 2763 672 2816 et
704 2758 793 2816 sic
830 2740 986 2833 quod
1023 2755 1200 2812 arbor
1235 2754 1449 2812 datura
1485 2756 1562 2813 sit
1596 2754 1855 2813 fructum
1889 2770 2064 2812 suum
2102 2762 2161 2815 et
2195 2760 2358 2814 terra

234 2862 598 2934 proventum
633 2872 837 2932 suum3
892 2856 1002 2915 sed
1050 2861 1143 2916 est
1175 2855 1526 2915 Benedictio
1566 2855 1893 2932 spiritualis
1932 2873 2087 2932 quae
2125 2854 2348 2915 intelli·
2394 2858 2555 2923 [440]

232 2959 427 3034 gitur3
484 2975 594 3033 per
641 2955 908 3032 pluviam
962 2958 1117 3015 enim
1165 2955 1533 3031 significatur
1586 2973 1758 3015 omne
1794 2957 2078 3017 Divinum
2129 2955 2288 3034 quod
2325 2973 2358 3015 e

237 3056 425 3116 Coelo
465 3076 502 3114 a
527 3056 784 3116 Domino
823 3056 1012 3115 influIt
1050 3055 1210 3131 apud
1245 3055 1573 3130 homincm3
1614 3056 1772 3133 quod
1815 3075 1958 3117 vera
1991 3057 2359 3133 productura
2421 3063 2429 3072 '

234 3160 361 3216 sint
395 3156 641 3229 bonum,
699 3163 760 3214 et
795 3155 954 3233 quod
990 3156 1208 3214 bonum
1242 3156 1784 3232 producturum'sit
1819 3175 1994 3231 vera,
2052 3158 2356 3233 significa-

235 3266 337 3316 tur
372 3274 483 3334 per
536 3256 695 3334 quod
730 3257 910 3316 arbor
945 3256 1110 3315 dabit
1143 3256 1400 3314 fructum
1437 3270 1643 3330 suum,
1696 3264 1758 3315 et
1807 3264 1967 3316 terra
2001 3263 2361 3335 proventum

236 3374 451 3427 suum,
501 3363 663 3415 terra
700 3363 793 3416 est
826 3357 1134 3425 Ecclesia,
1171 3360 1232 3413 et
1268 3372 1506 3432 quoque
1543 3356 1752 3416 hortus
1793 3358 1894 3416 ubi
1930 3358 2212 3432 arbores,
2249 3371 2361 3431 per

242 3472 350 3517 eos
389 3461 453 3515 et
482 3473 595 3533 per
630 3459 915 3517 circuitus
953 3456 1123 3516 collis
1159 3458 1304 3530 mei,
1348 3472 1500 3532 quos
1537 3456 1702 3516 dabit
1735 3456 2231 3528 benedictionem,
2270 3455 2358 3513 si-

237 3554 595 3632 gnificantur
628 3559 926 3616 internum
963 3562 1023 3615 et
1049 3562 1358 3614 externum
1385 3555 1549 3632 apud
1577 3557 1848 3617 homines
1875 3554 2205 3623 Ecclesiae,
2238 3554 2358 3611 cir-

236 3656 437 3715 cuitus
465 3656 759 3733 significat
798 3656 860 3716 id
888 3656 1049 3734 quod
1073 3661 1243 3715 extra
1278 3672 1390 3715 seu
1431 3657 1584 3717 infra
1612 3663 1747 3729 est,
1777 3663 1837 3715 et
1862 3654 2033 3716 collis
2069 3651 2365 3731 significat

235 3755 299 3814 id
336 3755 496 3831 quod
530 3759 688 3815 intra
721 3773 829 3816 seu
857 3773 1044 3835 supra
1069 3762 1178 3828 est,
1218 3759 1279 3815 in
1306 3758 1511 3832 specie
1542 3757 1644 3816 ubi
1688 3757 1971 3831 charitaS,
2009 3756 2160 3814 haec
2205 3755 2363 3814 enim

235 3858 399 3914 intra
430 3864 549 3932 est3
581 3857 742 3933 quod
766 3858 936 3918 collis
964 3857 1258 3935 significet
1290 3856 1397 3916 ubi
1426 3857 1705 3933 maritae,
1746 3857 2019 3916 videatur
2052 3875 2111 3916 n:
2147 3856 2361 3916 6435.

245 3956 509 4016 10438.
568 3957 749 4034 Apud
783 3957 1082 4017 Davidem
1120 3953 1420 4032 „Beatus
1464 3956 1671 4018 omnic
1706 3957 1934 4020 timens
1961 3955 2264 4030 Jehovae,
2305 3961 2366 4018 et

233 4051 527 4117 ambulat
553 4056 624 4117 in
647 4055 778 4118 viis
801 4040 1037 4138 Ipsiuc'
1047 4078 1067 4117 .·
1108 4053 1380 4119 laborem
1408 4076 1713 4118 manuum
1748 4062 2008 4119 tuarum
2044 4055 2323 4118 comedes
2333 4074 2367 4128 ,⁰

229 4155 457 4217 beatus
486 4162 588 4228 tu,
630 4163 692 4218 et
729 4156 954 4218 bonum
996 4157 1153 4229 tibi;
1197 4175 1368 4218 umor
1405 4164 1519 4219 tua
1547 4157 1716 4219 sicut
1747 4156 2270 4238 vitisfructffera
2294 4154 2366 4215 in

228 4252 543 4317 lateribus
564 4255 795 4319 domus
819 4263 995 4330 tuae;
1018 4254 1159 4339 filii
1187 4258 1285 4318 tui
1309 4255 1479 4320 sicut
1493 4255 1761 4338 plantae
1781 4255 2066 4317 olearum
2091 4255 2362 4315 circum-

341 4374 770 4427 Swodeuborg,
804 4375 995 4429 Apoeal.
1029 4375 1142 4428 expl.
1176 4375 1233 4414 11.
1947 4360 2031 4412 10
