<?xml version="1.0" encoding="UTF-8"?>
<!DOCTYPE html PUBLIC "-//W3C//DTD XHTML 1.0 Transitional//EN"
    "http://www.w3.org/TR/xhtml1/DTD/xhtml1-transitional.dtd">
<html xmlns="http://www.w3.org/1999/xhtml" xml:lang="en" lang="en">
 <head>
  <title>
</title>
<meta http-equiv="Content-Type" content="text/html;charset=utf-8" />
  <meta name='ocr-system' content='tesseract 3.04.00' />
  <meta name='ocr-capabilities' content='ocr_page ocr_carea ocr_par ocr_line ocrx_word'/>
</head>
<body>
  <div class='ocr_page' id='page_1' title='image "apocalypsisexpl03swedgoog_0479.png"; bbox 0 0 2791 4778; ppageno 0'>
   <div class='ocr_carea' id='block_1_1' title="bbox 383 352 2343 417">
    <p class='ocr_par' dir='ltr' id='par_1_1' title="bbox 383 352 2343 417">
     <span class='ocr_line' id='line_1_1' title="bbox 383 352 2343 417; baseline 0.006 -12"><span class='ocrx_word' id='word_1_1' title='bbox 383 352 618 406; x_wconf 84' lang='lat' dir='ltr'>CAPUT</span> <span class='ocrx_word' id='word_1_2' title='bbox 673 352 983 409; x_wconf 73' lang='lat' dir='ltr'><strong>SEXTUM.</strong></span> <span class='ocrx_word' id='word_1_3' title='bbox 1731 354 1941 408; x_wconf 86' lang='lat' dir='ltr'>VERS:</span> <span class='ocrx_word' id='word_1_4' title='bbox 1989 363 2077 414; x_wconf 82' lang='lat'><strong>15.</strong></span> <span class='ocrx_word' id='word_1_5' title='bbox 2234 366 2343 417; x_wconf 81' lang='lat'><strong>457</strong></span> 
     </span>
    </p>
   </div>
   <div class='ocr_carea' id='block_1_2' title="bbox 208 513 2534 4313">
    <p class='ocr_par' dir='ltr' id='par_1_2' title="bbox 208 513 2534 4313">
     <span class='ocr_line' id='line_1_2' title="bbox 241 513 2348 590; baseline 0.001 -20"><span class='ocrx_word' id='word_1_6' title='bbox 241 515 427 586; x_wconf 86' lang='lat' dir='ltr'><strong>etiam,</strong></span> <span class='ocrx_word' id='word_1_7' title='bbox 458 530 569 588; x_wconf 89' lang='lat' dir='ltr'><strong>per</strong></span> <span class='ocrx_word' id='word_1_8' title='bbox 590 529 749 587; x_wconf 90' lang='lat' dir='ltr'><strong>quae</strong></span> <span class='ocrx_word' id='word_1_9' title='bbox 781 513 1079 588; x_wconf 83' lang='lat' dir='ltr'><strong>sapientia</strong></span> <span class='ocrx_word' id='word_1_10' title='bbox 1107 519 1165 570; x_wconf 94' lang='lat' dir='ltr'><strong>et</strong></span> <span class='ocrx_word' id='word_1_11' title='bbox 1188 513 1596 589; x_wconf 76' lang='lat' dir='ltr'>intelligentia,</span> <span class='ocrx_word' id='word_1_12' title='bbox 1638 515 1776 590; x_wconf 91' lang='lat' dir='ltr'><strong>quia</strong></span> <span class='ocrx_word' id='word_1_13' title='bbox 1807 532 1877 572; x_wconf 85' lang='lat' dir='ltr'><strong>ex</strong></span> <span class='ocrx_word' id='word_1_14' title='bbox 1903 514 2074 573; x_wconf 88' lang='lat' dir='ltr'><strong>bonis</strong></span> <span class='ocrx_word' id='word_1_15' title='bbox 2108 522 2164 573; x_wconf 88' lang='lat' dir='ltr'><strong>et.</strong></span> <span class='ocrx_word' id='word_1_16' title='bbox 2192 518 2348 574; x_wconf 85' lang='lat' dir='ltr'><strong>veris</strong></span> 
     </span>
     <span class='ocr_line' id='line_1_3' title="bbox 234 612 2347 691; baseline 0.001 -20"><span class='ocrx_word' id='word_1_17' title='bbox 234 614 496 684; x_wconf 88' lang='lat' dir='ltr'><strong>internis,</strong></span> <span class='ocrx_word' id='word_1_18' title='bbox 526 629 682 688; x_wconf 88' lang='lat' dir='ltr'><strong>quae</strong></span> <span class='ocrx_word' id='word_1_19' title='bbox 714 620 853 670; x_wconf 85' lang='lat' dir='ltr'><strong>sunt</strong></span> <span class='ocrx_word' id='word_1_20' title='bbox 877 612 1035 670; x_wconf 89' lang='lat' dir='ltr'><strong>bona</strong></span> <span class='ocrx_word' id='word_1_21' title='bbox 1067 618 1126 670; x_wconf 90' lang='lat' dir='ltr'><strong>et</strong></span> <span class='ocrx_word' id='word_1_22' title='bbox 1150 631 1294 671; x_wconf 85' lang='lat' dir='ltr'><strong>vera</strong></span> <span class='ocrx_word' id='word_1_23' title='bbox 1321 615 1676 690; x_wconf 84' lang='lat' dir='ltr'><strong>spiritualia,</strong></span> <span class='ocrx_word' id='word_1_24' title='bbox 1716 621 1806 673; x_wconf 91' lang='lat' dir='ltr'><strong>est</strong></span> <span class='ocrx_word' id='word_1_25' title='bbox 1834 617 2144 691; x_wconf 89' lang='lat' dir='ltr'><strong>sapientia,</strong></span> <span class='ocrx_word' id='word_1_26' title='bbox 2185 622 2244 674; x_wconf 88' lang='lat' dir='ltr'><strong>et</strong></span> <span class='ocrx_word' id='word_1_27' title='bbox 2274 629 2347 675; x_wconf 86' lang='lat' dir='ltr'><strong>ex</strong></span> 
     </span>
     <span class='ocr_line' id='line_1_4' title="bbox 233 714 2344 792; baseline 0.001 -21"><span class='ocrx_word' id='word_1_28' title='bbox 233 714 393 772; x_wconf 88' lang='lat' dir='ltr'><strong>bonis</strong></span> <span class='ocrx_word' id='word_1_29' title='bbox 423 719 487 771; x_wconf 89' lang='lat' dir='ltr'><strong>et</strong></span> <span class='ocrx_word' id='word_1_30' title='bbox 511 715 673 772; x_wconf 83' lang='lat' dir='ltr'><strong>veris</strong></span> <span class='ocrx_word' id='word_1_31' title='bbox 696 715 977 788; x_wconf 81' lang='lat' dir='ltr'><strong>externis,</strong></span> <span class='ocrx_word' id='word_1_32' title='bbox 1007 730 1160 790; x_wconf 89' lang='lat' dir='ltr'><strong>quae</strong></span> <span class='ocrx_word' id='word_1_33' title='bbox 1185 719 1323 771; x_wconf 89' lang='lat' dir='ltr'><strong>sunt</strong></span> <span class='ocrx_word' id='word_1_34' title='bbox 1349 714 1509 773; x_wconf 90' lang='lat' dir='ltr'><strong>bona</strong></span> <span class='ocrx_word' id='word_1_35' title='bbox 1536 723 1595 773; x_wconf 91' lang='lat' dir='ltr'><strong>et</strong></span> <span class='ocrx_word' id='word_1_36' title='bbox 1622 733 1768 773; x_wconf 81' lang='lat' dir='ltr'><strong>vera</strong></span> <span class='ocrx_word' id='word_1_37' title='bbox 1793 716 2090 774; x_wconf 87' lang='lat' dir='ltr'><strong>naturalia</strong></span> <span class='ocrx_word' id='word_1_38' title='bbox 2117 733 2189 775; x_wconf 79' lang='lat' dir='ltr'><strong>ex</strong></span> <span class='ocrx_word' id='word_1_39' title='bbox 2216 719 2344 792; x_wconf 86' lang='lat' dir='ltr'><strong>spi-</strong></span> 
     </span>
     <span class='ocr_line' id='line_1_5' title="bbox 232 813 2343 893; baseline 0.001 -22"><span class='ocrx_word' id='word_1_40' title='bbox 232 814 565 889; x_wconf 78' lang='lat' dir='ltr'><strong>ritualibu8‚</strong></span> <span class='ocrx_word' id='word_1_41' title='bbox 601 821 692 872; x_wconf 87' lang='lat' dir='ltr'><strong>est</strong></span> <span class='ocrx_word' id='word_1_42' title='bbox 720 813 1112 889; x_wconf 88' lang='lat' dir='ltr'><strong>intelligentia</strong></span> <span class='ocrx_word' id='word_1_43' title='bbox 1122 834 1138 890; x_wconf 83' lang='lat'>3</span> <span class='ocrx_word' id='word_1_44' title='bbox 1169 816 1465 890; x_wconf 77' lang='lat' dir='ltr'><strong>sapientia</strong></span> <span class='ocrx_word' id='word_1_45' title='bbox 1493 816 1872 892; x_wconf 85' lang='lat' dir='ltr'><strong>distinguitur</strong></span> <span class='ocrx_word' id='word_1_46' title='bbox 1900 816 1974 874; x_wconf 90' lang='lat' dir='ltr'><strong>ab</strong></span> <span class='ocrx_word' id='word_1_47' title='bbox 2002 816 2343 893; x_wconf 78' lang='lat' dir='ltr'><strong>intelllgen-</strong></span> 
     </span>
     <span class='ocr_line' id='line_1_6' title="bbox 230 911 2343 993; baseline 0.002 -22"><span class='ocrx_word' id='word_1_48' title='bbox 230 911 303 973; x_wconf 89' lang='lat' dir='ltr'><strong>tia</strong></span> <span class='ocrx_word' id='word_1_49' title='bbox 337 918 398 973; x_wconf 90' lang='lat' dir='ltr'><strong>in</strong></span> <span class='ocrx_word' id='word_1_50' title='bbox 439 932 548 990; x_wconf 85' lang='lat' dir='ltr'><strong>eo,</strong></span> <span class='ocrx_word' id='word_1_51' title='bbox 577 916 739 991; x_wconf 87' lang='lat' dir='ltr'><strong>quod</strong></span> <span class='ocrx_word' id='word_1_52' title='bbox 775 916 1071 990; x_wconf 81' lang='lat' dir='ltr'><strong>sapientia</strong></span> <span class='ocrx_word' id='word_1_53' title='bbox 1108 916 1186 973; x_wconf 90' lang='lat' dir='ltr'><strong>sit</strong></span> <span class='ocrx_word' id='word_1_54' title='bbox 1224 931 1292 973; x_wconf 85' lang='lat' dir='ltr'><strong>ex</strong></span> <span class='ocrx_word' id='word_1_55' title='bbox 1329 916 1464 975; x_wconf 85' lang='lat' dir='ltr'><strong>luce</strong></span> <span class='ocrx_word' id='word_1_56' title='bbox 1496 917 1680 991; x_wconf 84' lang='lat' dir='ltr'><strong>Coeli,</strong></span> <span class='ocrx_word' id='word_1_57' title='bbox 1721 925 1779 974; x_wconf 82' lang='lat' dir='ltr'><strong>et.</strong></span> <span class='ocrx_word' id='word_1_58' title='bbox 1809 918 1964 993; x_wconf 92' lang='lat' dir='ltr'><strong>quod</strong></span> <span class='ocrx_word' id='word_1_59' title='bbox 2003 917 2343 993; x_wconf 88' lang='lat' dir='ltr'><strong>intelligen-</strong></span> 
     </span>
     <span class='ocr_line' id='line_1_7' title="bbox 230 1014 2345 1094; baseline 0.002 -23"><span class='ocrx_word' id='word_1_60' title='bbox 230 1018 302 1073; x_wconf 87' lang='lat' dir='ltr'><strong>tia</strong></span> <span class='ocrx_word' id='word_1_61' title='bbox 328 1018 408 1074; x_wconf 87' lang='lat' dir='ltr'><strong>sit</strong></span> <span class='ocrx_word' id='word_1_62' title='bbox 438 1033 518 1073; x_wconf 86' lang='lat' dir='ltr'><strong>ex</strong></span> <span class='ocrx_word' id='word_1_63' title='bbox 553 1015 688 1073; x_wconf 88' lang='lat' dir='ltr'><strong>luce</strong></span> <span class='ocrx_word' id='word_1_64' title='bbox 716 1014 917 1073; x_wconf 90' lang='lat' dir='ltr'><strong>mundi</strong></span> <span class='ocrx_word' id='word_1_65' title='bbox 947 1015 1246 1073; x_wconf 87' lang='lat' dir='ltr'><strong>illustrata</strong></span> <span class='ocrx_word' id='word_1_66' title='bbox 1276 1033 1350 1074; x_wconf 82' lang='lat' dir='ltr'><strong>ex</strong></span> <span class='ocrx_word' id='word_1_67' title='bbox 1381 1017 1515 1076; x_wconf 87' lang='lat' dir='ltr'><strong>luce</strong></span> <span class='ocrx_word' id='word_1_68' title='bbox 1564 1017 1730 1076; x_wconf 90' lang='lat' dir='ltr'><strong>Coeli</strong></span> <span class='ocrx_word' id='word_1_69' title='bbox 1740 1039 1756 1093; x_wconf 79' lang='lat'><strong>,-</strong></span> <span class='ocrx_word' id='word_1_70' title='bbox 1795 1019 1930 1077; x_wconf 90' lang='lat' dir='ltr'><strong>inde</strong></span> <span class='ocrx_word' id='word_1_71' title='bbox 1966 1026 2054 1076; x_wconf 90' lang='lat' dir='ltr'><strong>est</strong></span> <span class='ocrx_word' id='word_1_72' title='bbox 2087 1018 2243 1094; x_wconf 88' lang='lat' dir='ltr'><strong>quod</strong></span> <span class='ocrx_word' id='word_1_73' title='bbox 2273 1018 2345 1076; x_wconf 85' lang='lat' dir='ltr'><strong>dc</strong></span> 
     </span>
     <span class='ocr_line' id='line_1_8' title="bbox 228 1114 2347 1194; baseline 0.001 -20"><span class='ocrx_word' id='word_1_74' title='bbox 228 1117 390 1174; x_wconf 88' lang='lat' dir='ltr'><strong>bonis</strong></span> <span class='ocrx_word' id='word_1_75' title='bbox 422 1123 485 1174; x_wconf 91' lang='lat' dir='ltr'><strong>et</strong></span> <span class='ocrx_word' id='word_1_76' title='bbox 513 1118 673 1174; x_wconf 72' lang='lat' dir='ltr'><strong>veris</strong></span> <span class='ocrx_word' id='word_1_77' title='bbox 702 1114 1114 1191; x_wconf 80' lang='lat' dir='ltr'><strong>spiritualibus</strong></span> <span class='ocrx_word' id='word_1_78' title='bbox 1136 1116 1518 1192; x_wconf 80' lang='lat' dir='ltr'><strong>praedicetur</strong></span> <span class='ocrx_word' id='word_1_79' title='bbox 1547 1120 1859 1194; x_wconf 81' lang='lat' dir='ltr'><strong>sapientia,</strong></span> <span class='ocrx_word' id='word_1_80' title='bbox 1889 1125 1949 1177; x_wconf 92' lang='lat' dir='ltr'><strong>et</strong></span> <span class='ocrx_word' id='word_1_81' title='bbox 1983 1118 2054 1177; x_wconf 94' lang='lat' dir='ltr'><strong>de</strong></span> <span class='ocrx_word' id='word_1_82' title='bbox 2083 1118 2255 1176; x_wconf 89' lang='lat' dir='ltr'><strong>bonis</strong></span> <span class='ocrx_word' id='word_1_83' title='bbox 2288 1127 2347 1177; x_wconf 89' lang='lat' dir='ltr'><strong>et</strong></span> 
     </span>
     <span class='ocr_line' id='line_1_9' title="bbox 229 1211 2347 1295; baseline 0.002 -23"><span class='ocrx_word' id='word_1_84' title='bbox 229 1219 384 1275; x_wconf 79' lang='lat' dir='ltr'><strong>veris</strong></span> <span class='ocrx_word' id='word_1_85' title='bbox 425 1215 807 1274; x_wconf 86' lang='lat' dir='ltr'><strong>naturalibus</strong></span> <span class='ocrx_word' id='word_1_86' title='bbox 851 1211 1285 1291; x_wconf 42' lang='lat' dir='ltr'><strong>intelligentias</strong></span> <span class='ocrx_word' id='word_1_87' title='bbox 1342 1235 1475 1275; x_wconf 89' lang='lat' dir='ltr'><strong>nam</strong></span> <span class='ocrx_word' id='word_1_88' title='bbox 1527 1218 1684 1277; x_wconf 89' lang='lat' dir='ltr'><strong>bona</strong></span> <span class='ocrx_word' id='word_1_89' title='bbox 1737 1226 1796 1276; x_wconf 86' lang='lat' dir='ltr'><strong>et</strong></span> <span class='ocrx_word' id='word_1_90' title='bbox 1832 1236 1977 1277; x_wconf 88' lang='lat' dir='ltr'><strong>vera</strong></span> <span class='ocrx_word' id='word_1_91' title='bbox 2014 1220 2347 1295; x_wconf 81' lang='lat' dir='ltr'><strong>spiritualia</strong></span> 
     </span>
     <span class='ocr_line' id='line_1_10' title="bbox 230 1316 2347 1395; baseline 0.001 -20"><span class='ocrx_word' id='word_1_92' title='bbox 230 1324 360 1375; x_wconf 89' lang='lat' dir='ltr'><strong>sunt</strong></span> <span class='ocrx_word' id='word_1_93' title='bbox 391 1335 469 1376; x_wconf 82' lang='lat' dir='ltr'><strong>ex</strong></span> <span class='ocrx_word' id='word_1_94' title='bbox 509 1316 643 1375; x_wconf 88' lang='lat' dir='ltr'><strong>luce</strong></span> <span class='ocrx_word' id='word_1_95' title='bbox 689 1316 859 1390; x_wconf 85' lang='lat' dir='ltr'><strong>coeli,</strong></span> <span class='ocrx_word' id='word_1_96' title='bbox 902 1319 1043 1392; x_wconf 90' lang='lat' dir='ltr'><strong>quia</strong></span> <span class='ocrx_word' id='word_1_97' title='bbox 1078 1334 1245 1375; x_wconf 83' lang='lat' dir='ltr'><strong>mens</strong></span> <span class='ocrx_word' id='word_1_98' title='bbox 1286 1319 1611 1395; x_wconf 88' lang='lat' dir='ltr'><strong>spiritualis</strong></span> <span class='ocrx_word' id='word_1_99' title='bbox 1641 1337 1748 1377; x_wconf 86' lang='lat' dir='ltr'><strong>seu</strong></span> <span class='ocrx_word' id='word_1_100' title='bbox 1781 1337 1947 1377; x_wconf 87' lang='lat' dir='ltr'><strong>mens</strong></span> <span class='ocrx_word' id='word_1_101' title='bbox 1985 1322 2215 1377; x_wconf 87' lang='lat' dir='ltr'><strong>interna</strong></span> <span class='ocrx_word' id='word_1_102' title='bbox 2255 1328 2347 1378; x_wconf 85' lang='lat' dir='ltr'><strong>est</strong></span> 
     </span>
     <span class='ocr_line' id='line_1_11' title="bbox 228 1401 2345 1495; baseline 0.002 -21"><span class='ocrx_word' id='word_1_103' title='bbox 228 1421 282 1474; x_wconf 89' lang='lat' dir='ltr'><strong>in</strong></span> <span class='ocrx_word' id='word_1_104' title='bbox 317 1418 458 1476; x_wconf 88' lang='lat' dir='ltr'><strong>luce</strong></span> <span class='ocrx_word' id='word_1_105' title='bbox 503 1417 685 1488; x_wconf 85' lang='lat' dir='ltr'><strong>coeli,</strong></span> <span class='ocrx_word' id='word_1_106' title='bbox 726 1422 786 1474; x_wconf 82' lang='lat' dir='ltr'><strong>et</strong></span> <span class='ocrx_word' id='word_1_107' title='bbox 827 1417 984 1477; x_wconf 90' lang='lat' dir='ltr'><strong>bona</strong></span> <span class='ocrx_word' id='word_1_108' title='bbox 1024 1423 1084 1475; x_wconf 87' lang='lat' dir='ltr'><strong>et</strong></span> <span class='ocrx_word' id='word_1_109' title='bbox 1117 1436 1263 1475; x_wconf 81' lang='lat' dir='ltr'><strong>vera</strong></span> <span class='ocrx_word' id='word_1_110' title='bbox 1298 1419 1596 1477; x_wconf 87' lang='lat' dir='ltr'><strong>naturalia</strong></span> <span class='ocrx_word' id='word_1_111' title='bbox 1636 1425 1773 1478; x_wconf 89' lang='lat' dir='ltr'><strong>sunt</strong></span> <span class='ocrx_word' id='word_1_112' title='bbox 1824 1438 1896 1479; x_wconf 83' lang='lat' dir='ltr'><strong>ex</strong></span> <span class='ocrx_word' id='word_1_113' title='bbox 1948 1420 2080 1478; x_wconf 87' lang='lat' dir='ltr'><strong>luce</strong></span> <span class='ocrx_word' id='word_1_114' title='bbox 2125 1401 2345 1495; x_wconf 75' lang='lat' dir='ltr'><strong>mundi,</strong></span> 
     </span>
     <span class='ocr_line' id='line_1_12' title="bbox 227 1520 2345 1595; baseline 0.001 -19"><span class='ocrx_word' id='word_1_115' title='bbox 227 1521 359 1594; x_wconf 90' lang='lat' dir='ltr'><strong>quia</strong></span> <span class='ocrx_word' id='word_1_116' title='bbox 417 1535 594 1576; x_wconf 86' lang='lat' dir='ltr'><strong>mens</strong></span> <span class='ocrx_word' id='word_1_117' title='bbox 651 1520 942 1577; x_wconf 87' lang='lat' dir='ltr'><strong>naturalis</strong></span> <span class='ocrx_word' id='word_1_118' title='bbox 1004 1536 1115 1577; x_wconf 89' lang='lat' dir='ltr'><strong>seu</strong></span> <span class='ocrx_word' id='word_1_119' title='bbox 1172 1527 1419 1580; x_wconf 86' lang='lat' dir='ltr'><strong>externa</strong></span> <span class='ocrx_word' id='word_1_120' title='bbox 1483 1529 1573 1579; x_wconf 87' lang='lat' dir='ltr'><strong>est</strong></span> <span class='ocrx_word' id='word_1_121' title='bbox 1634 1523 1694 1578; x_wconf 91' lang='lat' dir='ltr'><strong>in</strong></span> <span class='ocrx_word' id='word_1_122' title='bbox 1742 1521 1876 1579; x_wconf 85' lang='lat' dir='ltr'><strong>luce</strong></span> <span class='ocrx_word' id='word_1_123' title='bbox 1925 1521 2151 1595; x_wconf 79' lang='lat' dir='ltr'><strong>mundi3</strong></span> <span class='ocrx_word' id='word_1_124' title='bbox 2236 1522 2345 1579; x_wconf 89' lang='lat' dir='ltr'><strong>sed</strong></span> 
     </span>
     <span class='ocr_line' id='line_1_13' title="bbox 227 1619 2340 1699; baseline 0 -22"><span class='ocrx_word' id='word_1_125' title='bbox 227 1627 511 1696; x_wconf 88' lang='lat' dir='ltr'><strong>quantum</strong></span> <span class='ocrx_word' id='word_1_126' title='bbox 543 1619 692 1676; x_wconf 86' lang='lat' dir='ltr'><strong>haee</strong></span> <span class='ocrx_word' id='word_1_127' title='bbox 728 1637 896 1678; x_wconf 88' lang='lat' dir='ltr'><strong>mens</strong></span> <span class='ocrx_word' id='word_1_128' title='bbox 934 1620 1150 1694; x_wconf 83' lang='lat' dir='ltr'><strong>recipit</strong></span> <span class='ocrx_word' id='word_1_129' title='bbox 1185 1621 1382 1678; x_wconf 87' lang='lat' dir='ltr'><strong>lucem</strong></span> <span class='ocrx_word' id='word_1_130' title='bbox 1426 1622 1578 1680; x_wconf 85' lang='lat' dir='ltr'><strong>coeli</strong></span> <span class='ocrx_word' id='word_1_131' title='bbox 1616 1641 1727 1698; x_wconf 90' lang='lat' dir='ltr'><strong>per</strong></span> <span class='ocrx_word' id='word_1_132' title='bbox 1763 1622 2133 1699; x_wconf 88' lang='lat' dir='ltr'><strong>spiritualem</strong></span> <span class='ocrx_word' id='word_1_133' title='bbox 2173 1639 2340 1680; x_wconf 89' lang='lat' dir='ltr'><strong>men-</strong></span> 
     </span>
     <span class='ocr_line' id='line_1_14' title="bbox 224 1721 2339 1799; baseline 0.001 -22"><span class='ocrx_word' id='word_1_134' title='bbox 224 1727 370 1795; x_wconf 85' lang='lat' dir='ltr'><strong>tem,</strong></span> <span class='ocrx_word' id='word_1_135' title='bbox 413 1727 645 1779; x_wconf 87' lang='lat' dir='ltr'><strong>tantum</strong></span> <span class='ocrx_word' id='word_1_136' title='bbox 688 1722 748 1778; x_wconf 89' lang='lat' dir='ltr'><strong>in</strong></span> <span class='ocrx_word' id='word_1_137' title='bbox 785 1721 1176 1796; x_wconf 86' lang='lat' dir='ltr'><strong>intelligentia</strong></span> <span class='ocrx_word' id='word_1_138' title='bbox 1215 1729 1333 1795; x_wconf 80' lang='lat' dir='ltr'><strong>est3</strong></span> <span class='ocrx_word' id='word_1_139' title='bbox 1394 1725 1496 1799; x_wconf 89' lang='lat' dir='ltr'><strong>qui</strong></span> <span class='ocrx_word' id='word_1_140' title='bbox 1532 1724 1749 1793; x_wconf 89' lang='lat' dir='ltr'><strong>eredit,</strong></span> <span class='ocrx_word' id='word_1_141' title='bbox 1806 1724 1964 1798; x_wconf 91' lang='lat' dir='ltr'><strong>quod</strong></span> <span class='ocrx_word' id='word_1_142' title='bbox 1999 1722 2339 1797; x_wconf 87' lang='lat' dir='ltr'><strong>intelligen-</strong></span> 
     </span>
     <span class='ocr_line' id='line_1_15' title="bbox 226 1820 2341 1898; baseline 0.001 -20"><span class='ocrx_word' id='word_1_143' title='bbox 226 1823 302 1880; x_wconf 91' lang='lat' dir='ltr'><strong>tia</strong></span> <span class='ocrx_word' id='word_1_144' title='bbox 349 1824 431 1879; x_wconf 91' lang='lat' dir='ltr'><strong>sit</strong></span> <span class='ocrx_word' id='word_1_145' title='bbox 488 1838 560 1879; x_wconf 84' lang='lat' dir='ltr'><strong>ex</strong></span> <span class='ocrx_word' id='word_1_146' title='bbox 612 1821 743 1880; x_wconf 88' lang='lat' dir='ltr'><strong>sola</strong></span> <span class='ocrx_word' id='word_1_147' title='bbox 792 1821 925 1879; x_wconf 89' lang='lat' dir='ltr'><strong>luce</strong></span> <span class='ocrx_word' id='word_1_148' title='bbox 980 1820 1212 1894; x_wconf 85' lang='lat' dir='ltr'><strong>mundi,</strong></span> <span class='ocrx_word' id='word_1_149' title='bbox 1283 1840 1437 1898; x_wconf 92' lang='lat' dir='ltr'><strong>quae</strong></span> <span class='ocrx_word' id='word_1_150' title='bbox 1492 1831 1739 1884; x_wconf 87' lang='lat' dir='ltr'><strong>vocatur</strong></span> <span class='ocrx_word' id='word_1_151' title='bbox 1795 1824 1996 1883; x_wconf 88' lang='lat' dir='ltr'><strong>lumen</strong></span> <span class='ocrx_word' id='word_1_152' title='bbox 2049 1823 2341 1894; x_wconf 84' lang='lat' dir='ltr'><strong>naturale,</strong></span> 
     </span>
     <span class='ocr_line' id='line_1_16' title="bbox 225 1920 2346 2001; baseline 0.001 -21"><span class='ocrx_word' id='word_1_153' title='bbox 225 1920 470 1983; x_wconf 87' lang='lat' dir='ltr'><strong>multum</strong></span> <span class='ocrx_word' id='word_1_154' title='bbox 510 1921 734 1980; x_wconf 86' lang='lat' dir='ltr'><strong>fallitur</strong></span> <span class='ocrx_word' id='word_1_155' title='bbox 747 1942 762 1997; x_wconf 82' lang='lat'>3</span> <span class='ocrx_word' id='word_1_156' title='bbox 819 1940 931 1997; x_wconf 88' lang='lat' dir='ltr'><strong>per</strong></span> <span class='ocrx_word' id='word_1_157' title='bbox 968 1922 1420 1999; x_wconf 79' lang='lat' dir='ltr'><strong>intelligentiam</strong></span> <span class='ocrx_word' id='word_1_158' title='bbox 1469 1925 1815 2001; x_wconf 88' lang='lat' dir='ltr'><strong>intelligitur</strong></span> <span class='ocrx_word' id='word_1_159' title='bbox 1861 1925 2064 1984; x_wconf 83' lang='lat' dir='ltr'><strong>videre</strong></span> <span class='ocrx_word' id='word_1_160' title='bbox 2103 1942 2249 1983; x_wconf 83' lang='lat' dir='ltr'><strong>vera</strong></span> <span class='ocrx_word' id='word_1_161' title='bbox 2286 1933 2346 1982; x_wconf 89' lang='lat' dir='ltr'><strong>et</strong></span> 
     </span>
     <span class='ocr_line' id='line_1_17' title="bbox 225 2013 2344 2099; baseline 0 -18"><span class='ocrx_word' id='word_1_162' title='bbox 225 2024 379 2082; x_wconf 89' lang='lat' dir='ltr'><strong>bona</strong></span> <span class='ocrx_word' id='word_1_163' title='bbox 431 2042 505 2083; x_wconf 81' lang='lat' dir='ltr'><strong>ex</strong></span> <span class='ocrx_word' id='word_1_164' title='bbox 559 2040 658 2097; x_wconf 86' lang='lat' dir='ltr'><strong>se,</strong></span> <span class='ocrx_word' id='word_1_165' title='bbox 717 2023 814 2081; x_wconf 82' lang='lat' dir='ltr'><strong>vel</strong></span> <span class='ocrx_word' id='word_1_166' title='bbox 860 2023 1058 2080; x_wconf 85' lang='lat' dir='ltr'><strong>civilia</strong></span> <span class='ocrx_word' id='word_1_167' title='bbox 1107 2023 1204 2082; x_wconf 81' lang='lat' dir='ltr'><strong>vel</strong></span> <span class='ocrx_word' id='word_1_168' title='bbox 1252 2024 1503 2082; x_wconf 89' lang='lat' dir='ltr'><strong>moralia</strong></span> <span class='ocrx_word' id='word_1_169' title='bbox 1540 2025 1638 2082; x_wconf 88' lang='lat' dir='ltr'><strong>vel</strong></span> <span class='ocrx_word' id='word_1_170' title='bbox 1686 2013 2023 2099; x_wconf 72' lang='lat' dir='ltr'><strong>spiritualia</strong></span> <span class='ocrx_word' id='word_1_171' title='bbox 2078 2028 2223 2097; x_wconf 85' lang='lat' dir='ltr'><strong>sint,</strong></span> <span class='ocrx_word' id='word_1_172' title='bbox 2282 2032 2344 2082; x_wconf 89' lang='lat' dir='ltr'><strong>at</strong></span> 
     </span>
     <span class='ocr_line' id='line_1_18' title="bbox 225 2124 2339 2199; baseline 0.001 -20"><span class='ocrx_word' id='word_1_173' title='bbox 225 2125 428 2184; x_wconf 78' lang='lat' dir='ltr'><strong>videre</strong></span> <span class='ocrx_word' id='word_1_174' title='bbox 478 2124 585 2182; x_wconf 90' lang='lat' dir='ltr'><strong>illa</strong></span> <span class='ocrx_word' id='word_1_175' title='bbox 636 2141 706 2182; x_wconf 82' lang='lat' dir='ltr'><strong>ex</strong></span> <span class='ocrx_word' id='word_1_176' title='bbox 763 2125 908 2195; x_wconf 85' lang='lat' dir='ltr'><strong>alie,</strong></span> <span class='ocrx_word' id='word_1_177' title='bbox 990 2124 1102 2181; x_wconf 87' lang='lat' dir='ltr'><strong>hoc</strong></span> <span class='ocrx_word' id='word_1_178' title='bbox 1153 2142 1269 2181; x_wconf 88' lang='lat' dir='ltr'><strong>non</strong></span> <span class='ocrx_word' id='word_1_179' title='bbox 1319 2132 1413 2182; x_wconf 90' lang='lat' dir='ltr'><strong>est</strong></span> <span class='ocrx_word' id='word_1_180' title='bbox 1463 2124 1856 2199; x_wconf 88' lang='lat' dir='ltr'><strong>intelligentia</strong></span> <span class='ocrx_word' id='word_1_181' title='bbox 1907 2124 2014 2182; x_wconf 88' lang='lat' dir='ltr'><strong>sed</strong></span> <span class='ocrx_word' id='word_1_182' title='bbox 2058 2126 2339 2182; x_wconf 88' lang='lat' dir='ltr'><strong>seientia:</strong></span> 
     </span>
     <span class='ocr_line' id='line_1_19' title="bbox 229 2223 2341 2300; baseline 0.001 -20"><span class='ocrx_word' id='word_1_183' title='bbox 229 2231 322 2281; x_wconf 87' lang='lat' dir='ltr'><strong>ast</strong></span> <span class='ocrx_word' id='word_1_184' title='bbox 356 2231 425 2282; x_wconf 85' lang='lat' dir='ltr'><strong>ut</strong></span> <span class='ocrx_word' id='word_1_185' title='bbox 460 2226 682 2282; x_wconf 83' lang='lat' dir='ltr'><strong>sciatur</strong></span> <span class='ocrx_word' id='word_1_186' title='bbox 720 2225 1014 2299; x_wconf 89' lang='lat' dir='ltr'><strong>quomodo</strong></span> <span class='ocrx_word' id='word_1_187' title='bbox 1041 2224 1192 2282; x_wconf 88' lang='lat' dir='ltr'><strong>haec</strong></span> <span class='ocrx_word' id='word_1_188' title='bbox 1220 2224 1606 2300; x_wconf 88' lang='lat' dir='ltr'><strong>intelligenda</strong></span> <span class='ocrx_word' id='word_1_189' title='bbox 1634 2230 1801 2295; x_wconf 86' lang='lat' dir='ltr'><strong>sunt,</strong></span> <span class='ocrx_word' id='word_1_190' title='bbox 1837 2223 2150 2281; x_wconf 81' lang='lat' dir='ltr'><strong>videantur</strong></span> <span class='ocrx_word' id='word_1_191' title='bbox 2187 2241 2341 2299; x_wconf 85' lang='lat' dir='ltr'><strong>quae</strong></span> 
     </span>
     <span class='ocr_line' id='line_1_20' title="bbox 229 2324 2342 2402; baseline 0.001 -23"><span class='ocrx_word' id='word_1_192' title='bbox 229 2326 291 2380; x_wconf 85' lang='lat' dir='ltr'><strong>in</strong></span> <span class='ocrx_word' id='word_1_193' title='bbox 338 2324 600 2380; x_wconf 84' lang='lat' dir='ltr'><strong>Articulo</strong></span> <span class='ocrx_word' id='word_1_194' title='bbox 648 2326 1049 2401; x_wconf 83' lang='lat' dir='ltr'><strong>praecedente</strong></span> <span class='ocrx_word' id='word_1_195' title='bbox 1121 2343 1191 2382; x_wconf 86' lang='lat' dir='ltr'><strong>n:</strong></span> <span class='ocrx_word' id='word_1_196' title='bbox 1251 2326 1424 2399; x_wconf 87' lang='grc'>406,</span> <span class='ocrx_word' id='word_1_197' title='bbox 1483 2324 1642 2383; x_wconf 90' lang='lat' dir='ltr'><strong>dicta</strong></span> <span class='ocrx_word' id='word_1_198' title='bbox 1690 2331 1855 2399; x_wconf 85' lang='lat' dir='ltr'><strong>sunt,</strong></span> <span class='ocrx_word' id='word_1_199' title='bbox 1913 2342 2126 2402; x_wconf 85' lang='lat' dir='ltr'><strong>nempe.</strong></span> <span class='ocrx_word' id='word_1_200' title='bbox 2184 2324 2342 2400; x_wconf 90' lang='lat' dir='ltr'><strong>quod</strong></span> 
     </span>
     <span class='ocr_line' id='line_1_21' title="bbox 236 2415 2343 2503; baseline 0.002 -24"><span class='ocrx_word' id='word_1_201' title='bbox 236 2423 413 2482; x_wconf 88' lang='lat' dir='ltr'><strong>binae</strong></span> <span class='ocrx_word' id='word_1_202' title='bbox 454 2423 676 2486; x_wconf 87' lang='lat' dir='ltr'><strong>Mentes</strong></span> <span class='ocrx_word' id='word_1_203' title='bbox 712 2427 936 2485; x_wconf 89' lang='lat' dir='ltr'><strong>homini</strong></span> <span class='ocrx_word' id='word_1_204' title='bbox 973 2430 1121 2496; x_wconf 87' lang='lat' dir='ltr'><strong>sint,</strong></span> <span class='ocrx_word' id='word_1_205' title='bbox 1176 2445 1295 2485; x_wconf 90' lang='lat' dir='ltr'><strong>una</strong></span> <span class='ocrx_word' id='word_1_206' title='bbox 1333 2427 1662 2503; x_wconf 86' lang='lat' dir='ltr'><strong>spiritualis</strong></span> <span class='ocrx_word' id='word_1_207' title='bbox 1701 2444 1809 2485; x_wconf 90' lang='lat' dir='ltr'><strong>seu</strong></span> <span class='ocrx_word' id='word_1_208' title='bbox 1846 2427 2103 2500; x_wconf 80' lang='lat' dir='ltr'><strong>interna,</strong></span> <span class='ocrx_word' id='word_1_209' title='bbox 2152 2415 2343 2484; x_wconf 80' lang='lat' dir='ltr'><strong>altera</strong></span> 
     </span>
     <span class='ocr_line' id='line_1_22' title="bbox 236 2524 2341 2603; baseline 0.002 -23"><span class='ocrx_word' id='word_1_210' title='bbox 236 2524 516 2583; x_wconf 87' lang='lat' dir='ltr'><strong>naturalis</strong></span> <span class='ocrx_word' id='word_1_211' title='bbox 552 2542 659 2585; x_wconf 89' lang='lat' dir='ltr'><strong>seu</strong></span> <span class='ocrx_word' id='word_1_212' title='bbox 697 2533 968 2601; x_wconf 81' lang='lat' dir='ltr'><strong>externa3</strong></span> <span class='ocrx_word' id='word_1_213' title='bbox 1028 2535 1087 2586; x_wconf 85' lang='lat' dir='ltr'><strong>et</strong></span> <span class='ocrx_word' id='word_1_214' title='bbox 1137 2529 1295 2603; x_wconf 89' lang='lat' dir='ltr'><strong>quod</strong></span> <span class='ocrx_word' id='word_1_215' title='bbox 1348 2528 1520 2586; x_wconf 89' lang='lat' dir='ltr'><strong>Mens</strong></span> <span class='ocrx_word' id='word_1_216' title='bbox 1571 2526 1899 2603; x_wconf 83' lang='lat' dir='ltr'><strong>spiritualis</strong></span> <span class='ocrx_word' id='word_1_217' title='bbox 1948 2544 2058 2586; x_wconf 87' lang='lat' dir='ltr'><strong>seu</strong></span> <span class='ocrx_word' id='word_1_218' title='bbox 2107 2529 2341 2584; x_wconf 82' lang='lat' dir='ltr'><strong>interna</strong></span> 
     </span>
     <span class='ocr_line' id='line_1_23' title="bbox 232 2628 2337 2704; baseline 0.001 -21"><span class='ocrx_word' id='word_1_219' title='bbox 232 2628 536 2701; x_wconf 85' lang='lat' dir='ltr'><strong>aperiatur</strong></span> <span class='ocrx_word' id='word_1_220' title='bbox 572 2629 733 2703; x_wconf 87' lang='lat' dir='ltr'><strong>apud</strong></span> <span class='ocrx_word' id='word_1_221' title='bbox 768 2628 900 2686; x_wconf 88' lang='lat' dir='ltr'><strong>illos</strong></span> <span class='ocrx_word' id='word_1_222' title='bbox 944 2631 1063 2704; x_wconf 86' lang='lat' dir='ltr'><strong>qui</strong></span> <span class='ocrx_word' id='word_1_223' title='bbox 1091 2629 1249 2688; x_wconf 90' lang='lat' dir='ltr'><strong>bona</strong></span> <span class='ocrx_word' id='word_1_224' title='bbox 1287 2636 1347 2688; x_wconf 83' lang='lat' dir='ltr'><strong>et</strong></span> <span class='ocrx_word' id='word_1_225' title='bbox 1383 2645 1528 2686; x_wconf 90' lang='lat' dir='ltr'><strong>vera</strong></span> <span class='ocrx_word' id='word_1_226' title='bbox 1570 2628 1753 2685; x_wconf 89' lang='lat' dir='ltr'><strong>Verbi</strong></span> <span class='ocrx_word' id='word_1_227' title='bbox 1802 2628 2108 2703; x_wconf 86' lang='lat' dir='ltr'><strong>applicant</strong></span> <span class='ocrx_word' id='word_1_228' title='bbox 2158 2630 2337 2701; x_wconf 72' lang='lat' dir='ltr'><strong>vitae,</strong></span> 
     </span>
     <span class='ocr_line' id='line_1_24' title="bbox 227 2727 2336 2806; baseline -0 -21"><span class='ocrx_word' id='word_1_229' title='bbox 227 2743 294 2786; x_wconf 89' lang='lat' dir='ltr'><strong>ae</strong></span> <span class='ocrx_word' id='word_1_230' title='bbox 333 2745 450 2786; x_wconf 90' lang='lat' dir='ltr'><strong>non</strong></span> <span class='ocrx_word' id='word_1_231' title='bbox 497 2731 804 2803; x_wconf 86' lang='lat' dir='ltr'><strong>aperiatur</strong></span> <span class='ocrx_word' id='word_1_232' title='bbox 842 2729 1001 2806; x_wconf 89' lang='lat' dir='ltr'><strong>apud</strong></span> <span class='ocrx_word' id='word_1_233' title='bbox 1051 2730 1187 2788; x_wconf 88' lang='lat' dir='ltr'><strong>illos</strong></span> <span class='ocrx_word' id='word_1_234' title='bbox 1227 2732 1327 2804; x_wconf 88' lang='lat' dir='ltr'><strong>qui</strong></span> <span class='ocrx_word' id='word_1_235' title='bbox 1361 2746 1480 2787; x_wconf 88' lang='lat' dir='ltr'><strong>non</strong></span> <span class='ocrx_word' id='word_1_236' title='bbox 1523 2728 1682 2786; x_wconf 86' lang='lat' dir='ltr'><strong>bona</strong></span> <span class='ocrx_word' id='word_1_237' title='bbox 1720 2733 1779 2786; x_wconf 88' lang='lat' dir='ltr'><strong>et</strong></span> <span class='ocrx_word' id='word_1_238' title='bbox 1816 2745 1962 2786; x_wconf 87' lang='lat' dir='ltr'><strong>vera</strong></span> <span class='ocrx_word' id='word_1_239' title='bbox 1998 2727 2185 2786; x_wconf 90' lang='lat' dir='ltr'><strong>Verbi</strong></span> <span class='ocrx_word' id='word_1_240' title='bbox 2223 2745 2336 2804; x_wconf 90' lang='lat' dir='ltr'><strong>ap-</strong></span> 
     </span>
     <span class='ocr_line' id='line_1_25' title="bbox 223 2828 2338 2904; baseline 0 -17"><span class='ocrx_word' id='word_1_241' title='bbox 223 2829 445 2903; x_wconf 86' lang='lat' dir='ltr'><strong>plicant</strong></span> <span class='ocrx_word' id='word_1_242' title='bbox 482 2831 673 2902; x_wconf 83' lang='lat' dir='ltr'><strong>vitae,</strong></span> <span class='ocrx_word' id='word_1_243' title='bbox 715 2829 821 2888; x_wconf 90' lang='lat' dir='ltr'><strong>sed</strong></span> <span class='ocrx_word' id='word_1_244' title='bbox 858 2829 1052 2889; x_wconf 88' lang='lat' dir='ltr'><strong>solum</strong></span> <span class='ocrx_word' id='word_1_245' title='bbox 1088 2830 1257 2888; x_wconf 87' lang='lat' dir='ltr'><strong>Mens</strong></span> <span class='ocrx_word' id='word_1_246' title='bbox 1295 2828 1583 2887; x_wconf 91' lang='lat' dir='ltr'><strong>naturalis</strong></span> <span class='ocrx_word' id='word_1_247' title='bbox 1622 2845 1732 2887; x_wconf 90' lang='lat' dir='ltr'><strong>seu</strong></span> <span class='ocrx_word' id='word_1_248' title='bbox 1770 2835 2049 2904; x_wconf 84' lang='lat' dir='ltr'><strong>externa3</strong></span> <span class='ocrx_word' id='word_1_249' title='bbox 2105 2828 2167 2886; x_wconf 92' lang='lat' dir='ltr'><strong>hi</strong></span> <span class='ocrx_word' id='word_1_250' title='bbox 2205 2829 2338 2887; x_wconf 88' lang='lat' dir='ltr'><strong>inde</strong></span> 
     </span>
     <span class='ocr_line' id='line_1_26' title="bbox 221 2930 2338 3007; baseline 0.002 -23"><span class='ocrx_word' id='word_1_251' title='bbox 221 2936 513 2988; x_wconf 83' lang='lat' dir='ltr'><strong>vocantur</strong></span> <span class='ocrx_word' id='word_1_252' title='bbox 568 2930 871 2989; x_wconf 89' lang='lat' dir='ltr'><strong>naturales</strong></span> <span class='ocrx_word' id='word_1_253' title='bbox 920 2930 1222 2999; x_wconf 81' lang='lat' dir='ltr'><strong>homineS‚</strong></span> <span class='ocrx_word' id='word_1_254' title='bbox 1285 2930 1374 2988; x_wconf 90' lang='lat' dir='ltr'><strong>illi</strong></span> <span class='ocrx_word' id='word_1_255' title='bbox 1426 2935 1625 2986; x_wconf 88' lang='lat' dir='ltr'><strong>autem</strong></span> <span class='ocrx_word' id='word_1_256' title='bbox 1673 2931 2051 3007; x_wconf 83' lang='lat' dir='ltr'><strong>spirituales:</strong></span> <span class='ocrx_word' id='word_1_257' title='bbox 2122 2930 2338 3007; x_wconf 90' lang='lat' dir='ltr'><strong>quibus</strong></span> 
     </span>
     <span class='ocr_line' id='line_1_27' title="bbox 220 3029 2339 3113; baseline 0 -26"><span class='ocrx_word' id='word_1_258' title='bbox 220 3029 562 3089; x_wconf 88' lang='lat' dir='ltr'><strong>addendum</strong></span> <span class='ocrx_word' id='word_1_259' title='bbox 610 3035 726 3104; x_wconf 84' lang='lat' dir='ltr'><strong>est,</strong></span> <span class='ocrx_word' id='word_1_260' title='bbox 784 3031 943 3105; x_wconf 90' lang='lat' dir='ltr'><strong>quod</strong></span> <span class='ocrx_word' id='word_1_261' title='bbox 983 3038 1272 3113; x_wconf 88' lang='lat' dir='ltr'><strong>quantum</strong></span> <span class='ocrx_word' id='word_1_262' title='bbox 1325 3032 1594 3107; x_wconf 89' lang='lat' dir='ltr'><strong>aperitur</strong></span> <span class='ocrx_word' id='word_1_263' title='bbox 1641 3031 1814 3090; x_wconf 90' lang='lat' dir='ltr'><strong>Mens</strong></span> <span class='ocrx_word' id='word_1_264' title='bbox 1863 3031 2191 3108; x_wconf 88' lang='lat' dir='ltr'><strong>spiritualis</strong></span> <span class='ocrx_word' id='word_1_265' title='bbox 2230 3048 2339 3090; x_wconf 90' lang='lat' dir='ltr'><strong>seu</strong></span> 
     </span>
     <span class='ocr_line' id='line_1_28' title="bbox 217 3131 2331 3209; baseline 0.001 -21"><span class='ocrx_word' id='word_1_266' title='bbox 217 3133 488 3202; x_wconf 81' lang='lat' dir='ltr'><strong>interna,</strong></span> <span class='ocrx_word' id='word_1_267' title='bbox 552 3136 782 3188; x_wconf 87' lang='lat' dir='ltr'><strong>tantum</strong></span> <span class='ocrx_word' id='word_1_268' title='bbox 832 3149 943 3207; x_wconf 89' lang='lat' dir='ltr'><strong>per</strong></span> <span class='ocrx_word' id='word_1_269' title='bbox 988 3132 1150 3190; x_wconf 87' lang='lat' dir='ltr'><strong>illam</strong></span> <span class='ocrx_word' id='word_1_270' title='bbox 1196 3150 1232 3189; x_wconf 88' lang='lat' dir='ltr'><strong>a</strong></span> <span class='ocrx_word' id='word_1_271' title='bbox 1278 3132 1536 3191; x_wconf 88' lang='lat' dir='ltr'><strong>Domino</strong></span> <span class='ocrx_word' id='word_1_272' title='bbox 1577 3133 1784 3191; x_wconf 85' lang='lat' dir='ltr'><strong>influat</strong></span> <span class='ocrx_word' id='word_1_273' title='bbox 1830 3131 1934 3190; x_wconf 82' lang='lat' dir='ltr'><strong>lux</strong></span> <span class='ocrx_word' id='word_1_274' title='bbox 1983 3132 2331 3209; x_wconf 75' lang='lat' dir='ltr'><strong>spiritualiS‚</strong></span> 
     </span>
     <span class='ocr_line' id='line_1_29' title="bbox 216 3229 2335 3308; baseline -0.001 -18"><span class='ocrx_word' id='word_1_275' title='bbox 216 3249 371 3308; x_wconf 87' lang='lat' dir='ltr'><strong>quae</strong></span> <span class='ocrx_word' id='word_1_276' title='bbox 414 3236 511 3288; x_wconf 88' lang='lat' dir='ltr'><strong>est</strong></span> <span class='ocrx_word' id='word_1_277' title='bbox 545 3229 648 3288; x_wconf 87' lang='lat' dir='ltr'><strong>lux</strong></span> <span class='ocrx_word' id='word_1_278' title='bbox 700 3232 878 3306; x_wconf 84' lang='lat' dir='ltr'><strong>coeli,</strong></span> <span class='ocrx_word' id='word_1_279' title='bbox 934 3234 994 3290; x_wconf 91' lang='lat' dir='ltr'><strong>in</strong></span> <span class='ocrx_word' id='word_1_280' title='bbox 1044 3238 1304 3291; x_wconf 89' lang='lat' dir='ltr'><strong>mentem</strong></span> <span class='ocrx_word' id='word_1_281' title='bbox 1343 3232 1679 3290; x_wconf 87' lang='lat' dir='ltr'><strong>naturalem</strong></span> <span class='ocrx_word' id='word_1_282' title='bbox 1727 3250 1836 3290; x_wconf 86' lang='lat' dir='ltr'><strong>seu</strong></span> <span class='ocrx_word' id='word_1_283' title='bbox 1879 3240 2215 3307; x_wconf 84' lang='lat' dir='ltr'><strong>externam,</strong></span> <span class='ocrx_word' id='word_1_284' title='bbox 2275 3244 2335 3291; x_wconf 87' lang='lat' dir='ltr'><strong>et</strong></span> 
     </span>
     <span class='ocr_line' id='line_1_30' title="bbox 211 3331 2333 3409; baseline 0.001 -21"><span class='ocrx_word' id='word_1_285' title='bbox 211 3331 481 3391; x_wconf 87' lang='lat' dir='ltr'><strong>illustrat</strong></span> <span class='ocrx_word' id='word_1_286' title='bbox 543 3349 700 3407; x_wconf 83' lang='lat' dir='ltr'><strong>eam,</strong></span> <span class='ocrx_word' id='word_1_287' title='bbox 769 3339 828 3390; x_wconf 91' lang='lat' dir='ltr'><strong>et</strong></span> <span class='ocrx_word' id='word_1_288' title='bbox 875 3332 977 3390; x_wconf 88' lang='lat' dir='ltr'><strong>dat</strong></span> <span class='ocrx_word' id='word_1_289' title='bbox 1028 3332 1500 3409; x_wconf 88' lang='lat' dir='ltr'><strong>intelligentiam.</strong></span> <span class='ocrx_word' id='word_1_290' title='bbox 1603 3333 1773 3389; x_wconf 88' lang='lat' dir='ltr'><strong>Bona</strong></span> <span class='ocrx_word' id='word_1_291' title='bbox 1835 3341 1894 3391; x_wconf 88' lang='lat' dir='ltr'><strong>et</strong></span> <span class='ocrx_word' id='word_1_292' title='bbox 1939 3351 2115 3402; x_wconf 87' lang='lat' dir='ltr'><strong>vera,</strong></span> <span class='ocrx_word' id='word_1_293' title='bbox 2179 3350 2333 3408; x_wconf 91' lang='lat' dir='ltr'><strong>quae</strong></span> 
     </span>
     <span class='ocr_line' id='line_1_31' title="bbox 214 3431 2335 3508; baseline -0.001 -18"><span class='ocrx_word' id='word_1_294' title='bbox 214 3433 447 3492; x_wconf 84' lang='lat' dir='ltr'><strong>faciunt</strong></span> <span class='ocrx_word' id='word_1_295' title='bbox 487 3433 863 3508; x_wconf 86' lang='lat' dir='ltr'><strong>spiritualem</strong></span> <span class='ocrx_word' id='word_1_296' title='bbox 921 3450 1031 3491; x_wconf 89' lang='lat' dir='ltr'><strong>seu</strong></span> <span class='ocrx_word' id='word_1_297' title='bbox 1080 3435 1370 3491; x_wconf 88' lang='lat' dir='ltr'><strong>internam</strong></span> <span class='ocrx_word' id='word_1_298' title='bbox 1412 3432 1702 3503; x_wconf 87' lang='lat' dir='ltr'><strong>Mentem,</strong></span> <span class='ocrx_word' id='word_1_299' title='bbox 1772 3431 2183 3506; x_wconf 90' lang='lat' dir='ltr'><strong>intelliguntur</strong></span> <span class='ocrx_word' id='word_1_300' title='bbox 2225 3449 2335 3506; x_wconf 87' lang='lat' dir='ltr'><strong>per</strong></span> 
     </span>
     <span class='ocr_line' id='line_1_32' title="bbox 212 3531 2534 3610; baseline -0.002 -19"><span class='ocrx_word' id='word_1_301' title='bbox 212 3539 533 3610; x_wconf 85' lang='lat' dir='ltr'><strong>magnates</strong></span> <span class='ocrx_word' id='word_1_302' title='bbox 571 3539 630 3591; x_wconf 89' lang='lat' dir='ltr'><strong>et</strong></span> <span class='ocrx_word' id='word_1_303' title='bbox 667 3532 910 3607; x_wconf 75' lang='lat' dir='ltr'><strong>diviteS,</strong></span> <span class='ocrx_word' id='word_1_304' title='bbox 969 3532 1127 3591; x_wconf 88' lang='lat' dir='ltr'><strong>bona</strong></span> <span class='ocrx_word' id='word_1_305' title='bbox 1169 3551 1279 3608; x_wconf 91' lang='lat' dir='ltr'><strong>per</strong></span> <span class='ocrx_word' id='word_1_306' title='bbox 1326 3535 1666 3606; x_wconf 78' lang='lat' dir='ltr'><strong>magnateS,</strong></span> <span class='ocrx_word' id='word_1_307' title='bbox 1727 3536 1785 3587; x_wconf 87' lang='lat' dir='ltr'><strong>et</strong></span> <span class='ocrx_word' id='word_1_308' title='bbox 1835 3548 1982 3589; x_wconf 86' lang='lat' dir='ltr'><strong>vera</strong></span> <span class='ocrx_word' id='word_1_309' title='bbox 2024 3548 2135 3607; x_wconf 91' lang='lat' dir='ltr'><strong>per</strong></span> <span class='ocrx_word' id='word_1_310' title='bbox 2170 3531 2325 3588; x_wconf 86' lang='lat' dir='ltr'><strong>divi-</strong></span> <span class='ocrx_word' id='word_1_311' title='bbox 2373 3535 2534 3596; x_wconf 81' lang='grc'><strong>[646]</strong></span> 
     </span>
     <span class='ocr_line' id='line_1_33' title="bbox 212 3630 2332 3708; baseline -0.001 -18"><span class='ocrx_word' id='word_1_312' title='bbox 212 3644 337 3708; x_wconf 84' lang='lat' dir='ltr'><strong>tes3</strong></span> <span class='ocrx_word' id='word_1_313' title='bbox 401 3649 473 3689; x_wconf 89' lang='lat' dir='ltr'><strong>ac</strong></span> <span class='ocrx_word' id='word_1_314' title='bbox 512 3631 669 3701; x_wconf 81' lang='lat' dir='ltr'><strong>bona</strong></span> <span class='ocrx_word' id='word_1_315' title='bbox 708 3640 767 3691; x_wconf 88' lang='lat' dir='ltr'><strong>et</strong></span> <span class='ocrx_word' id='word_1_316' title='bbox 801 3651 973 3705; x_wconf 87' lang='lat' dir='ltr'><strong>vera,</strong></span> <span class='ocrx_word' id='word_1_317' title='bbox 1025 3651 1176 3707; x_wconf 86' lang='lat' dir='ltr'><strong>quae</strong></span> <span class='ocrx_word' id='word_1_318' title='bbox 1217 3634 1444 3691; x_wconf 81' lang='lat' dir='ltr'><strong>faciunt</strong></span> <span class='ocrx_word' id='word_1_319' title='bbox 1483 3630 1820 3688; x_wconf 82' lang='lat' dir='ltr'><strong>naturalem</strong></span> <span class='ocrx_word' id='word_1_320' title='bbox 1867 3647 1976 3688; x_wconf 85' lang='lat' dir='ltr'><strong>seu</strong></span> <span class='ocrx_word' id='word_1_321' title='bbox 2026 3638 2332 3688; x_wconf 78' lang='lat' dir='ltr'><strong>externam</strong></span> 
     </span>
     <span class='ocr_line' id='line_1_34' title="bbox 208 3728 2337 3810; baseline -0.002 -19"><span class='ocrx_word' id='word_1_322' title='bbox 208 3732 515 3806; x_wconf 81' lang='lat' dir='ltr'><strong>Mentem,</strong></span> <span class='ocrx_word' id='word_1_323' title='bbox 571 3733 984 3810; x_wconf 89' lang='lat' dir='ltr'><strong>intelliguntur</strong></span> <span class='ocrx_word' id='word_1_324' title='bbox 1030 3750 1139 3809; x_wconf 90' lang='lat' dir='ltr'><strong>per</strong></span> <span class='ocrx_word' id='word_1_325' title='bbox 1175 3732 1532 3791; x_wconf 88' lang='lat' dir='ltr'><strong>chiliarchos</strong></span> <span class='ocrx_word' id='word_1_326' title='bbox 1585 3737 1644 3789; x_wconf 85' lang='lat' dir='ltr'><strong>et</strong></span> <span class='ocrx_word' id='word_1_327' title='bbox 1679 3736 1984 3807; x_wconf 79' lang='lat' dir='ltr'><strong>potenteS,</strong></span> <span class='ocrx_word' id='word_1_328' title='bbox 2041 3729 2199 3788; x_wconf 91' lang='lat' dir='ltr'><strong>bona</strong></span> <span class='ocrx_word' id='word_1_329' title='bbox 2233 3728 2337 3787; x_wconf 92' lang='lat' dir='ltr'><strong>illa</strong></span> 
     </span>
     <span class='ocr_line' id='line_1_35' title="bbox 209 3830 2336 3908; baseline -0.003 -15"><span class='ocrx_word' id='word_1_330' title='bbox 209 3850 322 3908; x_wconf 88' lang='lat' dir='ltr'><strong>per</strong></span> <span class='ocrx_word' id='word_1_331' title='bbox 370 3832 727 3892; x_wconf 88' lang='lat' dir='ltr'><strong>chiliarchos</strong></span> <span class='ocrx_word' id='word_1_332' title='bbox 778 3841 841 3893; x_wconf 88' lang='lat' dir='ltr'><strong>et</strong></span> <span class='ocrx_word' id='word_1_333' title='bbox 889 3852 1036 3893; x_wconf 87' lang='lat' dir='ltr'><strong>vera</strong></span> <span class='ocrx_word' id='word_1_334' title='bbox 1075 3832 1178 3890; x_wconf 88' lang='lat' dir='ltr'><strong>illa</strong></span> <span class='ocrx_word' id='word_1_335' title='bbox 1216 3850 1326 3907; x_wconf 87' lang='lat' dir='ltr'><strong>per</strong></span> <span class='ocrx_word' id='word_1_336' title='bbox 1377 3837 1687 3908; x_wconf 86' lang='lat' dir='ltr'><strong>potentes;</strong></span> <span class='ocrx_word' id='word_1_337' title='bbox 1743 3832 1878 3890; x_wconf 91' lang='lat' dir='ltr'><strong>inde</strong></span> <span class='ocrx_word' id='word_1_338' title='bbox 1927 3837 2118 3908; x_wconf 88' lang='lat' dir='ltr'><strong>patet,</strong></span> <span class='ocrx_word' id='word_1_339' title='bbox 2179 3830 2336 3905; x_wconf 92' lang='lat' dir='ltr'><strong>quod</strong></span> 
     </span>
     <span class='ocr_line' id='line_1_36' title="bbox 208 3930 2333 4008; baseline -0.001 -17"><span class='ocrx_word' id='word_1_340' title='bbox 208 3933 367 3993; x_wconf 91' lang='lat' dir='ltr'><strong>haec</strong></span> <span class='ocrx_word' id='word_1_341' title='bbox 417 3933 602 3992; x_wconf 87' lang='lat' dir='ltr'><strong>verba</strong></span> <span class='ocrx_word' id='word_1_342' title='bbox 637 3935 697 3991; x_wconf 91' lang='lat' dir='ltr'><strong>in</strong></span> <span class='ocrx_word' id='word_1_343' title='bbox 739 3950 924 3993; x_wconf 86' lang='lat' dir='ltr'><strong>sensu</strong></span> <span class='ocrx_word' id='word_1_344' title='bbox 960 3936 1189 3993; x_wconf 87' lang='lat' dir='ltr'><strong>interno</strong></span> <span class='ocrx_word' id='word_1_345' title='bbox 1226 3932 1535 3991; x_wconf 89' lang='lat' dir='ltr'><strong>includant</strong></span> <span class='ocrx_word' id='word_1_346' title='bbox 1586 3935 1783 3991; x_wconf 89' lang='lat' dir='ltr'><strong>omnia</strong></span> <span class='ocrx_word' id='word_1_347' title='bbox 1826 3949 1978 4008; x_wconf 91' lang='lat' dir='ltr'><strong>quae</strong></span> <span class='ocrx_word' id='word_1_348' title='bbox 2018 3931 2178 4007; x_wconf 89' lang='lat' dir='ltr'><strong>apud</strong></span> <span class='ocrx_word' id='word_1_349' title='bbox 2219 3930 2333 3989; x_wconf 89' lang='lat' dir='ltr'><strong>ho-</strong></span> 
     </span>
     <span class='ocr_line' id='line_1_37' title="bbox 210 4018 2333 4110; baseline -0.002 -18"><span class='ocrx_word' id='word_1_350' title='bbox 210 4018 648 4107; x_wconf 69' lang='lat' dir='ltr'><strong>minem’sunt,</strong></span> <span class='ocrx_word' id='word_1_351' title='bbox 705 4052 843 4094; x_wconf 89' lang='lat' dir='ltr'><strong>nam</strong></span> <span class='ocrx_word' id='word_1_352' title='bbox 888 4037 947 4093; x_wconf 89' lang='lat' dir='ltr'><strong>in</strong></span> <span class='ocrx_word' id='word_1_353' title='bbox 984 4033 1372 4110; x_wconf 88' lang='lat' dir='ltr'><strong>sequentibus</strong></span> <span class='ocrx_word' id='word_1_354' title='bbox 1422 4034 1617 4109; x_wconf 88' lang='lat' dir='ltr'><strong>agitur</strong></span> <span class='ocrx_word' id='word_1_355' title='bbox 1668 4033 1740 4092; x_wconf 92' lang='lat' dir='ltr'><strong>de</strong></span> <span class='ocrx_word' id='word_1_356' title='bbox 1780 4034 2165 4092; x_wconf 85' lang='lat' dir='ltr'><strong>exstinctione</strong></span> <span class='ocrx_word' id='word_1_357' title='bbox 2204 4049 2333 4089; x_wconf 91' lang='lat' dir='ltr'><strong>om-</strong></span> 
     </span>
     <span class='ocr_line' id='line_1_38' title="bbox 212 4134 2333 4212; baseline -0.001 -19"><span class='ocrx_word' id='word_1_358' title='bbox 212 4136 412 4210; x_wconf 86' lang='lat' dir='ltr'><strong>nium3</strong></span> <span class='ocrx_word' id='word_1_359' title='bbox 479 4137 675 4194; x_wconf 88' lang='lat' dir='ltr'><strong>omnia</strong></span> <span class='ocrx_word' id='word_1_360' title='bbox 710 4136 874 4212; x_wconf 89' lang='lat' dir='ltr'><strong>apud</strong></span> <span class='ocrx_word' id='word_1_361' title='bbox 909 4135 1208 4194; x_wconf 88' lang='lat' dir='ltr'><strong>hominem</strong></span> <span class='ocrx_word' id='word_1_362' title='bbox 1243 4151 1309 4193; x_wconf 90' lang='lat' dir='ltr'><strong>se</strong></span> <span class='ocrx_word' id='word_1_363' title='bbox 1345 4134 1613 4194; x_wconf 81' lang='lat' dir='ltr'><strong>referunt</strong></span> <span class='ocrx_word' id='word_1_364' title='bbox 1650 4134 1725 4191; x_wconf 91' lang='lat' dir='ltr'><strong>ad</strong></span> <span class='ocrx_word' id='word_1_365' title='bbox 1760 4134 1982 4192; x_wconf 90' lang='lat' dir='ltr'><strong>bonum</strong></span> <span class='ocrx_word' id='word_1_366' title='bbox 2019 4141 2079 4192; x_wconf 90' lang='lat' dir='ltr'><strong>et</strong></span> <span class='ocrx_word' id='word_1_367' title='bbox 2104 4151 2333 4208; x_wconf 86' lang='lat' dir='ltr'><strong>verum,</strong></span> 
     </span>
     <span class='ocr_line' id='line_1_39' title="bbox 216 4234 2335 4313; baseline -0 -19"><span class='ocrx_word' id='word_1_368' title='bbox 216 4238 374 4296; x_wconf 87' lang='lat' dir='ltr'><strong>sicut</strong></span> <span class='ocrx_word' id='word_1_369' title='bbox 415 4237 594 4295; x_wconf 87' lang='lat' dir='ltr'><strong>etiam</strong></span> <span class='ocrx_word' id='word_1_370' title='bbox 633 4237 828 4296; x_wconf 90' lang='lat' dir='ltr'><strong>omnia</strong></span> <span class='ocrx_word' id='word_1_371' title='bbox 863 4238 920 4294; x_wconf 93' lang='lat' dir='ltr'><strong>in</strong></span> <span class='ocrx_word' id='word_1_372' title='bbox 958 4237 1267 4310; x_wconf 80' lang='lat' dir='ltr'><strong>universo,</strong></span> <span class='ocrx_word' id='word_1_373' title='bbox 1329 4236 1515 4293; x_wconf 91' lang='lat' dir='ltr'><strong>omnis</strong></span> <span class='ocrx_word' id='word_1_374' title='bbox 1554 4237 1851 4311; x_wconf 84' lang='lat' dir='ltr'><strong>sapientia</strong></span> <span class='ocrx_word' id='word_1_375' title='bbox 1886 4240 1946 4293; x_wconf 92' lang='lat' dir='ltr'><strong>et</strong></span> <span class='ocrx_word' id='word_1_376' title='bbox 1994 4234 2335 4313; x_wconf 82' lang='lat' dir='ltr'><strong>intelligen-</strong></span> 
     </span>
    </p>
   </div>
  </div>
 </body>
</html>
