2791 4778
435 349 544 402 218
883 337 1375 394 APOCALYPSIS
1419 338 1855 398 EXPLICATA.
1920 340 1967 407 §-
2009 348 2134 400 365.

431 497 552 557 illis
603 497 706 573 qui
753 498 815 554 in
868 498 1029 554 veris
1083 513 1158 555 ex
1206 497 1363 556 bono
1400 503 1570 572 sunt3
1627 496 1764 555 inde
1798 512 1909 572 per
1951 513 2163 572 pacem
2211 495 2540 573 intelligitur

435 595 823 671 tranquillum
878 599 1093 656 mentis
1162 615 1235 656 ex
1285 597 1392 656 illa
1439 596 1886 673 conjunctione3
1944 602 2004 655 et
2053 598 2195 672 quia
2242 614 2358 672 per
2399 597 2540 654 illam

435 698 550 754 tuti
584 704 724 753 sunt
758 713 795 754 a
829 696 1002 754 malis
1042 704 1102 756 et
1136 696 1303 755 falsis
1342 714 1496 772 quae
1536 696 1611 754 ab
1647 697 1909 770 inferne,
1970 702 2202 754 tutatur
2237 699 2399 755 enim
2429 698 2541 755 Do·

433 798 631 856 minus
667 795 802 854 illos
845 799 944 872 qui
981 796 1198 856 Secum
1226 797 1527 873 conjuncti
1564 803 1733 868 sunt,
1773 796 1910 856 ideo
1956 796 2122 864 dicit,
2172 814 2250 854 ne
2292 796 2541 854 turbator

435 914 540 956 cor
572 901 867 970 vestrum,
906 914 1101 971 neque
1139 897 1449 972 formidet3
1488 896 1640 955 haec
1668 897 1890 955 Divina
1915 896 2044 954 Pax
2076 903 2170 954 est
2208 899 2272 953 in
2308 896 2540 968 homine,

437 1004 499 1056 et
534 998 676 1073 quia
713 1004 805 1054 est
843 995 1091 1055 Coelum
1130 1015 1265 1056 cum
1300 997 1438 1071 illa,
1481 999 1658 1054 etiam
1690 1014 1799 1071 per
1828 997 2046 1054 Pacem
2083 996 2170 1053 ibi
2209 997 2543 1073 intelligitur

438 1096 715 1168 Coelum,
758 1104 818 1154 et
854 1099 910 1153 in
949 1113 1230 1172 supremo
1268 1113 1453 1155 sensu
1480 1097 1811 1172 Dominus;
1850 1114 1967 1171 pax
2004 1103 2207 1154 autem
2238 1097 2446 1154 mundi
2470 1102 2545 1154 est

437 1214 511 1255 ex
541 1195 922 1255 successibus
960 1196 1075 1269 ibi,
1118 1199 1204 1257 ita
1240 1215 1312 1255 ex
1343 1197 1756 1271 conjunctione
1787 1214 1922 1253 cum
1949 1196 2189 1264 mund0,
2228 1214 2394 1271 quae
2429 1199 2548 1271 quia

438 1303 531 1356 est
569 1296 745 1354 modo
784 1303 1056 1369 externa,
1114 1304 1172 1355 et
1207 1314 1325 1355 non
1373 1298 1697 1370 Dominus,
1752 1303 1813 1354 et
1856 1296 1992 1353 inde
2042 1313 2161 1352 non
2215 1295 2468 1354 Coelum
2498 1300 2546 1353 iu

434 1396 541 1455 illa
562 1439 577 1469 ‚
617 1399 774 1471 perit
811 1414 944 1455 cum
982 1400 1105 1454 vita
1130 1398 1384 1455 hominis
1420 1399 1479 1454 in
1512 1397 1759 1469 mundo,
1813 1403 1872 1455 ct
1908 1397 2160 1453 vertitur
2196 1399 2258 1453 in
2299 1415 2418 1454 non
2451 1415 2546 1473 pa-

437 1513 600 1566 cem,
651 1496 787 1554 ideo
824 1496 965 1556 dicit
1000 1496 1326 1565 Dominus,
1390 1514 1605 1572 pacem
1641 1514 1834 1554 meam
1870 1495 1945 1553 do
1984 1495 2189 1569 vobis,
2246 1514 2373 1554 non
2409 1499 2546 1554 sicut

433 1595 692 1654 mundus
746 1596 849 1654 dat
899 1598 1025 1671 Ego
1075 1598 1149 1656 do
1203 1597 1395 1655 vobis,
1485 1596 1667 1672 Apud
1725 1595 1995 1653 Eundem
2058 1594 2310 1668 „Jeeue
2365 1596 2545 1668 dimit,

434 1695 585 1755 haec
610 1691 908 1771 loquutus
936 1715 1079 1755 sum
1105 1696 1296 1770 vobis,
1326 1702 1399 1756 ut
1423 1695 1611 1755 inMe
1624 1714 1849 1774 pacem
1874 1693 2179 1769 habeatis,
2225 1696 2302 1755 iu
2326 1694 2547 1754 mvndo

434 1792 848 1873 afflictionem
874 1793 1142 1867 Imbutae
1172 1795 1284 1855 sed
1325 1795 1636 1876 confidite,
1670 1794 1816 1873 Eyo
1842 1794 1968 1854 vici
1992 1793 2358 1854 mundum“
2389 1794 2545 1853 XVI:

441 1896 564 1969 333
613 1894 790 1950 etiam
828 1894 923 1952 hic
963 1914 1073 1970 per
1107 1914 1319 1971 pacem
1357 1896 1709 1971 intelligitur
1745 1895 2075 1970 jucundum
2131 1896 2432 1960 internum
2481 1912 2547 1951 ex

434 1993 847 2070 conjunctione
886 2013 1022 2052 cum
1069 1997 1354 2070 Domino,
1417 1996 1575 2055 unde
1614 1994 1861 2054 Coelum
1905 2001 1964 2053 et
2017 1994 2305 2070 gaudium
2354 2001 2544 2053 aeter-

432 2111 573 2151 num
595 2115 611 2167 3
682 2097 1005 2169 opponitur
1056 2096 1151 2153 hic
1212 2114 1335 2172 pax
1398 2096 1726 2168 afflictioni,
1805 2097 1946 2171 quia
2008 2112 2119 2170 per
2172 2095 2546 2153 afflictionem

435 2194 802 2271 significatur
838 2196 1136 2254 infestatio
1177 2214 1213 2253 a
1248 2196 1420 2255 malis
1474 2203 1534 2254 et
1582 2191 1777 2269 falsis,
1844 2213 1996 2272 quae
2046 2195 2163 2253 illis
2215 2202 2311 2253 est
2362 2196 2545 2270 quiin

434 2312 585 2371 pace
616 2296 836 2353 Divina
872 2302 1011 2353 sunt
1039 2297 1321 2371 quamdiu
1355 2298 1565 2353 vivunt
1599 2297 1659 2353 in
1695 2294 1944 2368 mundo,
1985 2312 2123 2354 caro
2163 2297 2340 2364 enim,
2377 2312 2545 2369 quam

380 2410 383 2415 ·
435 2401 575 2455 tunc
628 2397 1076 2468 circumferunt,
1144 2398 1513 2471 concupiscit
1561 2397 1666 2454 illa
1728 2414 1883 2471 quae
1930 2395 2135 2454 mundi
2191 2402 2366 2464 sunt,
2419 2394 2546 2453 inde

433 2496 704 2571 amici-103
761 2514 946 2572 quare
985 2497 1126 2554 dicit
1159 2497 1485 2569 Dominae,
1542 2504 1609 2554 ut
1644 2498 1704 2554 in
1740 2494 1840 2554 Me
1874 2512 2088 2571 pacem
2131 2495 2442 2568 habeatis,
2493 2496 2547 2552 in

431 2596 653 2654 mundo
691 2597 1068 2656 afflictionem
1118 2596 1385 2670 habetis}
1441 2603 1501 2654 et
1552 2598 1691 2670 quia
1738 2596 2029 2655 Dominus
2085 2595 2283 2671 quoad
2317 2596 2544 2653 Huma-

431 2712 576 2753 num
613 2712 786 2753 suum
825 2698 1141 2772 acquisivit
1179 2696 1305 2756 Sibi
1341 2699 1673 2770 potentiam
1710 2714 1896 2771 super
1927 2697 2187 2769 inferna,
2246 2698 2336 2753 ita
2370 2711 2547 2771 super

433 2793 592 2851 mala
620 2801 678 2852 et
711 2795 868 2852 falsa
903 2815 1057 2871 quae
1094 2797 1230 2855 inde
1269 2796 1430 2871 apud
1464 2797 1920 2870 unumquemvis
1960 2802 2283 2871 assurgunt
2319 2798 2381 2853 in
2417 2812 2545 2854 car-

431 2910 567 2952 nem
618 2900 678 2951 et
727 2895 1045 2970 infestant,
1098 2897 1234 2955 ideo
1291 2896 1465 2970 dicit,
1531 2896 1834 2968 confidite,
1902 2897 2028 2972 Ego
2079 2897 2197 2954 vici
2243 2896 2543 2954 mundum.

432 2991 617 3068 Apud
644 2993 868 3051 Lucam
906 2993 1150 3069 „Jesue
1187 2995 1364 3056 dimit
1405 2995 1495 3055 ad
1523 2995 1936 3075 septuaqz‘nta
1972 3013 2134 3074 quoe
2168 2996 2432 3067 emim,-
2481 2993 2547 3053 in

432 3111 625 3172 quam
663 3091 920 3153 domum
955 3094 1372 3170 intraveritis,
1413 3096 1705 3173 primum
1750 3095 1945 3157 dieite
1955 3114 2103 3174 paoe
2137 3095 2363 3157 domui
2387 3094 2545 3167 huic,

431 3198 491 3253 et
530 3190 844 3270 siquidem
885 3194 1095 3272 fuerit
1133 3194 1326 3277 filius
1353 3195 1577 3274 pacis,
1632 3195 1972 3274 requiescet
2023 3215 2214 3274 super
2258 3194 2376 3256 illo
2406 3210 2546 3275 pao}

228 3301 391 3364 [490]
432 3298 644 3354 vestra
659 3337 675 3368 ,
731 3292 794 3353 si
843 3314 983 3356 vero
1023 3315 1163 3370 nou,
1221 3316 1414 3376 super
1463 3314 1574 3356 vos
1625 3299 2022 3357 revertetur«
2062 3298 2155 3356 X:
2215 3297 2272 3355 5.
2345 3301 2419 3357 6:
2492 3300 2547 3352 et

431 3395 593 3471 apud
640 3394 1013 3455 Matthaeum
1065 3395 1553 3475 „Inqredientee
1597 3395 1669 3456 iu
1712 3395 1994 3470 domum,
2049 3393 2333 3456 salutate
2391 3412 2544 3468 eam,

428 3502 489 3556 et
525 3495 840 3575 siquidem
869 3496 1081 3576 fuerit
1122 3495 1349 3556 domus
1389 3497 1625 3576 eliqua,
1692 3496 1894 3556 veniet
1926 3515 2065 3575 pace
2105 3503 2321 3556 vestra
2363 3512 2546 3574 super

427 3591 567 3657 eam
581 3616 610 3668 ,·
677 3598 784 3657 ein
834 3601 1047 3658 autem
1097 3616 1220 3657 non
1269 3597 1482 3676 fuerit
1534 3595 1737 3675 diqna
1751 3640 1769 3671 ,
1836 3615 1982 3675 pam
2031 3603 2242 3657 vestra
2298 3595 2391 3656 ad
2444 3610 2547 3654 voe

426 3701 768 3757 revertetur
778 3717 806 3767 ;
875 3704 935 3757 et
983 3696 1330 3778 quicunque
1388 3716 1513 3758 uon
1559 3696 1859 3776 receperit
1906 3715 2017 3756 vos
2032 3741 2050 3766 ‚
2110 3715 2301 3774 neque
2354 3693 2546 3756 audi-

427 3793 590 3854 verit
635 3796 821 3854 verba
858 3801 1099 3866 vestra,
1152 3802 1447 3858 exeuntes
1490 3797 1676 3857 domo
1716 3801 1833 3857 aut
1872 3797 2021 3857 urbe
2057 3796 2217 3868 ista,
2274 3793 2548 3856 eoecutite

416 3888 746 3973 pulverem
778 3893 1019 3972 pedum
1045 3900 1443 3956 vestrorum“
1482 3898 1564 3957 X:
1612 3900 1719 3955 12.
1769 3898 1877 3956 13.
1917 3899 2038 3972 143
2087 3896 2247 3973 quod
2284 3896 2546 3954 dicerent

427 3992 628 4051 domui
664 4009 812 4067 pax,
868 3991 1164 4067 significat
1197 4001 1263 4053 ut
1298 4003 1731 4070 cognoscerent
1777 4014 1921 4055 num
1955 3997 2075 4072 illi,
2134 3999 2237 4073 qui
2270 3997 2357 4054 ibi
2391 3998 2541 4065 sunt,

423 4093 762 4167 reciperent
794 4091 1141 4167 Dominum,
1208 4095 1702 4172 evangelizabant
1742 4098 1815 4159 de
1850 4097 2137 4172 Domino,
2192 4114 2264 4156 ac
2298 4096 2436 4157 inde
2472 4092 2539 4150 de

426 4191 644 4267 Coelo,
700 4191 918 4271 gaudio
955 4190 1205 4254 coelesti
1243 4203 1302 4256 et
1337 4198 1463 4255 vita
1500 4201 1778 4273 aeterna,
1818 4214 1955 4257 nam
1985 4199 2182 4258 omnia
2215 4196 2322 4256 illa
2357 4193 2537 4271 signi-
