2791 4778
423 358 528 412 158
762 348 1252 404 APOCALYPSIS
1297 349 1732 408 EXPLICATA.
1802 350 1848 418 §-
1894 358 2020 411 343.
2067 359 2197 412 344.

421 518 518 569 tur
552 509 837 567 Divinum
871 506 1209 583 procedens
1251 524 1326 566 ex
1364 506 1584 565 Divino
1611 506 1890 566 Humano
1926 507 2197 583 Domini,
2263 509 2425 585 quod
2456 515 2540 567 est

422 610 712 669 Divinum
736 609 972 667 Bonum
1004 610 1235 665 unitum
1270 608 1492 666 Divino
1529 606 1717 679 Vero,
1768 607 1878 666 sed
1915 607 2304 684 distinguitur
2336 609 2399 667 in
2433 608 2543 668 duo

429 714 491 769 in
526 724 712 768 sensu
769 707 980 767 literae
1041 714 1289 784 propter
1346 708 1787 783 receptionem3
1855 708 2139 768 Divinum
2192 709 2359 785 quod
2409 710 2548 769 facit

433 808 700 881 Coelum,
738 825 809 866 ac
846 807 948 866 dat
975 807 1224 884 Angelis
1261 814 1322 865 et
1354 806 1695 866 hominibus
1733 825 2017 883 amorem,
2056 808 2253 882 fidem,
2303 812 2548 888 sapien-

431 912 575 968 tiam
612 914 672 968 et
706 908 1178 985 intelligentiam,
1217 925 1331 966 non
1371 908 1645 985 procedit
1679 908 2021 968 immediate
2057 926 2131 969 ex
2157 909 2303 987 Ipso
2332 912 2550 969 Divino

431 1010 698 1083 Domini,
740 1007 849 1067 sed
882 1025 993 1084 per
1027 1009 1309 1066 Divinum
1345 1008 1688 1067 Humanum
1724 1008 1946 1084 Ipsius,
2002 1015 2065 1068 et
2096 1010 2230 1069 Hoc
2264 1011 2553 1070 Divinum

432 1109 594 1187 quod
627 1108 904 1187 procedit
939 1115 1033 1167 est
1069 1107 1327 1183 Spiritus
1366 1108 1655 1182 Sanctus»,
1710 1108 1986 1167 videatur
2036 1126 2225 1186 supra
2258 1129 2333 1171 n:
2381 1116 2412 1170 1
2434 1112 2552 1187 833

427 1212 515 1271 ita
548 1207 996 1285 intelligendum
1032 1215 1142 1280 est,
1200 1209 1359 1284 qnod
1391 1209 1681 1267 Doctrina
1703 1208 2015 1268 Ecclesiae
2050 1209 2253 1284 docet,
2295 1213 2464 1290 quod
2486 1229 2556 1272 ex

430 1311 609 1370 Patre
656 1308 946 1386 procedat
978 1308 1199 1378 Filius,
1252 1315 1312 1367 et
1357 1326 1468 1386 per
1520 1309 1741 1368 Filium
1775 1307 2040 1385 Spiritus
2077 1309 2374 1389 Sanctus,
2433 1320 2555 1372 tum

434 1410 593 1486 quod
628 1411 914 1469 Divinum
948 1409 1188 1469 Domini
1223 1425 1294 1468 ac
1329 1409 1671 1468 Humanum
1708 1409 1911 1486 Ipsius
1959 1427 2077 1470 non
2112 1413 2233 1470 sint
2290 1413 2414 1473 duo
2453 1412 2556 1473 sed

431 1512 611 1571 unica
644 1510 914 1571 Persona
948 1527 1058 1569 seu
1098 1526 1256 1568 unus
1296 1507 1602 1569 Christus:
1658 1509 1939 1569 Divinum
1990 1512 2143 1571 enim
2177 1512 2434 1598 Domini
2470 1519 2555 1573 est

434 1610 593 1689 quod
628 1612 912 1670 assumsit
946 1595 1317 1683 Humanum,
1374 1616 1436 1671 et
1472 1609 1631 1686 quod
1675 1609 1811 1669 ideo
1846 1609 1989 1687 Ipse
2034 1614 2280 1672 vocavit
2313 1614 2555 1674 Patrem

434 1728 608 1769 suum
627 1755 643 1785 ,
681 1712 766 1769 ita
799 1728 916 1768 non
949 1710 1189 1771 Patrem
1223 1713 1468 1770 vocavit
1503 1710 1662 1769 aliud
1698 1709 2011 1785 Divinum,
2052 1711 2210 1788 quod
2242 1714 2386 1773 loco
2411 1716 2555 1793 Ejus

435 1809 718 1869 adoratur
751 1810 929 1869 hodie
972 1829 1081 1887 pro
1131 1812 1311 1871 Patre
1345 1810 1578 1888 IpsiuS,
1636 1827 1707 1870 ac
1753 1811 2041 1871 Divinum
2086 1815 2433 1889 procedens
2471 1819 2557 1876 est

436 1910 596 1986 quod
629 1917 879 1970 vocatur
914 1908 1173 1988 Spiritus
1210 1918 1487 1982 sanctus,
1521 1912 1766 1989 spiritns
1810 1911 1960 1987 Dei,
2000 1914 2243 1990 spiritus
2279 1917 2556 1975 veritatis

435 2017 498 2071 et
530 2010 917 2085 Paracletus,
959 2019 1053 2071 est
1088 2013 1241 2072 enim
1278 2019 1549 2071 sanctum
1584 2012 1859 2088 spirituS,
1915 2030 2027 2073 seu
2063 2023 2342 2075 sanctum
2377 2016 2551 2075 Divi-

436 2129 574 2170 num
613 2111 775 2188 quod
809 2113 1054 2189 spiritus
1089 2114 1370 2191 loquitur,
1429 2119 1491 2172 et
1522 2130 1641 2171 non
1677 2111 1839 2172 aliud
1875 2113 2160 2172 Divinum
2197 2116 2364 2192 quod
2402 2117 2549 2176 ado-

336 2237 343 2246 *
434 2218 601 2272 ratur
634 2230 746 2289 pro
783 2212 993 2272 Tertia
1024 2213 1294 2273 Persona
1327 2213 1701 2288 Divinitatis;
1756 2213 1918 2291 quod
1951 2216 2038 2273 ita
2070 2216 2177 2289 sit,
2214 2216 2556 2294 intelligere

431 2321 686 2391 possunt
746 2329 950 2372 omnes
1014 2316 1117 2392 qui
1175 2316 1237 2372 in
1287 2313 1493 2392 aliqua
1546 2312 1684 2374 luce
1732 2313 1885 2374 coeli
1945 2322 2117 2392 sunt3
2185 2319 2439 2376 tametsi
2484 2336 2555 2377 ex

429 2414 722 2474 Doctrina
749 2414 1074 2489 Trinitatis,
1115 2432 1270 2494 quae
1299 2414 1441 2474 data
1468 2422 1561 2476 est
1587 2415 1663 2474 ab
1692 2416 2041 2492 Athanasio,
2078 2416 2286 2476 multis
2318 2418 2551 2488 dicitur,

433 2517 596 2592 quod
638 2524 761 2575 tres
809 2533 994 2574 unum
1027 2518 1171 2589 sint3
1230 2516 1506 2592 exploret
1550 2518 1803 2594 quisque
1839 2511 1998 2593 apud
2035 2533 2129 2592 se,
2187 2535 2374 2594 quum
2415 2519 2555 2578 dicit

435 2633 538 2674 ore
592 2634 774 2674 unum
836 2631 972 2674 esse
1019 2617 1247 2688 Deum,
1304 2633 1499 2674 annon
1538 2621 1759 2694 cogitet
1806 2626 1963 2691 treS,
2018 2633 2155 2677 cum
2203 2624 2415 2677 tamen
2468 2628 2555 2678 est

435 2730 591 2772 unus
624 2714 820 2789 Deua,
861 2721 922 2774 et
955 2719 1072 2775 tria
1104 2715 1365 2777 Nomina
1399 2716 1602 2776 Divini
1637 2725 1779 2776 sunt
1814 2719 1990 2776 unius
2030 2717 2177 2794 Dei3
2218 2737 2376 2795 quae
2417 2723 2553 2796 quia

429 2812 798 2874 Athanasius
835 2833 952 2874 non
979 2817 1294 2886 intellexit,
1331 2816 1585 2876 credidit
1622 2820 1738 2877 tria
1764 2819 2004 2879 nomina
2041 2834 2177 2878 esse
2205 2824 2330 2878 tres
2361 2820 2546 2894 DeoS,

429 2911 538 2972 sed
575 2915 772 2988 quoad
802 2918 1120 2976 essentiam
1155 2934 1366 2990 unnm3
1406 2924 1470 2975 at
1503 2935 1696 2994 usque
1726 2935 1862 2978 esse
1892 2934 2074 2977 unum
2105 2920 2308 2996 quoad
2337 2937 2546 2980 essen-

430 3014 604 3087 tiam,
669 3031 784 3073 non
835 3015 952 3073 dici
1001 3023 1234 3093 potest,
1302 3017 1540 3093 qnando
1580 3021 1680 3076 uni
1742 3019 2082 3077 attribuitur
2142 3019 2310 3079 aliud
2372 3038 2550 3097 quam

429 3113 633 3186 alteri,
690 3115 777 3173 sic
825 3117 981 3174 enim
1006 3114 1308 3176 'dividitur
1344 3119 1611 3177 essentia
1625 3138 1640 3191 3
1694 3117 1834 3178 inde
1885 3120 2076 3177 cuivis
2114 3123 2420 3181 essentiae
2455 3123 2549 3179 in-

427 3213 586 3273 ditur
645 3231 859 3273 nomen
908 3233 1203 3293 personae
1226 3196 1277 3275 τ’
1313 3223 1377 3276 at
1430 3235 1550 3276 una
1584 3220 1863 3278 Essentia
1896 3226 2069 3293 sunt,
2139 3220 2379 3296 quando
2440 3224 2553 3280 tria

428 3315 603 3374 unius
638 3316 942 3376 Personae
976 3324 1149 3391 sunt,
1206 3334 1424 3394 nempe
1458 3317 1667 3394 Ipsum
1701 3319 1983 3378 Divinum
2023 3319 2185 3395 quod
2217 3320 2405 3380 Pater
2439 3339 2545 3379 vo-

426 3422 612 3491 catur,
649 3418 932 3478 Divinum
961 3417 1303 3476 Humanum
1341 3417 1501 3493 quod
1525 3418 1734 3493 Filius,
1775 3437 1846 3478 ac
1886 3420 2168 3478 Divinum
2205 3421 2551 3481 Procedens

225 3536 388 3599 [449]
429 3517 589 3596 quod
625 3517 883 3597 Spiritus
912 3517 1201 3593 Sanctus,
1237 3517 1515 3577 videatur
1544 3520 1886 3581 Doc‘rmm
1910 3519 2124 3579 Novae
2151 3520 2547 3583 Ihsnosou-

429 3634 560 3679 Mas
605 3637 673 3679 n:
717 3621 858 3679 280
897 3618 973 3678 ad
1016 3619 1179 3678 310.
1243 3616 1415 3677 Haec
1452 3618 1610 3678 dicta
1656 3625 1828 3694 sunt,
1886 3619 2044 3697 quod
2078 3636 2190 3696 per
2225 3620 2550 3684 Sedentem

426 3735 610 3794 super
670 3720 882 3779 throno
938 3725 1000 3778 et
1044 3719 1317 3796 Agnum,
1379 3735 1499 3777 non
1544 3720 1952 3797 intelligantur
1997 3720 2136 3780 Duo
2198 3720 2310 3781 sed
2357 3723 2544 3797 Unus,

427 3833 644 3892 nempe
677 3820 971 3879 Dominus
1009 3817 1207 3896 quoad
1241 3817 1530 3879 Divinum
1563 3819 1917 3897 procedens.

587 3918 750 3976 344.
802 3917 1182 3993 Benedictio,
1237 3917 1399 3996 quod
1449 3920 1748 3998 significet
1795 3922 2190 3998 agnitionem,
2243 3918 2545 3998 glorifica-

426 4020 649 4076 tionem
697 4022 760 4075 et
801 4020 1126 4094 gratiarum
1177 4020 1472 4081 actionem
1521 4020 1684 4097 quod
1730 4037 1903 4081 omne
1951 4019 2175 4080 bonum
2224 4029 2286 4081 et
2317 4039 2545 4095 verum,

427 4131 499 4176 ac
546 4115 685 4176 inde
735 4115 984 4178 Coelum
1045 4127 1105 4178 et
1146 4119 1403 4179 felicitas
1453 4128 1701 4181 aeterna
1760 4124 1841 4181 sit
1890 4120 2012 4181 illis
2073 4123 2177 4198 qui
2229 4125 2539 4199 recipiunt,

427 4223 664 4278 constat
700 4235 773 4279 ex
809 4216 927 4276 illis
966 4235 1119 4293 quae
1157 4235 1344 4292 supra
1387 4238 1458 4277 n:
1505 4223 1665 4294 340,
1707 4220 1869 4281 dicta
1905 4226 1965 4280 et
2001 4226 2248 4281 ostensa
2284 4232 2444 4281 sunt.
