2791 4778
372 350 598 407 CAPUT
637 350 959 416 SEXTUM,
1713 350 1892 406 VERS
1910 372 1923 405 ε
1970 361 2062 413 12.
2221 360 2330 414 3⁷79

228 511 489 569 Divinum
530 510 759 570 Verum
798 527 911 569 seu
955 509 1222 570 Verbum
1256 515 1317 570 in
1352 528 1466 571 sua
1503 512 1657 573 luce.
1711 513 1829 572 Per
1865 520 2064 573 terrae
2100 517 2327 570 motum

227 628 542 688 magnum,
576 614 679 687 qui
714 612 909 670 factus
948 616 1040 669 est
1076 628 1211 669 cum
1245 613 1516 689 Angelus
1554 613 1864 672 descendit
1898 613 1972 672 de
2011 611 2223 682 Coe-10,
2276 620 2336 672 et

228 710 471 770 devolvit
546 710 810 787 lapidem
880 711 956 770 ab
1026 714 1178 771 ostio
1259 713 1594 789 sepulchri,
1690 714 1883 772 simile
1951 713 2334 788 significatur,

226 828 421 889 nempe
459 812 618 887 quod
654 818 847 870 status
894 811 1207 871 Ecclesiae
1254 831 1502 890 prorsus
1551 821 1820 872 mutatus
1869 816 1981 884 sit,
2040 813 2332 872 Dominus

230 914 364 971 enim
424 919 567 970 tunc
623 914 981 986 resurrexit,
1055 918 1115 971 et
1174 914 1369 989 quoad
1431 914 1774 973 Humanum
1831 931 2004 973 suum
2066 916 2336 989 suscepit

227 1030 379 1072 omne
417 1013 748 1096 dominium·
780 1029 967 1090 super
1019 1012 1268 1072 Coelum
1313 1020 1373 1073 et
1409 1021 1654 1087 terram,
1712 1021 1778 1072 ut
1814 1015 1957 1092 Ipse
1995 1015 2138 1073 dicit
2173 1014 2335 1089 apud

225 1113 574 1173 Matthaeum
638 1113 796 1189 Cap:
848 1113 1158 1172 XXVIII:
1218 1118 1336 1190 183
1435 1116 1593 1191 quod
1658 1115 1930 1191 Angelus
2001 1115 2336 1174 devolverit

224 1212 463 1289 lapidem
500 1214 580 1272 ab
619 1215 799 1287 ostio,
858 1221 917 1272 et
952 1213 1177 1274 sederit
1222 1232 1408 1292 super
1452 1216 1585 1291 illo,
1651 1216 1955 1292 significat
1993 1216 2149 1291 quod
2199 1215 2332 1273 Do-

225 1316 396 1372 minus
433 1316 731 1372 amoverit
782 1331 952 1372 omne
995 1315 1248 1387 salsum,
1318 1316 1478 1392 quod
1525 1317 1950 1375 intercluserat
1997 1315 2220 1373 aditum
2259 1316 2334 1374 ad

225 1413 439 1490 Ipsum,
521 1425 583 1473 et
621 1417 923 1490 aperuerit
971 1415 1256 1473 Divinum
1309 1416 1534 1476 Verum
1550 1438 1564 1492 3
1632 1417 1788 1492 lapis
1838 1418 1992 1474 enim
2040 1416 2334 1491 significat

224 1514 484 1573 Divinum
527 1515 793 1587 Verum,
852 1514 1011 1590 quod
1046 1533 1083 1573 a
1117 1516 1370 1575 Judaeis
1407 1535 1517 1594 per
1553 1518 1905 1576 traditiones
1948 1516 2333 1575 falsificatum

226 1614 346 1686 fuit,
396 1634 534 1673 nam
576 1615 817 1688 dicitur,
885 1615 1043 1690 quod
1094 1614 1489 1698 „Pontifices
1530 1622 1589 1676 et
1632 1616 1986 1677 Pharisaei
2027 1615 2328 1696 obsiyna-

223 1714 403 1775 verint
438 1714 727 1795 lapidem
762 1733 905 1776 cum
933 1715 1296 1787 custodia“,
1333 1719 1557 1796 Matthg
1595 1718 1876 1777 XXVII:
1926 1722 2032 1792 66,
2075 1724 2136 1775 at
2173 1717 2333 1793 quod

227 1816 470 1891 Angelus
523 1835 557 1876 e
611 1816 780 1875 coelo
831 1819 1119 1875 amoverit
1175 1836 1307 1878 eum
1364 1827 1426 1878 et
1477 1820 1702 1879 sederit
1761 1835 1945 1896 super
1994 1818 2114 1877 illo.
2212 1816 2333 1878 Sed

226 1916 355 1973 haec
392 1935 590 1992 pauca
625 1923 764 1974 sunt
801 1936 953 1993 quae
1000 1918 1159 1976 dicta
1194 1927 1336 1977 sunt
1373 1920 1447 1978 de
1482 1921 1575 1978 his
1621 1929 1819 1979 terrae
1856 1920 2149 1992 motibus,
2205 1926 2331 1977 tum

228 2017 290 2073 de
323 2017 469 2076 Velo
511 2018 784 2094 Templi,
853 2026 938 2075 et>
968 2019 1041 2076 de
1092 2018 1292 2095 lapide
1341 2026 1478 2078 ante
1529 2024 1743 2078 ostium
1801 2019 2138 2096 sepulchri,
2192 2026 2332 2077 sunt

225 2133 397 2193 usque
431 2119 611 2194 plura
647 2136 800 2194 quae
839 2137 950 2194 per
984 2118 1090 2177 illa
1121 2120 1566 2196 significantur,
1605 2137 1741 2177 nam
1771 2122 2059 2177 omniaaet
2094 2120 2329 2195 singula
2371 2120 2534 2181 [595]

230 2235 365 2292 quae
393 2218 555 2295 apud
592 2216 1010 2295 Evangelistas
1047 2223 1273 2296 scripta
1308 2229 1445 2278 sunt
1483 2220 1556 2277 de
1593 2220 1883 2279 Passione
1920 2218 2193 2292 Domini,
2233 2221 2329 2277 in-

226 2317 453 2377 volvunt
489 2336 711 2378 arcana
750 2328 810 2379 et
844 2321 1195 2397 significant.
1250 2321 1367 2380 Per
1403 2328 1600 2379 terrae
1636 2326 1834 2378 motus
1876 2321 2054 2378 etiam
2092 2319 2235 2378 alibi
2263 2322 2324 2377 in

217 2400 602 2497 Apocalypsi,
676 2422 1084 2497 significantur
1140 2425 1501 2481 mutationes
1561 2429 1755 2481 status
1808 2420 2166 2495 Ecclesiae,
2260 2431 2325 2480 ut

236 2516 534 2594 Cap:XI:
585 2525 688 2582 13.
745 2520 903 2598 Cap:
942 2522 1126 2581 XVI:
1173 2527 1281 2582 17.
1325 2525 1590 2582 18.19.

366 2624 524 2680 401.
581 2624 658 2681 Et
682 2621 775 2682 sol
802 2624 997 2681 factus
1037 2631 1130 2682 est
1164 2626 1333 2699 niger
1369 2629 1653 2700 tanquam
1690 2639 1904 2682 saccus
1942 2622 2232 2691 cilicinuS,
2271 2630 2331 2682 et

223 2717 350 2778 luna
395 2723 557 2781 facta
605 2728 698 2782 est
743 2729 1027 2799 tanquam
1079 2726 1354 2800 sanguis,
1415 2724 1573 2799 quod
1612 2724 1908 2800 significet
1948 2722 2107 2799 quod
2157 2740 2329 2783 omne

222 2817 424 2883 bonum
465 2826 685 2882 amoris
724 2824 1095 2901 disparatum
1133 2827 1240 2894 sit,
1294 2832 1354 2882 et
1388 2824 1526 2884 inde
1570 2842 1743 2883 omne
1787 2842 1993 2882 verum
2037 2824 2177 2882 fidei
2211 2824 2329 2883 fal-

225 2921 533 3000 sificatum,
592 2932 826 2983 constat
875 2942 949 2983 ex
998 2919 1431 3002 significatione
1486 2925 1662 2998 solis,
1734 2925 1893 3001 quod
1938 2927 1998 2983 in
2048 2942 2331 3002 supremo

222 3035 387 3082 sensu
431 3028 514 3084 sit
550 3025 842 3084 Dominus
896 3026 1093 3101 quoad
1141 3026 1423 3084 Divinum
1482 3027 1796 3097 Amorem,
1861 3033 1921 3085 et
1966 3026 2104 3084 inde
2172 3027 2331 3102 apud

219 3119 500 3186 hominem
537 3126 755 3185 bonum
793 3128 1009 3185 amoris
1045 3129 1106 3185 in
1143 3127 1465 3185 Dominum
1516 3144 1551 3183 a
1596 3127 1883 3200 Domino,
1942 3127 2015 3185 de
2053 3145 2173 3203 qua
2225 3143 2328 3185 se-

220 3227 427 3303 quitur3
474 3245 547 3286 ex
585 3227 1015 3302 significatione
1052 3229 1220 3302 niger
1257 3232 1543 3302 tanquam
1583 3244 1798 3286 saccus
1838 3228 2124 3299 cilicinus,
2167 3226 2328 3302 quod

218 3324 285 3380 sit
323 3326 725 3403 disparatum,
777 3330 1007 3403 nigrum
1048 3327 1265 3385 dicitur
1302 3345 1377 3385 ex
1416 3327 1702 3403 caligine,
1757 3331 1842 3385 ita
1891 3327 2048 3403 quod
2096 3344 2210 3384 non
2251 3344 2325 3384 cx

218 3421 403 3500 aliqua
455 3428 593 3486 luce
647 3435 927 3504 apparet3
991 3435 1272 3503 tanquam
1332 3443 1546 3486 saccus
1607 3427 1876 3485 cilicinus
1927 3443 2037 3483 seu
2097 3425 2332 3501 pilosus

218 3521 451 3603 dicitur,
505 3530 647 3605 quia
682 3528 1035 3604 intelligitur
1061 3527 1344 3587 sensuale
1381 3528 1666 3600 hominis,
1725 3526 1883 3600 quod
1918 3524 2181 3582 infimum
2215 3540 2327 3580 na-

218 3627 411 3687 turalis
459 3636 552 3688 est
562 3674 581 3705 ,
649 3636 710 3687 et
758 3629 894 3687 inde
946 3631 1169 3687 circum
1209 3630 1522 3700 interiora,
1580 3643 1652 3684 ac
1691 3626 1809 3684 illis
1854 3625 2080 3683 inducit
2116 3623 2328 3698 caligi-

218 3738 370 3804 nem3
426 3737 569 3788 sunt
593 3730 771 3788 binae
825 3729 1060 3788 Mentes
1100 3730 1259 3805 apud
1285 3729 1617 3802 hominem,
1673 3725 2001 3802 spiritualis
2041 3731 2101 3783 et
2143 3730 2327 3781 natu-

217 3825 378 3903 ralis,
418 3830 750 3905 spiritualis
786 3847 954 3888 mens
993 3832 1216 3905 cogitat
1246 3838 1305 3888 et
1347 3830 1607 3904 percipit
1653 3845 1727 3886 ex
1763 3827 1900 3884 luce
1931 3826 2103 3900 coeli,
2148 3833 2329 3882 natu-

218 3924 348 3985 ralis
386 3939 586 3989 autem
623 3947 790 3990 mens
838 3932 1061 4006 cogitat
1111 3938 1171 3988 et
1204 3930 1462 4006 percipit
1517 3946 1590 3986 ex
1626 3928 1763 3987 luce
1799 3926 2033 4000 mundi,
2092 3943 2166 3985 ex
2217 3926 2332 3984 hac

222 4032 304 4082 est
335 4027 555 4089 homini
592 4030 828 4106 lumen,
886 4030 1047 4107 quod
1088 4030 1290 4089 lumen
1339 4029 1616 4089 naturale
1656 4034 1928 4102 vocatur,
1973 4027 2125 4087 haec
2162 4040 2330 4084 mens

224 4131 305 4182 est
353 4146 505 4205 quae
553 4139 802 4191 vocatur
854 4131 1149 4191 naturalis
1187 4131 1397 4203 hom0,
1465 4130 1572 4189 illa
1620 4137 1824 4189 autem
1874 4146 2030 4205 quae
2081 4133 2335 4187 vocatur

223 4227 536 4299 spiritualis
598 4232 805 4309 hom03
888 4234 1026 4308 quia
1078 4248 1246 4291 mens
1301 4231 1595 4290 naturalis
1653 4238 1745 4290 est
1799 4231 1954 4290 infra
2001 4247 2115 4291 seu
2167 4236 2333 4289 extra
