2791 4778
389 379 596 436 CAPUT
646 378 960 438 SEXTUM.
1737 376 1950 437 VERS:
1995 387 2045 439 8-
2203 390 2312 443 309

264 544 420 601 fectus
463 558 684 616 earum3
752 537 911 616 quod
962 538 1221 614 virgines
1284 535 1615 613 significent
1664 535 2007 596 affectiones
2059 538 2202 598 boni
2255 546 2315 599 et

263 645 385 715 veri,
447 641 707 699 videatur
750 659 819 699 n:
890 640 1101 698 2362.
1152 639 1364 698 3963.
1435 640 1642 697 6729.
1701 640 1909 696 6775.
1975 640 2196 716 85685
2255 646 2315 699 et

263 743 388 818 quod
413 743 656 819 juvenes
702 743 836 817 ipsa
870 756 1015 798 vera
1069 746 1127 797 et
1172 737 1653 814 intelligentiam,
1712 756 1781 795 n:
1838 739 2047 797 7668.
2134 738 2315 816 Apud

260 842 459 919 Esajam
510 841 896 920 „Propterea
938 836 1225 899 exulabit
1263 836 1546 916 populus
1596 856 1772 899 meus
1826 837 1897 897 ob
1941 857 2064 899 non
2108 839 2311 899 seien-

261 941 414 1015 tiam,
481 947 537 1003 et
580 940 794 1021 yloria
853 939 990 1021 ejus
1035 938 1316 998 homines
1378 937 1610 1013 fami-3,
1688 944 1748 997 et
1789 934 2135 998 multitudo
2179 938 2314 1021 ejus

258 1042 395 1102 sicca
425 1042 578 1103 siti“
619 1043 704 1101 V:
753 1044 870 1100 13:
928 1039 1218 1098 desolatio
1256 1044 1360 1097 aut
1406 1040 1678 1097 interitus
1710 1038 2039 1098 Ecclesiae
2086 1039 2161 1098 ob
2196 1057 2314 1097 non

258 1146 577 1218 cognitiones
625 1143 764 1201 boni
824 1149 883 1201 et
930 1142 1088 1209 veri,
1157 1138 1525 1215 significatur
1576 1157 1685 1214 per
1737 1138 2004 1197 exulabit
2053 1139 2313 1216 populus

255 1260 392 1301 meus
426 1244 495 1302 ob
528 1261 646 1303 non
682 1244 1009 1317 scientiam3
1048 1240 1331 1298 Divinum
1358 1240 1584 1298 Verum
1611 1238 1772 1315 qnod
1805 1240 1945 1325 [acit
1981 1240 2313 1299 Ecclesiam

254 1343 575 1418 significatur
609 1361 719 1419 per
753 1343 1031 1419 gloriam3
1071 1340 1229 1416 quod
1256 1339 1318 1397 id
1350 1358 1469 1397 non
1504 1342 1613 1412 sit,
1655 1346 1713 1396 et
1751 1339 1885 1397 inde
1922 1357 2039 1399 non
2074 1340 2315 1412 bonum,

255 1443 580 1518 significatur
612 1461 724 1518 per
761 1443 919 1518 quod
954 1443 1143 1518 gloria
1172 1441 1303 1516 ejus
1332 1443 1452 1498 sint
1483 1440 1752 1498 homines
1789 1441 1959 1499 samis
1978 1461 1993 1515 3
2045 1441 2315 1500 homines

250 1542 392 1601 famis
426 1552 556 1602 sunt
585 1545 689 1619 qui
722 1545 780 1600 in
822 1543 985 1600 nulla
1019 1544 1408 1618 perceptione
1446 1541 1583 1598 boni
1622 1547 1680 1598 et
1715 1542 1772 1597 in
1808 1541 1985 1599 nullis
2022 1543 2311 1618 cognitio-

249 1643 391 1702 nibus
423 1647 542 1702 veri
558 1663 574 1718 ;
630 1649 694 1701 et
728 1643 887 1718 quod
928 1642 1063 1700 inde
1113 1658 1231 1699 non
1285 1658 1524 1713 verum,
1588 1640 1954 1716 significatur
1998 1660 2106 1717 per
2158 1640 2313 1717 quod

250 1742 522 1802 multitudo
562 1745 693 1820 ejus
742 1745 818 1800 sit
867 1745 1027 1802 sicca
1062 1743 1191 1812 siti,
1240 1743 1404 1799 sicca
1442 1743 1537 1799 siti
1589 1748 1682 1799 est
1728 1740 1993 1800 defectus
2032 1745 2186 1816 veri,
2244 1758 2313 1800 ac

247 1843 522 1904 multitudo
582 1847 642 1901 in
700 1843 903 1901 Verbo
966 1841 1349 1919 praedicatur
1409 1841 1481 1899 de
1536 1843 1713 1899 veris.
1803 1842 1984 1918 Apud
2042 1842 2311 1901 Eundem

250 1940 548 2020 „Populus
597 1943 822 2003 Deum
872 1961 1061 2002 suum
1113 1945 1394 2019 quaeret,
1477 1938 1673 2020 leyem
1732 1949 1792 2001 et
1841 1941 2271 2005 testimonium
2286 1962 2312 2014 ;

244 2060 368 2100 nam
411 2043 707 2104 transibit
747 2062 899 2102 ‘eam
937 2038 1288 2121 perplexus
1343 2048 1404 2104 et
1446 2037 1834 2121 famelieus;
1890 2042 2124 2121 fietque
2175 2061 2316 2104 cum

246 2144 567 2220 esuriverit,
648 2142 1129 2222 indiynabitur‚
1206 2147 1265 2201 et
1313 2139 1645 2200 maledicet
1699 2140 1840 2220 reyi
1894 2160 2008 2200 suo
2060 2149 2121 2202 et
2179 2141 2315 2202 diis

246 2242 364 2300 ouis
380 2288 395 2317 ,
438 2251 492 2305 et
524 2242 832 2322 suspiciet
876 2262 1135 2302 sursum
1148 2261 1175 2312 ;
1218 2241 1309 2302 ad
1343 2248 1577 2302 terram
1608 2240 1802 2300 etiam
1840 2240 2160 2318 spectabit,
2204 2242 2317 2301 sed

246 2358 354 2401 ecce
388 2344 686 2424 anqustia
729 2351 790 2405 et
830 2340 1086 2421 ealiqo“
1139 2341 1318 2401 VIII:
1364 2345 1472 2401 19.
1518 2343 1627 2401 20.
1668 2345 1780 2402 21.
1825 2345 1949 2417 225
2004 2343 2200 2418 agitur
2233 2341 2316 2400 ibi

251 2440 315 2498 de
344 2444 447 2501 illis
480 2450 573 2519 qui
609 2449 673 2504 in
710 2445 877 2503 falsis
915 2451 1055 2502 sunt
1091 2461 1163 2502 ex
1203 2442 1439 2501 defectu
1478 2444 1879 2519 cognitionum
1905 2445 2035 2500 veri
2071 2448 2130 2501 et
2154 2421 2312 2515 boni,

253 2545 307 2598 et
337 2540 400 2599 de
431 2545 817 2622 indignatione
856 2562 1058 2603 eorum
1097 2551 1449 2619 propterea3
1507 2544 1776 2603 desectus
1819 2542 2172 2608 describitur
2206 2560 2317 2618 per

247 2641 386 2715 qnod
430 2648 712 2722 suspiciet
760 2662 1023 2717 sursunt,
1091 2652 1150 2701 et
1198 2644 1273 2701 ad
1321 2652 1555 2725 terram.
1590 2645 1766 2704 etiam
1820 2642 2149 2719 spectabit,
2209 2642 2317 2700 sed

242 2757 363 2801 ecce
396 2750 666 2821 angustia
705 2754 763 2803 et
800 2746 1021 2821 caligo,
1073 2746 1382 2820 suspicere
1419 2761 1654 2802 sursum
1685 2751 1744 2802 et
1773 2751 2046 2820 spectare
2085 2743 2156 2801 ad
2196 2749 2320 2802 ter-

237 2859 346 2899 ram
379 2852 466 2904 est
498 2847 898 2921 undequaque
948 2845 1049 2902 ubi
1099 2844 1253 2902 bona
1298 2852 1357 2901 et
1397 2861 1537 2903 vera
1573 2853 1745 2915 sunt,
1800 2845 1906 2903 sed
1945 2861 2082 2903 ecce
2106 2863 2318 2921 ‘angu-

235 2944 334 2999 stia
366 2953 421 3002 et
461 2947 666 3022 caligo
706 2952 798 3003 est
834 2946 987 3021 quod
1038 2961 1152 3001 non
1200 2944 1304 3002 illa
1343 2944 1566 3002 alicubi
1603 2947 1748 3018 sint,
1804 2946 1910 3004 sed
1948 2963 2110 3003 mera
2146 2946 2318 3017 falsa,

235 3042 401 3118 caligo
456 3053 548 3105 est
600 3046 849 3108 densum
900 3044 1141 3119 falsum3
1198 3044 1524 3119 indignatio
1582 3063 1786 3103 eorum
1837 3053 2161 3122 propterea
2214 3046 2319 3103 de·-

233 3144 486 3205 scribitur
537 3164 650 3222 per
701 3144 802 3202 fiet
856 3162 987 3201 cum
1040 3145 1355 3202 esuriverit
1406 3127 1836 3220 indignabitur,
1902 3155 1962 3204 et
2007 3146 2323 3204 maledicet

232 3246 341 3316 regi
378 3262 484 3304 suo
525 3255 586 3303 et
626 3246 735 3303 diis
772 3247 925 3317 sui5‚
985 3244 1211 3302 esurire
1250 3250 1343 3302 est
1377 3244 1534 3303 velle
1573 3249 1760 3315 scire,
1813 3264 1919 3303 rex
1957 3254 2049 3305 est
2083 3245 2317 3316 falsum,

232 3339 298 3399 dii
344 3353 478 3403 sunt
528 3346 688 3403 falsa
735 3344 930 3402 cultus
985 3343 1153 3416 inde,
1211 3352 1271 3401 et
1307 3344 1666 3404 maledicere
1728 3353 1821 3403 est
1859 3347 2167 3403 detestari.
2252 3342 2323 3400 In

234 3437 462 3502 Threnis
517 3440 754 3517 „Tolle
798 3428 888 3502 ad
922 3440 1285 3502 Dominum
1329 3462 1560 3504 manus
1611 3449 1759 3504 tuas
1807 3462 1996 3523 super
2039 3442 2325 3502 animam

227 3537 535 3620 infantum
590 3549 876 3614 tuorum,
953 3542 1065 3620 qui
1119 3541 1472 3621 defecerunt
1528 3563 1648 3623 per
1695 3542 1942 3621 famem
1992 3543 2063 3601 in
2122 3540 2327 3618 eapite

228 3643 486 3703 omnium
520 3641 937 3723 platearum“
990 3642 1084 3700 H:
1142 3645 1261 3719 193
1315 3643 1661 3702 lamentatio
1706 3659 1889 3716 super
1933 3641 2051 3698 illis
2090 3642 2193 3716 qui
2226 3643 2321 3696 in-

227 3745 476 3802 struendi
511 3752 654 3801 sunt
691 3746 752 3801 in
788 3742 1221 3818 cognitionibus
1258 3743 1398 3801 boni
1436 3750 1495 3802 et
1531 3746 1682 3814 veri,
1723 3760 1832 3817 per
1870 3757 2019 3817 quas
2056 3740 2171 3798 illis
2200 3740 2325 3796 vita

224 3843 567 3917 spiritualiS,
609 3843 967 3901 describitur
1005 3859 1114 3917 per
1153 3843 1295 3901 tolle
1327 3842 1405 3899 ad
1438 3843 1756 3900 Dominum
1796 3859 2005 3899 manus
2043 3848 2176 3898 tuas
2215 3856 2323 3898 su-

223 3955 321 4012 per
356 3946 617 4000 animam
665 3944 955 4000 infantum
1002 3951 1232 3999 tuorum
1248 3962 1264 4017 3
1322 3960 1392 4000 ac
1436 3942 1704 4000 desectus
1753 3943 2154 4017 cognitionum
2190 3941 2326 3999 illa-

222 4053 337 4097 rum
374 4041 736 4100 describitur
772 4060 880 4117 per
930 4042 1277 4100 defecerunt
1324 4059 1435 4117 per
1480 4041 1697 4100 famem
1733 4045 1794 4100 in
1830 4043 2027 4116 capite
2068 4042 2328 4100 omnium

219 4137 582 4214 platearum,
637 4144 823 4200 fames
864 4148 956 4200 est
993 4142 1294 4215 defectuS,
1360 4142 1604 4217 plateae
1653 4148 1792 4200 sunt
1829 4160 1970 4199 vera
2007 4142 2331 4210 doctrinae,

223 4234 380 4299 defici
419 4226 727 4318 incapite
780 4241 1015 4300 illarum
1067 4249 1160 4300 est
1214 4240 1373 4317 quod
1423 4259 1539 4298 non
1586 4244 1720 4300 sint.
1808 4242 2039 4302 Ibidem
2102 4239 2334 4314 „Servi
