2791 4778
499 368 606 419 318
943 357 1440 413 APOCALYPSIS
1485 357 1912 414 EXPLICATA.
1971 357 2017 423 §.
2060 366 2187 418 388.

494 517 740 576 clesiam
788 513 951 590 apud
999 514 1327 591 hominem,
1400 523 1460 575 et
1505 533 1615 591 per
1668 522 1890 573 terram
1933 514 2234 589 Ecclesia,
2312 515 2436 574 ideo
2476 533 2568 593 per

495 619 653 675 feras
693 622 908 673 terrae¹
933 614 1348 690 significantur
1390 616 1549 674 mala
1584 617 1746 674 vitae
1798 632 1954 691 quae
2000 620 2241 673 vastant
2273 614 2565 675 Ecclesiam

497 716 657 792 apud
718 715 1051 774 hominem:
1116 715 1329 774 dicitur
1394 716 1673 775 Ecclesia
1735 715 1896 792 apud
1949 717 2275 789 hominem,
2337 718 2570 790 quoniam

497 817 771 875 Ecclesia
808 822 901 874 est
935 816 997 874 in
1031 816 1265 874 homine
1278 836 1293 891 ;
1349 816 1626 875 Ecclesia
1669 819 1824 875 enim
1865 823 1958 875 est
1993 815 2271 874 Ecclesia
2306 832 2375 874 ex
2407 816 2566 875 chari-

496 924 621 975 tate
660 921 720 975 et
753 915 899 990 fide,
956 923 1017 974 et
1050 914 1164 974 liae
1202 923 1342 974 sunt
1376 919 1437 974 in
1472 917 1739 991 homine,
1799 924 1858 976 et
1896 921 1947 975 si
1999 935 2120 975 non
2167 916 2251 974 ibi
2282 923 2432 989 sunt,
2478 931 2571 973 non

500 1023 593 1077 est
627 1016 906 1075 Ecclesia
941 1015 1104 1092 apud
1136 1016 1330 1076 illum:
1389 1017 1651 1076 creditur
1687 1017 1847 1099 quod
1881 1017 2166 1077 Ecclesia
2213 1018 2290 1074 sit
2322 1015 2417 1074 ubi
2446 1014 2570 1074 Ver-

299 1127 461 1187 [555]
501 1118 676 1192 bum,
736 1122 796 1175 et
831 1116 934 1174 ubi
973 1116 1268 1176 Dominus
1308 1123 1404 1176 est
1436 1124 1643 1190 notuS,
1700 1116 1809 1176 sed
1846 1134 2041 1193 usque
2078 1116 2353 1175 Ecclesia
2383 1119 2572 1174 nonest

497 1219 613 1276 nisi
674 1234 749 1275 ex
808 1216 927 1275 illis
979 1218 1081 1291 qui
1133 1216 1312 1275 corde
1365 1225 1702 1293 agnoscunt
1749 1218 2038 1276 Divinum
2085 1218 2356 1288 Domini,
2404 1222 2454 1274 et
2492 1215 2571 1289 qui

497 1319 731 1376 discunt
765 1333 911 1377 vera
959 1334 996 1373 a
1042 1317 1299 1375 Domino
1344 1335 1456 1393 per
1505 1318 1806 1394 Verbum,
1864 1324 1926 1378 et
1960 1319 2194 1378 faciunt
2227 1317 2353 1390 illa,
2403 1315 2572 1389 reliqui

496 1435 612 1479 non
640 1419 1007 1477 constituunt
1031 1417 1385 1476 Ecclesiam.
1455 1418 1630 1494 Quod
1666 1436 1776 1494 per
1811 1419 1971 1477 feras
2011 1426 2216 1478 terrae
2251 1417 2343 1477 hic
2374 1419 2430 1474 in
2458 1430 2566 1490 spc-

495 1520 584 1577 cie
622 1518 1028 1594 significentur
1065 1517 1226 1575 mala
1270 1521 1467 1593 vitae,
1525 1525 1804 1577 constare
1853 1526 2063 1595 potest
2115 1537 2193 1578 ex
2238 1519 2385 1577 serie
2414 1529 2568 1574 rerum

495 1620 558 1676 in
608 1635 792 1677 sensu
837 1619 1068 1675 interno
1084 1637 1099 1692 3
1156 1618 1371 1676 dicitur
1420 1619 1579 1694 quod
1638 1619 1778 1681 data
1821 1623 1898 1679 sit
1942 1621 2065 1679 illis
2119 1625 2384 1696 potestas
2423 1619 2566 1674 inter-

497 1717 734 1777 ficiendi
769 1734 954 1793 super
990 1726 1263 1793 quartam
1299 1725 1534 1794 partem
1571 1726 1767 1779 terrae
1810 1721 2041 1796 gladio,
2098 1711 2288 1790 same,
2339 1721 2499 1775 morte
2527 1716 2570 1769 et

497 1819 640 1876 feris
678 1824 893 1890 terrae,
931 1835 1042 1894 per
1078 1818 1337 1895 gladium
1377 1820 1747 1895 significatur
1782 1821 2002 1879 falsum
2039 1821 2357 1879 destruens
2388 1829 2568 1879 verum,

496 1934 608 1993 per
651 1918 868 1974 famem
905 1917 1240 1992 deprivatio
1279 1922 1678 1996 cognitionum
1728 1924 1858 1980 veri
1898 1928 1959 1979 et
1994 1921 2174 1995 boni,
2231 1937 2338 1998 per
2368 1919 2566 1974 mortem

498 2019 810 2077 exstinctio
858 2020 1017 2077 vitae
1054 2020 1415 2095 spiritualis,
1456 2020 1594 2079 inde
1630 2039 1743 2097 per
1777 2023 1936 2080 feras
1973 2028 2179 2080 terrae
2218 2017 2566 2097 significantur

498 2119 657 2178 mala
689 2120 880 2191 vitae,
921 2122 1199 2194 quoniam
1236 2120 1388 2179 haec
1425 2128 1682 2197 regnant
1712 2122 1949 2197 quando
1985 2124 2116 2180 vita
2155 2118 2565 2199 spiritualisex-

496 2222 713 2280 stincta
750 2226 872 2295 est3
928 2219 1032 2277 ubi
1068 2221 1225 2278 enim
1261 2239 1378 2279 non
1422 2223 1546 2280 vita
1593 2222 1954 2298 spiritualis,
2007 2212 2091 2282 ibi
2141 2228 2235 2281 est
2283 2223 2401 2278 vita
2440 2227 2566 2272 mere

497 2320 818 2395 naturalis,
875 2327 934 2378 et
967 2320 1119 2378 haec
1166 2322 1290 2378 vita
1324 2322 1552 2398 absque
1589 2322 1696 2380 illa
1733 2329 1827 2381 est
1859 2323 2043 2400 plena
2079 2317 2483 2400 cupiditatibus
2512 2328 2567 2369 ex

497 2440 697 2481 amore
752 2424 846 2480 sui
892 2428 952 2480 et
998 2422 1229 2496 mundi,
1278 2424 1365 2479 ita
1401 2424 1741 2493 infernalis,
1797 2442 1982 2500 quare
2027 2424 2136 2483 illa
2174 2426 2297 2482 vita
2332 2426 2415 2481 est
2447 2428 2565 2491 quae

494 2524 851 2598 intelligitur
911 2540 1020 2598 per
1081 2522 1269 2581 seram
1321 2523 1559 2584 malam.
1657 2524 1835 2599 Quod
1889 2542 2066 2601 porro
2134 2525 2319 2582 vitam
2374 2517 2564 2579 malam,

498 2641 653 2701 quae
702 2623 1069 2700 significatur
1103 2640 1213 2700 per
1247 2624 1437 2681 feram
1475 2624 1725 2699 malam,
1781 2627 2023 2700 attinet,
2077 2626 2188 2684 illa
2224 2638 2406 2700 aeque
2430 2617 2566 2675 datur

497 2723 659 2801 apud
700 2741 803 2781 eos
848 2726 948 2799 qui
982 2723 1267 2783 moralem
1315 2725 1498 2782 vitam
1549 2731 1734 2801 agunt
1780 2726 2025 2797 bonam,
2079 2729 2134 2784 si
2180 2743 2297 2784 non
2340 2721 2445 2781 illis
2475 2715 2565 2772 vita

496 2822 821 2900 spiritualis
853 2826 960 2894 sit,
1013 2842 1150 2882 nam
1187 2824 1275 2883 illi
1307 2824 1528 2886 bonum
1566 2832 1781 2901 agunt,
1822 2833 1882 2885 et
1918 2844 2124 2886 verum
2163 2828 2483 2903 loquuntur,
2512 2826 2563 2872 ³0

496 2924 897 2982 sinceritatem
935 2930 995 2981 et
1021 2924 1321 3000 justitiam
1363 2932 1677 2994 exercent,
1731 2926 1841 2986 sed
1881 2927 2054 2986 modo
2089 2934 2340 3004 propter
2370 2922 2561 2985 famam,

492 3023 783 3097 honoreS,
839 3021 1010 3081 lucra
1065 3031 1125 3083 et
1167 3024 1368 3101 leges,
1424 3028 1510 3084 ita
1543 3032 1793 3103 propter
1843 3030 2266 3103 apparentiam
2298 3031 2362 3085 ut
2394 3031 2560 3079 aemu-

495 3124 693 3183 lentur
744 3124 1121 3199 spirituales,
1175 3127 1335 3185 intus
1392 3133 1590 3184 autem
1643 3127 1791 3186 nihil
1843 3127 1984 3186 boni
2037 3127 2277 3196 volunt,
2326 3138 2427 3182 nec
2466 3112 2560 3173 veri

495 3226 776 3300 cogitant,
813 3230 873 3282 et
900 3225 976 3283 ad
1004 3227 1410 3286 sinceritatem
1447 3233 1507 3285 et
1533 3228 1832 3303 justitiam
1870 3230 1982 3286 nisi
2022 3235 2272 3305 propter
2294 3213 2417 3283 illas
2447 3230 2559 3277 cau-

495 3341 596 3384 sas
632 3324 855 3398 rident,
914 3332 1279 3402 quapropter
1315 3329 1478 3385 intus
1517 3334 1657 3385 sunt
1690 3328 2044 3405 infernales3
2082 3327 2198 3387 hoc
2240 3330 2407 3386 etiam
2436 3307 2558 3393 apud

492 3426 628 3485 illos
668 3427 1085 3485 manifestatur
1123 3426 1359 3502 quando
1399 3426 1548 3485 fiunt
1584 3429 1864 3504 spiritus,
1922 3427 2080 3504 quod
2130 3428 2197 3487 fit
2243 3426 2427 3487 statim
2445 3413 2558 3493 post

492 3535 780 3599 mortem,
817 3534 956 3585 tunc
995 3544 1129 3586 cum
1165 3527 1407 3588 vincula
1440 3527 1547 3585 illa
1584 3535 1862 3600 externa,
1900 3547 2053 3605 quae
2090 3532 2408 3588 memorata
2435 3515 2553 3581 sunt,

493 3629 612 3688 illis
660 3629 1043 3701 auferuntur,
1096 3634 1278 3686 ruunt
1320 3627 1549 3704 absque
1587 3629 1792 3687 fraeno
1828 3632 1888 3688 in
1932 3629 2090 3687 mala
2127 3631 2314 3692 omnis
2347 3614 2553 3701 generis,

494 3730 670 3788 aliter
704 3746 848 3787 vero
884 3729 973 3786 illi
1009 3731 1108 3803 qui
1153 3728 1440 3788 moralem
1479 3730 1662 3787 vitam
1708 3730 1926 3789 bonam
1977 3735 2229 3806 egerunt
2273 3746 2343 3786 ex
2375 3715 2553 3793 origiffl’

494 3828 821 3904 spirituali3
877 3828 985 3887 sed
1021 3828 1095 3888 de
1128 3829 1243 3887 hac
1280 3847 1344 3889 re
1379 3829 1558 3905 plura
1602 3830 1914 3889 videantur
1953 3831 2012 3888 in
2050 3829 2252 3908 Opere
2289 3828 2359 3885 de
2393 3820 2551 3880 C0131·⁰

491 3945 571 3985 Εἰ·
621 3925 901 3985 Imvmmo
961 3945 1029 3985 n:
1084 3931 1247 3988 484.
1311 3930 1470 3988 529.
1531 3930 1690 3989 530.
1749 3932 1908 3990 531.
1952 3932 2121 3998 534;
2181 3948 2250 3990 ac
2307 3935 2468 4000 supra
2498 3926 2547 3968 ¹¹²

433 4090 437 4098 v
499 4029 673 4086 182:
744 4026 896 4086 haee
938 4027 1099 4086 dicta
1134 4033 1273 4084 sunt
1307 4033 1373 4085 ut
1409 4030 1636 4089 sciatur
1685 4030 1824 4107 quid
1862 4030 2215 4107 intelligitur
2246 4045 2350 4107 per
2380 4015 2554 4080 malam

489 4125 692 4197 vitam,
733 4124 890 4198 quod
925 4142 1138 4197 nempe
1172 4140 1288 4181 non
1327 4132 1574 4184 externa
1602 4132 1742 4204 vita,
1775 4149 1930 4207 quae
1967 4138 2061 4190 est
2099 4129 2356 4207 corporis
2389 4127 2440 4181 et
2467 4123 2550 4192 1³¹⁰

493 4219 712 4275 mundo
750 4220 852 4277 ubi
886 4220 1184 4293 homineS,
1242 4225 1342 4296 qui
1391 4226 1643 4283 mundus
1692 4231 1982 4289 naturalis
2027 4237 2309 4297 vocatur,
2353 4220 2444 4284 sed
2483 4217 2553 4272 1¹¹·
