2791 4778
440 337 565 426 ω’
867 358 1360 416 APocArLPsls
1402 358 1836 417 ExrchTA.
1909 360 1956 427 ς.
1998 363 2129 428 411.

436 524 574 583 illos
614 524 716 599 qui
752 538 826 580 ex
851 504 1098 598 propria
1134 519 1531 596 intelligentia
1563 505 1894 578 in‘Divinis
1934 519 2183 578 credunt
2210 535 2278 577 se
2315 534 2551 596 sapere,

441 625 543 700 qui
577 628 717 681 sunt
752 624 855 698 qui
892 623 955 680 in
991 637 1192 680 amore
1238 623 1336 679 sui
1385 625 1447 679 et
1479 620 1685 678 mundi
1736 625 1904 690 sunt,
1960 627 2020 677 et
2060 618 2416 678 eruditionis
2461 620 2554 677 fa-

438 740 595 782 mam
631 727 880 799 propter
915 738 981 780 se
1020 721 1289 779 ambiunt
1301 740 1318 796 3
1371 721 1435 779 hi
1470 723 1613 797 quia
1655 736 1773 778 non
1830 736 1977 779 vera
2026 726 2287 796 possunt
2333 720 2550 793 videre,

440 825 735 899 arripiunt
782 822 936 882 falsa
981 828 1042 880 et
1085 839 1194 898 pro
1230 824 1391 896 veris
1426 821 1764 897 venditant3
1819 819 1977 879 salsa
2017 821 2285 879 faventia
2328 822 2545 896 princi·

438 926 555 1002 piis
606 941 810 983 eorum
849 929 909 980 et
942 921 1241 981 amoribus
1274 938 1483 980 eorum
1516 921 1928 998 significantur
1973 938 2085 997 per
2122 920 2544 995 idolaargenti

444 1030 505 1085 et
538 1041 648 1101 per
682 1023 844 1082 idola
880 1023 1010 1081 auri
1023 1042 1039 1098 3
1096 1021 1257 1099 quod
1303 1039 1378 1080 ex
1422 1024 1667 1098 propria
1713 1020 2139 1097 intelligentia,
2192 1019 2542 1095 significatur

441 1143 552 1204 per
595 1140 748 1199 quae
801 1123 1072 1182 fecerunt
1119 1121 1291 1180 vobis
1342 1139 1552 1180 manus
1600 1129 1874 1195 vestrae3
1949 1122 2109 1197 quod
2155 1122 2396 1197 perituri
2438 1136 2543 1195 per

443 1232 679 1285 suamet
711 1223 890 1298 falsa,
944 1222 1315 1300 significatur
1349 1241 1461 1300 per
1512 1228 1652 1282 tunc
1700 1212 1875 1281 cadet
1911 1221 2151 1280 Aschur
2191 1220 2391 1297 gladio
2436 1236 2553 1278 nou

442 1327 584 1399 viri,
642 1331 702 1383 et
728 1324 963 1402 gladius
1000 1342 1117 1384 non
1148 1323 1402 1382 hominis
1441 1323 1711 1381 comedet
1746 1340 1909 1395 eum,
1966 1323 2202 1380 Aschur
2239 1328 2333 1379 est
2365 1323 2552 1379 ratio-

443 1425 580 1485 nale
616 1441 995 1501 perversum,
1055 1431 1114 1483 et
1147 1423 1285 1482 inde
1321 1424 1409 1482 illi
1450 1425 1547 1498 qui
1582 1426 1650 1502 in⁸
1683 1422 1853 1481 salsis
1898 1428 2038 1480 sunt
2075 1440 2146 1480 ex
2184 1424 2434 1499 propria
2467 1423 2555 1478 in-

440 1524 799 1601 telligentia,
855 1525 1071 1583 cadere
1109 1531 1169 1583 et
1203 1524 1438 1583 comedi
1485 1523 1685 1600 gladio
1735 1529 1828 1581 est
1871 1524 2098 1599 perire,
2154 1522 2271 1581 hoc
2317 1537 2555 1597 quoque

441 1631 960 1701 repraesentatum
1014 1630 1106 1682 est
1167 1641 1278 1699 per
1326 1623 1553 1699 Regem
1606 1622 1896 1683 Aschuris
1953 1622 2113 1698 quod
2167 1641 2204 1680 a
2250 1621 2392 1680 filiis
2433 1611 2556 1680 suis

443 1726 677 1786 occisus
725 1725 931 1797 suerit,
987 1724 1161 1800 Esaj:
1213 1723 1560 1782 XXXVII:
1607 1726 1731 1799 383
1785 1722 1891 1781 filii
1926 1724 2057 1799 ejus
2095 1723 2177 1780 ibi
2221 1722 2556 1799 significant

442 1831 678 1884 suamet
723 1824 887 1883 falsa'
926 1840 1037 1899 per
1073 1840 1228 1899 quae
1282 1824 1495 1899 periit3
1550 1831 1726 1900 petra
1771 1825 1902 1900 ejus
1948 1840 2103 1898 quae
2151 1840 2299 1899 prae
2349 1823 2554 1880 formi-

442 1924 580 1983 dine
628 1924 932 1998 transibit,
989 1924 1284 1999 significat
1330 1941 1504 1983 omne
1555 1924 1772 1983 falsum
1821 1925 1882 1981 in
1929 1940 2150 1999 genere
2203 1925 2300 1982 cui
2351 1921 2554 1981 confisi

245 2038 403 2101 [666]
444 2031 615 2095 sunt,
669 2042 739 2082 ac
774 2026 1077 2101 principes
1116 2026 1216 2101 qui
1252 2023 1788 2084 consternabuntur
1833 2041 1871 2080 a
1915 2024 2168 2096 vexil10,
2225 2022 2558 2100 significant

445 2128 735 2204 primaria
770 2124 943 2197 falsa;
973 2143 1009 2183 a
1035 2125 1253 2184 vexillo
1282 2124 1515 2199 dicitur,
1556 2127 1695 2200 quia
1719 2142 1837 2183 non
1861 2142 1973 2200 per
2000 2125 2262 2199 aliquam
2294 2139 2552 2200 pugnam

449 2244 583 2286 cum
619 2229 780 2285 veris
830 2227 1228 2303 dissipantur,
1283 2225 1392 2285 sed
1432 2227 1626 2285 solum
1675 2243 1784 2301 per
1828 2228 2064 2301 signum
2116 2241 2355 2301 pugnae
2398 2221 2555 2298 quod

450 2334 543 2388 est
588 2327 874 2386 vexillum
888 2347 903 2403 3
971 2326 1127 2386 tales
1180 2328 1357 2385 etiam
1419 2327 1561 2384 mihi
1615 2327 1731 2384 visi
1784 2333 1925 2386 sunt
1983 2325 2203 2403 dejecti
2265 2343 2296 2382 e
2349 2326 2555 2401 petriS,

445 2445 630 2505 super
664 2427 881 2504 quibus
919 2434 1117 2499 erant,
1167 2446 1276 2504 per
1313 2427 1599 2489 vexillum
1635 2429 2080 2487 circumactum.
2159 2420 2335 2504 Apud
2373 2425 2554 2484 Jere·

443 2531 624 2588 miam
688 2526 909 2604 „Prae
966 2546 1108 2588 voce
1157 2527 1389 2607 equitis·
1448 2534 1507 2587 et
1565 2527 2064 2606 sayz‘ttariorum
2096 2527 2367 2608 fugiens
2421 2529 2556 2585 tota

444 2629 596 2691 urbs
608 2649 637 2701 ;
690 2629 1021 2691 intrarunt
1052 2630 1242 2690 nubes
1277 2634 1337 2688 et
1373 2627 1445 2687 in
1471 2633 1697 2707 petras
1731 2628 2147 2689 ascenderunt
2163 2649 2190 2699 ,⁰
2238 2633 2374 2688 tota
2407 2626 2557 2686 urbs

445 2728 724 2804 deserta,
778 2748 968 2809 neque
1000 2728 1298 2790 habitam
1340 2729 1413 2791 in
1463 2747 1539 2788 ea
1571 2727 1718 2789 vir“
1762 2729 1884 2788 IV:
1928 2732 2049 2805 293
2104 2747 2213 2805 per
2256 2729 2406 2788 haec
2442 2726 2550 2785 de·

445 2828 724 2888 scribitur
761 2830 1049 2889 desolatio
1084 2830 1390 2890 Ecclesiae
1423 2828 1618 2905 quoad
1658 2846 1833 2905 vera3
1874 2829 2164 2888 desolatio
2202 2830 2391 2889 omnis
2427 2828 2552 2885 veri

444 2928 748 2988 doctrinae
783 2948 896 3004 per
931 2931 1087 2988 salsa
1119 2932 1433 2990 ratiocinia
1467 2935 1528 2989 et
1559 2929 1699 2987 inde
1739 2929 1893 2988 falsa
1931 2929 2314 3003 doctrinalia,
2364 2927 2544 3003 signi-

443 3028 655 3087 ficatur
693 3044 805 3103 per
840 3045 987 3104 prae
1024 3046 1174 3088 voce
1213 3033 1431 3103 equitis
1469 3038 1528 3089 et
1564 3032 2006 3106 sagittariorum
2047 3031 2198 3106 sugit
2231 3036 2359 3088 tota
2389 3026 2538 3096 urbS,

443 3146 564 3187 vox
601 3129 816 3203 equitis
854 3127 1149 3203 significat
1182 3128 1336 3186 falsa
1370 3132 1714 3198 ratiocinia,
1770 3146 1886 3188 vox
1922 3132 2369 3206 sagittariorum
2402 3125 2534 3186 falsa

325 3281 336 3293 ,
445 3226 826 3302 doctrinalia,
881 3228 1031 3303 fugit
1071 3235 1198 3287 tota
1231 3228 1374 3288 urbs
1413 3230 1707 3308 significat
1745 3229 2173 3290 desolationem
2206 3232 2396 3289 omnis
2425 3226 2538 3283 veri

445 3328 779 3403 doctrinae,
838 3326 979 3387 urbs
1033 3336 1127 3388 est
1174 3330 1471 3406 doctrina3
1530 3330 1689 3407 quod
1732 3348 1850 3389 non
1903 3338 2271 3407 agnoscatur
2319 3323 2537 3404 aliquod

443 3446 650 3491 verum
693 3429 803 3489 sed
839 3447 1000 3489 mere
1041 3430 1292 3502 falsum,
1347 3432 1716 3507 significatur
1767 3448 1876 3507 per
1919 3433 2215 3490 intrarunt
2260 3431 2445 3489 nubes
2484 3430 2537 3484 et

441 3534 503 3590 in
543 3538 747 3608 petras
784 3531 1210 3606 ascenderunt,
1263 3529 1718 3590 intrarenubes
1768 3531 2064 3607 significat
2115 3533 2176 3588 in
2218 3547 2340 3589 non
2388 3527 2538 3605 agni-

442 3635 661 3690 tionem
713 3635 866 3706 veri,
920 3640 982 3691 et
1027 3632 1353 3692 ascendere
1405 3638 1610 3707 petras
1659 3632 1956 3708 significat
2003 3633 2066 3690 in
2111 3648 2273 3690 mere
2321 3629 2535 3689 falsum.

443 3731 629 3790 Visae
676 3733 852 3790 etiam
890 3733 1034 3791 mihi
1079 3740 1220 3792 sunt
1253 3738 1493 3808 petrae,
1551 3748 1706 3807 quae
1747 3730 2103 3790 constabant
2142 3748 2216 3790 ex
2253 3728 2538 3806 congestis

438 3830 769 3906 lapidibus,
847 3837 907 3889 et
952 3850 1069 3889 non
1118 3850 1193 3891 ex
1238 3833 1536 3908 aliquibus
1591 3834 1815 3907 campis
1866 3830 1967 3890 ubi
2014 3833 2238 3902 vireta,
2295 3839 2362 3889 ut
2416 3825 2543 3885 alibi

440 3944 627 4003 super
666 3931 854 4003 petris
867 3949 885 4003 3
939 3946 1125 4005 super
1159 3930 1275 3988 illis
1317 3939 1489 3990 erant
1523 3933 1767 4008 spiritus
1806 3934 1938 4008 qui,
1995 3931 2133 3989 dum
2179 3932 2448 3989 homines
2489 3928 2544 3983 in

438 4026 659 4083 mundo
696 4028 1001 4095 vixerunt,
1052 4030 1115 4085 in
1165 4027 1281 4085 fide
1323 4038 1608 4105 separata
1652 4048 1690 4088 a
1727 4031 2016 4091 charitate
2064 4032 2337 4105 fuerunt,
2404 4042 2551 4105 quae

439 4120 569 4175 sola
603 4121 750 4178 fides
790 4129 1068 4194 vocatur,
1121 4130 1181 4180 et
1214 4141 1280 4182 se
1317 4129 1378 4184 in
1413 4129 1517 4186 illa
1556 4137 1674 4187 tam
1721 4131 1990 4189 doctrina
2032 4148 2207 4206 quam
2245 4134 2374 4188 vita
2409 4144 2552 4186 con-

438 4212 775 4288 firmarunt3
831 4218 946 4278 hoc
981 4220 1334 4297 intelligitur
1370 4243 1481 4300 per
1523 4229 1858 4289 ariditatem
1896 4236 2140 4306 petrae,
2197 4228 2360 4307 apud
2397 4228 2552 4286 Eze-
