2791 4778
442 329 676 386 CAPUT
718 327 1063 395 QUINTUM.
1871 327 2078 382 VERS=
2122 338 2174 390 8.
2334 344 2405 394 85

263 492 343 554 in
381 496 566 554 tanto
601 490 726 553 erit
736 509 766 563 ;
809 496 871 553 et
895 487 1114 571 facies
1138 482 1312 551 illud
1339 487 1791 569 suffimentum,
1831 492 2222 569 unquentum
2250 509 2409 572 opus
2449 505 2609 572 [³99]

263 590 727 673 unquentarii,
784 586 1085 667 salitum,
1121 607 1394 670 purum,
1451 595 1774 663 sanctum,
1814 595 1875 651 et
1915 587 2143 651 tundee
2182 609 2266 653 eoe
2291 588 2408 654 illo

263 691 586 755 minutim
597 711 628 765 ;
678 697 739 754 et
774 688 964 752 dabis
1001 688 1081 751 de
1123 685 1241 752 illo
1280 695 1428 750 ante
1458 686 1924 750 Testimonium
1974 690 2047 750 in
2081 686 2404 753 Taberna-

263 787 420 856 culo
452 788 806 853 Conventus
818 834 837 866 ‚
889 808 1011 871 quo
1057 788 1421 851 conveniam
1459 795 1519 851 te
1541 788 1632 850 ibi
1642 833 1662 859 ,
1706 795 1998 852 sanctum
2038 797 2404 855 sanctorum

264 894 397 956 erit
439 891 635 954 vobis.
705 890 805 954 Et
859 889 1295 971 suffimentum
1339 888 1516 969 quod
1548 886 1732 970 sacis
1784 888 1857 951 in
1899 885 2212 970 qualitate
2241 892 2398 976 ejus,

261 1012 399 1056 non
422 990 703 1074 facietis
723 990 929 1062 vobis,
968 997 1261 1053 sanctum
1285 989 1409 1051 erit
1435 990 1553 1051 tibi
1577 985 1877 1068 Jeliovae:
1923 990 2026 1053 vir
2049 990 2162 1072 qui
2172 993 2404 1073 fecerit

263 1095 448 1155 sicut
487 1089 664 1155 illud
702 1091 794 1153 ad
815 1089 1197 1172 faciendum
1237 1088 1492 1151 odorem
1516 1109 1612 1168 eo,
1650 1089 2059 1153 exscindetur
2091 1111 2125 1151 e
2135 1091 2402 1174 populis

266 1195 466 1256 suist
511 1192 713 1253 Exod:
757 1191 968 1254 XXX:
1003 1193 1092 1254 34
1123 1190 1203 1250 ad
1234 1193 1354 1266 383
1393 1190 1504 1250 sed
1540 1190 1688 1275 qnid-
1718 1191 1957 1268 singula
1990 1192 2141 1254 haec
2169 1195 2397 1272 signifi-

267 1301 434 1368 cant,
464 1293 743 1354 videatur
769 1296 830 1350 in
857 1293 1135 1351 Aaoams
1158 1289 1580 1351 Coenns'rmus
1610 1310 1647 1350 a
1671 1308 1729 1352 n:
1769 1295 1795 1349 l
1814 1293 2002 1352 0289
2038 1293 2117 1352 ad
2139 1298 2166 1354 1
2184 1297 2272 1357 03
2291 1299 2317 1353 1
2335 1299 2396 1370 Ο,

270 1394 381 1453 ubi
415 1394 526 1452 illa
560 1393 765 1453 ordine
800 1391 1103 1470 exp-licata
1139 1398 1308 1467 sunt3
1362 1392 1460 1450 hic
1497 1397 1726 1450 tantum
1744 1436 1764 1466 ,
1818 1393 1981 1468 quod
2017 1393 2186 1455 Thus
2222 1396 2400 1456 suerit

272 1495 666 1569 primarium,
722 1500 782 1553 et
832 1496 945 1552 tri-a
993 1491 1228 1569 reliqua
1275 1490 1513 1569 adjecta
1566 1491 1763 1552 odoris
1810 1496 2032 1569 gratia,
2090 1512 2274 1571 quare
2324 1495 2399 1556 de

280 1593 497 1653 Thure
531 1592 747 1652 dicit-ur
780 1591 939 1670 quod
974 1599 1202 1651 tantum
1238 1594 1298 1651 in
1334 1597 1500 1651 tanto
1521 1595 1659 1671 perit,
1697 1608 1808 1652 seu
1848 1600 2132 1670 qnantum
2167 1596 2241 1654 ab
2281 1614 2397 1656 uno

274 1699 515 1753 tantum
542 1693 617 1752 ab
645 1693 861 1769 alter03
898 1693 1171 1753 similiter
1199 1699 1263 1750 nt
1289 1709 1426 1751 cum
1454 1693 1588 1753 oleo
1617 1694 1929 1764 unctionis,
1962 1696 2023 1753 in
2050 1713 2169 1778 quo
2183 1695 2400 1756 Oleum

272 1794 477 1854 olivae
528 1800 658 1854 erat
690 1796 1068 1872 primarium,
1126 1799 1187 1853 et
1221 1792 1454 1870 reliqua
1486 1796 1548 1851 in
1583 1792 1683 1852 illo
1736 1794 2156 1871 significantia,
2208 1796 2396 1858 Exod:

265 1894 495 1956 XXX:
541 1896 629 1956 23
670 1894 749 1955 ad
781 1896 894 1955 33:
932 1894 1071 1954 inde
1106 1900 1314 1971 patet,
1364 1912 1474 1953 cur
1501 1893 1670 1954 Thus
1706 1895 1899 1955 simile
1935 1896 2230 1973 significet
2263 1914 2399 1957 cum

270 1994 615 2056 suffimento
647 1998 711 2055 in
746 1997 1111 2073 composito,
1162 2012 1377 2072 nempe
1413 1995 1648 2054 Bonum
1690 1997 2020 2073 spirituale.
2101 1997 2398 2076 Quoniam

270 2097 605 2175 fragrantia
640 2113 798 2174 quae
833 2103 974 2155 sunt
1000 2094 1216 2155 Odoris
1253 2096 1726 2174 correspondent
1764 2099 2031 2158 amoenis
2065 2100 2395 2175 spirituali·

272 2196 386 2257 bus
425 2214 538 2258 seu
574 2199 841 2257 amoenis
880 2195 1142 2255 oriundis
1181 2213 1256 2255 ex
1289 2196 1463 2255 Bono
1494 2196 1824 2273 spirituali,
1856 2198 1993 2258 ideo
2020 2216 2258 2276 quoque
2292 2218 2393 2260 re-

273 2300 471 2375 ceptio
501 2300 841 2375 gratissima
870 2314 907 2354 a
935 2296 1191 2356 Domino
1220 2303 1472 2356 vocatur
1484 2296 1648 2359 Odor
1676 2298 1914 2373 quietis,
1940 2299 2130 2359 Exod:
2155 2298 2395 2359 XXIX:

285 2400 397 2457 18.
442 2401 556 2460 25.
598 2403 712 2459 41.
766 2396 1179 2475 Lev1t2129.
1228 2400 1494 2458 13.17.
1549 2397 1705 2475 Cap:
1743 2397 1836 2457 11:
1880 2403 1940 2457 2.
1984 2401 2189 2459 9.12.
2245 2398 2394 2478 Cap:

278 2496 405 2556 III:
445 2501 504 2558 5.
548 2497 708 2575 Cap:
738 2497 846 2558 IV:
880 2501 993 2559 31.
1051 2496 1217 2575 Cap:
1256 2498 1377 2557 VI:
1413 2500 1475 2557 8.
1514 2501 1624 2569 14.
1681 2497 1838 2575 Cap:
1870 2497 2040 2559 VIII:
2072 2501 2185 2559 28.
2238 2497 2393 2578 Cap:

287 2595 523 2656 XXIII:
557 2601 615 2659 8.
650 2601 761 2659 13.
798 2600 909 2658 18.
959 2598 1204 2659 Numer:
1238 2593 1702 2677 capzxxvm:
1738 2600 1797 2657 6.
1832 2601 1892 2659 8.
1927 2600 2035 2660 13.
2075 2597 2223 2678 Gap:
2250 2600 2394 2661 XV:

292 2698 354 2755 3.
423 2695 568 2774 Cap:
597 2698 839 2759 XXIX:
889 2702 948 2756 2.
985 2703 1045 2759 6.
1082 2703 1141 2760 8.
1182 2702 1290 2759 13.
1328 2702 1448 2760 36:
1500 2705 1560 2759 et
1599 2697 1762 2777 apud
1800 2698 2180 2761 Ezechielem
2219 2698 2396 2777 „Per

283 2793 554 2858 Odorem
586 2798 817 2878 quietis
826 2794 1138 2878 placabor
1180 2799 1400 2860 vobis“
1445 2799 1590 2860 XX:
1636 2804 1762 2861 41:
1799 2800 1962 2878 apud
2005 2801 2216 2861 Mosen
2273 2801 2396 2878 „Si

272 2915 397 2958 non
419 2895 897 2961 ambulaveritis
929 2899 1002 2961 in
1016 2901 1375 2980 praeceptis
1402 2899 1592 2976 meis,
1639 2899 1752 2962 sed
1773 2899 2023 2963 iveritis
2049 2900 2300 2964 Mecum
2324 2902 2395 2963 in

270 2995 643 3076 adversum,
697 3019 826 3061 non
878 2990 1188 3061 odorabor
1223 3000 1478 3064 odorem
1523 3001 1756 3080 quietis
1791 3007 2069 3065 vestrum
2090 3005 2127 3036 “
2180 3003 2391 3063 Levit:

272 3095 518 3161 XXVI:
566 3102 692 3162 31:
750 3107 811 3159 ot
858 3099 1021 3178 apud
1057 3101 1397 3161 Hoscheam
1460 3098 1713 3177 „Ibant
1746 3104 1922 3165 rami
1953 3102 2123 3187 ejus,
2178 3109 2240 3166 et
2274 3105 2396 3166 erit

272 3196 438 3260 sicut
487 3200 690 3262 honor
736 3197 970 3277 olivae,
1042 3206 1102 3261 et
1148 3198 1323 3263 Odor
1363 3198 1472 3263 illi
1525 3201 1694 3264 sicut
1731 3201 1974 3266 Libani
1992 3207 2030 3239 ‘⁶‘
2093 3203 2267 3264 XIV:
2330 3212 2387 3279 ’ῖς

271 3295 418 3358 haec
463 3302 541 3362 de
577 3301 838 3375 Israe‘le,
894 3301 1084 3361 honor
1134 3303 1327 3362 olivae
1375 3303 1670 3380 significat
1715 3304 1934 3364 bonum
1984 3305 2274 3379 coeleste,
2331 3314 2393 3364 et

273 3396 416 3458 odor
449 3400 670 3461 Libani
703 3401 924 3461 bonum
960 3402 1298 3479 spirituale,
1341 3421 1417 3461 ex
1451 3403 1837 3480 gratitudine:
1877 3403 2036 3480 quod
2069 3405 2259 3462 honor
2293 3404 2388 3462 di-

278 3505 440 3558 catur
499 3502 581 3561 de
616 3502 772 3560 bono
809 3501 1089 3573 coelesti,
1151 3502 1428 3561 videatur
1472 3519 1660 3580 supra
1704 3522 1774 3563 n:
1817 3505 1989 3563 288:
2045 3502 2204 3579 qnod
2233 3486 2392 3562 'olea

281 3598 450 3658 etiam
481 3602 547 3660 id
583 3601 809 3661 bonum
847 3602 1167 3679 significet,
1205 3604 1267 3660 in
1290 3603 1568 3664 Anemo
1601 3601 2036 3679 Connus-rmus,
2073 3621 2131 3662 n:
2176 3605 2388 3662 9277.

294 3694 556 3771 102614:
630 3702 789 3778 quod
844 3701 991 3761 odor
1050 3702 1343 3779 significet
1391 3705 1805 3779 perceptivum
1863 3706 2018 3779 grati
2062 3703 2392 3776 secundum

285 3794 454 3864 quale
487 3804 705 3860 amoris
757 3810 820 3861 et
853 3800 1021 3876 fidei,
1078 3805 1381 3862 11:1514
1437 3803 1514 3861 ad
1556 3805 1768 3862 1519.
1827 3805 2037 3864 3577.
2081 3808 2272 3864 4624
2314 3805 2393 3863 ad

292 3892 494 3957 4634.
550 3902 761 3963 4748.
819 3904 1029 3963 5621.
1077 3906 1354 3963 10292ε
1410 3903 1570 3980 quod
1621 3901 1767 3961 odor
1826 3906 2043 3980 quietis
2098 3905 2391 3983 significet

283 4000 684 4073 perceptivnm
716 4005 915 4079 pecie,
954 4021 1018 4061 n:
1059 4005 1219 4063 925.
1271 4006 1407 4063 100
1425 4003 1534 4063 54:
1574 4003 1716 4081 quid
1743 4008 2159 4082 perceptivum
2198 4008 2387 4082 paciS,

288 4090 549 4158 videatur
580 4104 641 4160 in
679 4102 880 4179 Opere
918 4102 992 4162 dc
1032 4101 1238 4162 Coeno
1266 4121 1342 4164 m·
1368 4104 1645 4164 Innnnno
1683 4123 1750 4164 n:
1794 4108 1932 4165 284
1973 4106 2049 4164 ad
2090 4108 2250 4166 290.

433 4198 585 4261 325.
674 4202 845 4279 Quae
898 4210 1035 4264 sunt
1087 4221 1299 4280 preces
1338 4211 1709 4280 sanctorum,
1770 4206 1928 4283 quod
1977 4204 2267 4281 significet
2315 4223 2388 4262 cx
