2791 4778
405 332 514 384 2425
824 319 1312 373 APOCALYPSIS
1362 317 1795 376 EXl’LlCATA.
1880 318 1927 385 §-
1970 326 2100 379 374.

407 497 672 551 omer-ee,
727 478 1071 551 chomeres,
1127 494 1297 551 seas,
1335 477 1541 547 hines,
1593 482 1662 533 ut
1698 474 1862 552 apud
1889 474 2168 549 Hiobum,
2213 474 2360 553 Cap:
2401 475 2506 535 Vl:

410 588 470 642 2.
529 578 687 655 Cap:
724 576 976 638 XXXI:
1023 580 1093 653 63
1149 595 1220 636 ae
1255 578 1547 654 injustitia
1580 593 1691 653 per
1726 575 1913 634 libras
1951 581 2014 634 et
2046 576 2253 635 lances
2300 576 2507 635 fraudis

405 690 465 741 et
503 679 651 754 doli,
707 685 774 737 ut
806 677 1043 737 Hosch:
1086 676 1239 737 XII:
1285 680 1345 736 8.
1401 677 1588 736 Amos
1625 675 1804 735 VIII:
1853 678 1912 735 5.
1967 675 2153 735 Mich:
2193 676 2315 735 VI:
2362 681 2465 735 11.

559 780 719 838 374.
762 775 1236 837 Choenix'tritici
1271 778 1535 847 denarie,
1575 783 1630 836 et
1669 781 1791 835 tres
1822 775 2382 836 choeniceshordei
2413 777 2510 834 de-

402 883 588 951 narie,
632 878 793 956 quod
822 877 1116 956 significet
1153 878 1311 955 quod
1339 879 1662 955 genuinum
1694 877 1920 935 bonum
1952 877 2267 935 Ecclesiae
2302 877 2421 936 illis
2447 877 2517 933 sit

401 982 588 1054 nihili,
629 987 689 1038 et
724 996 962 1055 quoque
997 981 1317 1054 genuinum
1354 995 1567 1037 verum
1601 977 1932 1047 Ecclesiae,
1969 984 2206 1037 constat
2235 995 2311 1036 ex
2340 981 2516 1054 signi-

402 1083 677 1142 ficatione
716 1079 1046 1149 choenici5‚
1104 1096 1257 1155 quae
1304 1079 1415 1136 fuit
1450 1093 1732 1137 mensura
1778 1079 1958 1136 tritici
2009 1085 2067 1135 et
2115 1078 2331 1137 hordei
2367 1078 2518 1155 apud

406 1179 705 1251 Graecos,
761 1178 919 1256 quod
955 1180 1033 1237 sit
1069 1178 1246 1256 quale
1286 1179 1748 1248 aestimationis,
1806 1194 1947 1236 nam
1980 1196 2089 1253 per
2125 1196 2438 1239 mensuras
2464 1181 2518 1236 in

401 1282 636 1351 Verbo,
690 1287 754 1338 ut
790 1282 850 1338 in
885 1282 1183 1355 superiori
1217 1279 1492 1338 Articulo
1529 1278 1752 1337 dietum
1781 1284 1903 1351 est,
1943 1278 2320 1353 significatur
2351 1278 2516 1355 quale

299 1411 305 1417 ·
402 1385 491 1442 rei
540 1379 737 1458 quoad
783 1380 1004 1439 bonum
1055 1388 1116 1439 et
1165 1380 1361 1455 quoad
1417 1396 1659 1453 verum3
1720 1395 1793 1436 ex
1842 1378 2276 1453 significatione
2327 1382 2518 1451 tritici,

404 1482 563 1559 quod
615 1483 692 1539 sit
747 1480 966 1539 bonum
1017 1480 1327 1564 Ecclesiae
1380 1482 1442 1537 in
1491 1496 1744 1554 genere,
1796 1477 1869 1537 de
1917 1496 2037 1554 qua
2088 1482 2396 1554 sequitur3
2452 1497 2516 1539 ex

405 1581 839 1658 significatione
874 1578 1100 1655 hordei,
1142 1580 1300 1656 quod
1337 1582 1419 1638 sit
1452 1597 1664 1638 verum
1689 1578 1851 1637 illius
1879 1579 2039 1651 boni,
2075 1580 2148 1638 de
2180 1597 2305 1654 qua
2346 1584 2515 1639 etiam

403 1685 702 1757 sequitur3
761 1689 820 1739 et
871 1698 943 1738 ex
992 1680 1423 1756 significatione
1466 1680 1725 1752 denarii,
1795 1681 1896 1753 qui
1937 1690 2029 1736 est
2085 1683 2515 1739 aestimationis

399 1782 694 1859 pretium,
751 1780 909 1861 quod
945 1782 1022 1838 sit
1058 1779 1341 1856 tanquam
1375 1780 1570 1853 nihili3
1622 1782 1674 1837 is
1720 1796 1992 1837 nummus
2043 1781 2181 1854 quia
2219 1789 2355 1838 erat
2395 1799 2517 1839 om-

400 1883 565 1942 nium
606 1881 911 1953 minimus,
960 1881 1097 1938 inde
1136 1898 1248 1956 per
1287 1881 1456 1938 illum
1497 1880 1862 1956 significatur
1896 1882 2154 1955 pretium
2192 1883 2520 1949 minimum,

401 1982 500 2041 hic
540 1986 741 2038 autem
779 1985 1060 2056 tanquam
1094 1980 1291 2054 nihili,
1333 1997 1520 2040 causa
1557 1989 1676 2054 est,
1736 1983 1876 2056 quia
1902 1997 2013 2055 per
2040 1980 2279 2055 Equum
2308 1982 2519 2048 rufum,

403 2081 478 2140 de
519 2098 634 2157 quo
680 2098 891 2157 supra,
948 2081 1312 2156 significatur
1354 2081 1698 2139 intellectus
1728 2078 1915 2138 Verbi
1952 2080 2302 2156 deperditus
2334 2080 2523 2157 quoad

400 2181 654 2256 bonum,
712 2187 771 2240 et
817 2198 927 2256 per
976 2181 1211 2256 Equum
1264 2183 1498 2256 nigrum
1549 2180 1891 2239 intellectus
1938 2179 2127 2258 Verbi
2177 2181 2524 2257 deperditus

403 2281 606 2359 quoad
653 2298 896 2353 verum,
953 2298 1139 2357 supra
1192 2299 1267 2338 n:
1337 2283 1476 2341 364
1525 2290 1584 2340 et
1636 2284 1810 2354 372,
1878 2287 1936 2340 et
1996 2297 2129 2339 cum
2182 2281 2525 2340 intellectus

402 2382 595 2444 Verbi
639 2380 837 2460 quoad
888 2380 1106 2440 bonum
1160 2391 1218 2441 et
1279 2382 1479 2458 quoad
1540 2401 1747 2441 verum
1810 2381 2159 2459 deperditus
2211 2388 2331 2456 est,
2390 2389 2523 2441 tunc

403 2486 724 2561 genuinum
785 2482 1003 2541 bonum
1054 2500 1123 2542 ac
1169 2485 1493 2559 genuinum
1544 2501 1751 2540 verum
1801 2482 2114 2541 Ecclesiae
2173 2485 2523 2541 aestimatur

402 2590 688 2659 tanquam
735 2582 926 2658 nihili3
980 2584 1136 2659 quod
1192 2585 1544 2642 aestimetur
1597 2583 1693 2643 hic
1740 2601 1849 2660 pro
1902 2583 2174 2655 denari0,
2217 2590 2339 2640 est
2390 2584 2523 2664 quia

407 2682 624 2758 aliquis
660 2699 935 2741 nummus
975 2684 1370 2743 assumendus
1411 2688 1569 2755 erat,
1627 2689 1691 2741 ut
1738 2683 1962 2758 aliquid
2006 2685 2187 2758 pretii
2226 2682 2523 2742 diceretur

404 2784 467 2839 in
509 2796 692 2838 sensu
730 2781 974 2856 literae,
1032 2788 1168 2859 quia
1208 2784 1423 2842 dicitur
1463 2783 1622 2857 quod
1653 2790 1878 2841 statera
1916 2790 2079 2840 esset
2108 2785 2166 2839 in
2205 2801 2387 2840 manu
2426 2799 2518 2841 se-

404 2880 599 2940 dentis
637 2897 824 2956 super
865 2899 1046 2958 equo,
1102 2874 1360 2961 acquod
1394 2885 1656 2942 triticum
1694 2888 1755 2943 et
1777 2882 2068 2941 hordeum
2099 2900 2518 2942 mensuraren-

403 2987 532 3050 tur,
579 2979 715 3038 ideo
751 2981 803 3038 is
841 2999 1119 3042 nummus
1157 2987 1259 3060 qui
1277 2990 1420 3043 erat
1454 2984 1713 3042 omnium
1748 2985 2051 3052 minimus,
2095 3001 2205 3059 pro
2235 2987 2515 3042 aestima-

406 3080 583 3138 tionis
632 3081 825 3155 pretio
869 3091 1173 3143 assumtus
1224 3091 1344 3153 est,
1408 3092 1468 3142 et
1514 3086 1654 3158 quia
1699 3083 2041 3142 intellectus
2092 3083 2284 3142 Verbi
2332 3082 2519 3160 quoad

404 3181 622 3239 bonum
663 3188 723 3238 et
759 3181 956 3257 quoad
990 3203 1199 3243 verum
1236 3202 1350 3241 non
1389 3184 1648 3260 amplius
1700 3189 1818 3257 est,
1883 3183 2019 3241 ideo
2069 3201 2180 3259 per
2217 3185 2516 3243 denarium

348 3306 357 3309 ·
405 3281 503 3340 hic
538 3281 599 3338 in
636 3296 821 3341 sensu
860 3285 1158 3359 spirituali
1195 3283 1562 3360 significatur
1598 3290 1880 3360 tanquam
1935 3282 2118 3341 nihili.
2203 3284 2384 3358 Quod
2433 3283 2518 3341 di-

405 3388 576 3440 catur
617 3382 867 3442 choenix
906 3385 1083 3443 tritici
1133 3390 1193 3442 et
1227 3391 1349 3442 tres
1395 3383 1709 3443 choenices
1744 3382 1987 3453 hordei,
2035 3390 2128 3442 est
2164 3385 2309 3459 quia
2349 3400 2519 3441 unum

403 3482 789 3561 praedicatur
839 3482 912 3541 de
961 3485 1153 3554 bono,
1223 3500 1292 3541 ac
1337 3486 1449 3540 tria
1503 3483 1575 3542 de
1621 3486 1808 3556 veriS,
1877 3500 1948 3541 ac
1993 3500 2105 3559 per
2154 3501 2342 3542 unum
2394 3499 2519 3542 eum

406 3583 481 3642 de
514 3582 671 3642 bono
708 3583 1076 3659 significatur
1111 3584 1479 3661 perfectum,
1529 3586 1624 3641 ita·
1648 3599 1887 3659 quoque
1924 3585 2274 3659 genuinum,
2334 3590 2396 3644 et
2419 3598 2518 3659 per

402 3685 521 3740 tria
555 3699 690 3743 cum
728 3683 801 3741 de
847 3687 1008 3743 veris
1058 3670 1427 3761 significatur
1463 3684 1733 3758 plenum,
1791 3684 1874 3740 ita
1911 3699 2148 3759 quoque
2185 3686 2516 3759 genuinum,

403 3778 540 3838 inde
585 3789 678 3838 est
713 3782 870 3855 quod
914 3803 1027 3860 per
1063 3785 1312 3843 choenix
1361 3785 1575 3858 tritici,
1648 3789 1709 3842 et
1755 3789 1877 3840 tres
1945 3782 2263 3843 choenices
2320 3782 2516 3843 hordei

404 3877 772 3955 significetur
813 3886 1132 3957 genuinum
1179 3883 1400 3942 bonum
1449 3890 1509 3944 et
1562 3885 1886 3960 genuinum
1937 3899 2145 3941 verum
2196 3884 2510 3942 Ecclesiae.

408 3977 584 4054 Quod
619 3979 878 4038 triticum
913 3980 1211 4057 significet
1242 3982 1497 4058 bonum,
1575 3990 1634 4044 et
1668 3984 1957 4042 hordeum
1997 4000 2200 4042 verum
2242 3984 2395 4060 ejuS‚
2433 3986 2513 4039 est

409 4079 550 4154 quia
574 4078 771 4134 omnia
799 4081 1107 4156 quaeagri
1139 4086 1296 4155 sunt,
1336 4085 1672 4160 significant
1705 4083 1811 4141 illa
1838 4100 1991 4159 quae
2029 4083 2341 4142 Ecclesiae
2369 4086 2510 4146 sunt,

408 4185 469 4238 et
516 4177 619 4236 illa
672 4193 824 4252 quae
877 4182 1003 4256 agri
1049 4187 1216 4249 sunt,
1271 4188 1335 4239 ut
1384 4199 1615 4241 messes
1665 4186 1815 4241 varii
1863 4185 2137 4257 generiS,
2193 4183 2509 4242 inserviunt

2643 427 2673 566 4
