2791 4778
442 403 549 455 102
852 388 1346 446 APOCALYPSIS
1392 388 1826 448 EXPLICATA.
1909 389 1955 458 §.
2001 396 2129 452 349.

436 553 722 624 liberum3
773 551 970 626 ipsum
1003 549 1116 609 hoc
1149 548 1433 608 Liberum
1467 564 1579 607 nec
1616 554 1709 608 est
1741 549 1804 606 in
1841 548 2109 623 homine,
2165 546 2278 607 sed
2312 552 2409 605 est
2437 563 2542 606 una

438 669 577 713 cum
609 651 736 708 vita
772 667 927 725 quae
963 650 1189 726 influit3
1228 649 1303 708 de
1338 648 1559 708 Libero
1594 648 1852 709 hominis
1884 655 1944 708 et
1980 649 2110 725 ejus
2150 648 2411 723 origine,
2457 648 2542 706 vi-

441 753 656 812 deatur
705 751 768 808 in
814 748 1015 828 Opere
1064 749 1139 808 de
1189 748 1392 808 Coeno
1431 767 1508 807 nr
1544 749 1820 808 Inmane
1869 767 1937 808 n:
1981 749 2145 808 293.
2193 749 2355 807 537.
2397 749 2542 808 540.

450 853 611 912 541.
672 851 831 911 546.
902 852 1036 910 589
1090 849 1169 909 ad
1223 851 1382 910 596.
1441 850 1576 908 597
1629 849 1707 907 ad
1761 851 1941 909 603:
2014 854 2074 907 et
2125 850 2187 906 in
2233 846 2548 906 Docrmm

441 952 660 1014 Novar.
697 950 1215 1009 HmnosoLYMAm
1278 948 1379 1008 Illi
1416 951 1519 1025 qui
1553 950 1613 1006 in
1646 948 1886 1008 Inferno
1922 955 2092 1018 sunt,
2148 951 2329 1007 etiam
2356 950 2552 1006 vivunt

440 1071 517 1114 ex
550 1051 777 1110 influxu
811 1052 970 1110 vitae
1022 1067 1061 1108 a
1093 1050 1382 1122 Domine,
1438 1050 1629 1108 influit
1674 1052 1830 1108 enim
1872 1048 2033 1125 apud
2093 1048 2230 1107 illos
2292 1047 2552 1108 similiter

439 1153 661 1212 bonum
699 1158 759 1209 et
791 1168 1027 1223 verum,
1076 1150 1185 1209 sed
1218 1149 1443 1209 bonum
1476 1156 1720 1209 vertunt
1763 1151 1826 1208 in
1858 1149 2082 1208 malum
2134 1166 2206 1207 ac
2255 1165 2468 1207 verum
2497 1149 2552 1207 in

440 1252 689 1326 falsum,
750 1257 810 1310 et
856 1250 970 1310 hoc
1013 1249 1080 1308 fit
1130 1249 1271 1326 quia
1318 1251 1691 1309 inverterunt
1753 1266 1896 1308 suas
1940 1250 2160 1309 formas
2198 1251 2552 1325 recipientes

438 1352 752 1412 interiores
798 1367 911 1427 per
946 1353 1127 1409 vitam
1166 1351 1304 1409 mali
1317 1368 1333 1425 ;
1390 1356 1453 1409 et
1487 1352 1678 1410 omnis
1726 1350 1982 1408 influxus
2022 1351 2291 1411 variatur
2341 1365 2550 1409 secun-

431 1452 584 1511 ·dum
618 1452 870 1526 formas3
925 1449 1201 1510 similiter
1258 1466 1329 1508 ac
1384 1452 1663 1527 cogitatio
1715 1457 1774 1510 et
1808 1450 2087 1508 volunt-as
2122 1449 2384 1508 hominis
2422 1449 2551 1508 dum

439 1558 626 1630 agunt
662 1554 723 1610 in
757 1550 1027 1611 membra
1059 1567 1098 1608 a
1132 1553 1445 1609 nativitate
1483 1557 1784 1624 contorta,
1824 1556 1929 1609 aut
1962 1553 2026 1608 in
2061 1550 2337 1609 sensoria
2363 1549 2551 1625 laesa3

439 1668 512 1713 ac
546 1651 819 1711 similiter
854 1668 924 1711 ac
958 1650 1064 1710 lux
1101 1649 1270 1710 Coeli
1304 1650 1444 1708 dum
1480 1651 1673 1709 influit
1706 1652 1767 1709 in
1806 1650 2077 1728 objecta,
2118 1666 2274 1727 quae
2313 1651 2551 1708 varian-

435 1760 534 1812 tur
568 1750 765 1829 quoad
799 1751 1060 1823 coloreS,
1117 1768 1187 1809 ac
1223 1751 1387 1809 calor
1422 1750 1593 1810 Coeli
1651 1752 1713 1809 in
1764 1751 1975 1810 eadem
2036 1767 2193 1827 quae
2253 1750 2558 1808 variantur

442 1850 638 1929 quoad
667 1849 883 1909 odores
910 1851 1237 1909 secundum
1266 1851 1487 1910 formas
1512 1852 1827 1910 interiores
1857 1853 2237 1927 recipientes:
2266 1856 2333 1908 at
2357 1853 2554 1909 scien-

439 1951 579 2010 dum
614 1955 728 2023 est,
762 1950 920 2027 quod
946 1967 1066 2009 non
1099 1953 1234 2027 ipsa
1259 1953 1384 2010 vita
1421 1958 1684 2010 mutetur
1709 1959 1770 2010 et
1794 1953 2077 2025 varietur,
2116 1951 2227 2010 sed
2261 1950 2427 2028 quod
2453 1968 2559 2028 per

433 2051 598 2111 illam
635 2053 886 2110 sistatur
931 2054 1285 2128 apparentia
1329 2052 1555 2111 formae
1592 2053 1963 2129 recipientis,
2019 2069 2130 2129 per
2182 2068 2365 2127 quam
2429 2056 2556 2111 ete

438 2169 559 2229 qua
601 2153 724 2209 vita
770 2154 1010 2229 transit3
1081 2169 1275 2227 paene
1322 2154 1478 2210 sicut
1539 2155 1791 2229 quisque
1842 2160 2097 2228 apparet
2143 2169 2254 2229 per
2308 2151 2558 2211 eandem

433 2253 628 2313 lucem
664 2254 725 2311 in
750 2252 999 2328 speculo
1020 2252 1231 2328 qualis
1262 2258 1372 2311 est.
1424 2251 1752 2311 Praeterea
1787 2270 1993 2312 omnes
2035 2269 2253 2312 sensus
2278 2251 2554 2326 hominis,

433 2371 650 2432 nempe
684 2354 852 2414 visus
865 2399 883 2429 ‚
924 2353 1196 2423 auditus,
1233 2351 1518 2424 olfactuS,
1556 2359 1769 2429 gustus
1809 2358 1868 2414 et
1894 2359 2092 2413 tactus
2112 2398 2130 2429 ,
2167 2370 2286 2413 non
2323 2359 2468 2412 sunt
2501 2354 2558 2412 in

432 2456 688 2528 homine,
743 2455 854 2515 sed
890 2456 1224 2514 excitantur
1261 2460 1322 2512 et
1354 2453 1767 2529 producuntur
1802 2473 1877 2515 ex
1910 2455 2165 2531 influxu3
2220 2457 2281 2512 in
2318 2453 2554 2513 homine

431 2562 573 2616 sunt
608 2556 783 2615 modo
817 2556 1044 2614 formae
1082 2556 1401 2630 organicae
1441 2572 1599 2631 quae
1641 2562 1782 2613 sunt
1817 2557 2176 2632 recipientes
2188 2575 2205 2631 3
2262 2554 2382 2614 hae
2421 2554 2558 2614 nul-

432 2657 552 2716 lius
588 2672 806 2715 sensus
842 2661 1010 2729 sunt,
1047 2657 1401 2731 priusquam
1438 2655 1839 2731 adaequatum
1877 2655 1950 2714 ab
1989 2662 2160 2714 extra
2193 2655 2422 2730 influit3
2478 2657 2560 2714 si-

438 2755 579 2815 mile
641 2762 736 2815 est
795 2772 931 2814 cum
977 2757 1263 2814 sensoriis
1320 2757 1601 2829 internis,
1669 2773 1825 2832 quae
1884 2764 2025 2815 sunt
2072 2757 2456 2832 cogitationis
2504 2760 2561 2814 et

439 2855 802 2928 affectioniS,
847 2873 1001 2930 quae
1039 2874 1107 2914 ex
1144 2854 1444 2932 spirituali
1474 2855 1697 2914 Mundo
1733 2859 2030 2932 recipiunt
2064 2857 2367 2930 infinitum,
2408 2859 2561 2915 sicut

441 2973 577 3016 cum
612 2958 896 3015 sensoriis
947 2958 1206 3014 externis
1263 2973 1419 3032 quae
1471 2973 1503 3014 e
1540 2956 1796 3014 naturali
1831 2956 2074 3015 Mundo.
2127 2955 2305 3032 Quod
2345 2958 2556 3016 unicus

439 3058 600 3127 vitae
641 3055 772 3114 fons
810 3058 918 3130 sit,
960 3063 1022 3115 et
1055 3057 1246 3115 omnis
1283 3059 1406 3114 vita
1440 3057 1577 3116 inde
1611 3059 1725 3128 sit,
1763 3063 1823 3115 et
1857 3059 2135 3116 continue
2170 3057 2407 3130 influat,
2443 3073 2558 3114 no·-

441 3158 734 3215 tissimum
768 3158 944 3214 estin
974 3155 1175 3230 Coele,
1216 3163 1276 3215 et
1303 3175 1341 3216 a
1368 3156 1530 3216 nullo
1557 3157 1792 3233 Angelo
1826 3160 1887 3215 in
1913 3157 2328 3234 superioribus
2355 3156 2556 3216 Coelis

441 3260 505 3317 in
540 3256 786 3315 dubium
814 3262 1081 3330 vocat-ur,
1119 3260 1463 3334 percipiunt
1489 3258 1641 3316 enirn
1679 3257 1765 3315 illi
1787 3259 1985 3333 ipsum
2018 3257 2323 3316 influxum.
2382 3254 2560 3334 Quod

442 3374 648 3418 omnes
674 3359 836 3416 vitae
873 3359 991 3416 sint
1024 3359 1183 3416 sicut
1215 3359 1327 3416 rivi
1364 3374 1439 3416 ex
1474 3360 1648 3418 unico
1686 3376 1757 3417 ac
1791 3359 2040 3433 perenni
2069 3358 2231 3416 fonte
2259 3358 2448 3431 vitae,
2488 3373 2560 3417 ex

439 3459 599 3538 pluri
636 3460 1009 3534 experientia
1043 3459 1219 3517 etIam
1256 3458 1395 3515 mihi
1424 3464 1708 3516 testatum
1730 3459 1964 3517 *factum
2000 3464 2113 3527 est,
2147 3458 2308 3516 acin
2334 3457 2560 3515 Mundo

439 3560 738 3638 spirituali
770 3562 966 3617 visum
1003 3556 1167 3634 apud
1198 3558 1331 3617 illos
1370 3560 1471 3636 qui
1500 3558 1888 3631 crediderunt
1911 3575 1980 3617 se
2004 3559 2212 3616 vivere
2250 3574 2327 3616 ex
2360 3573 2454 3633 se,
2492 3571 2563 3616 ac

441 3678 561 3719 non
594 3660 918 3741 voluerunt
954 3659 1198 3718 credere
1237 3659 1398 3735 quod
1426 3677 1462 3717 a
1488 3659 1763 3729 Domino,
1798 3659 1917 3733 illi,
1977 3676 2158 3734 quum
2207 3661 2294 3717 eis
2345 3657 2559 3718 adem-

440 3768 583 3838 ptus
622 3765 715 3818 est
749 3760 945 3836 quoad
979 3759 1239 3835 aliquam
1278 3767 1509 3835 partem
1553 3761 1811 3818 influxus
1860 3761 1917 3817 in
1955 3760 2412 3835 cogitationem,
2460 3758 2561 3836 ja-

444 3865 696 3919 cuerunt
742 3860 897 3917 sicut
945 3861 1229 3933 exanimi,
1283 3865 1342 3919 et
1387 3877 1524 3918 mox
1573 3860 1899 3919 accedente
1945 3860 2206 3931 influxu,
2262 3860 2446 3935 quasi
2491 3875 2562 3918 ex

442 3963 634 4018 morte
677 3960 1053 4034 revixerunt,
1094 3975 1163 4018 ac
1197 3959 1377 4018 iidem
1417 3960 1554 4020 dein
1577 3960 1840 4019 confessi
1875 3966 2041 4034 sunt,
2081 3959 2242 4036 quod
2276 3962 2408 4017 vita
2446 3975 2563 4017 non

443 4059 525 4118 sit
555 4056 794 4116 illorum
827 4059 886 4117 in
920 4059 1067 4135 illis,
1123 4060 1233 4118 sed
1265 4061 1473 4119 influat
1506 4062 1784 4120 continue
1818 4061 1880 4119 in
1914 4059 2080 4134 inea,
2137 4065 2199 4118 et
2245 4058 2413 4136 quod
2447 4059 2560 4117 ho-

445 4160 660 4234 mines,
715 4160 964 4236 spiritus
1003 4166 1063 4218 et
1097 4160 1313 4237 Angeli
1347 4164 1467 4219 sint
1499 4159 1676 4219 modo
1711 4161 1939 4220 formae
1975 4161 2337 4236 recipientes
2372 4161 2558 4218 vitae.

447 4257 764 4335 Sapientes
816 4258 900 4319 ibi
935 4259 1293 4318 concludunt
1341 4261 1500 4334 quod
1533 4263 1619 4319 ita
1668 4262 1745 4319 sit
1793 4277 1869 4321 ex
1905 4277 2009 4334 ee,
2064 4259 2225 4337 quod
2257 4258 2408 4318 nihil
2446 4275 2554 4317 ex-

2667 561 2672 586 t
