<?xml version="1.0" encoding="UTF-8"?>
<!DOCTYPE html PUBLIC "-//W3C//DTD XHTML 1.0 Transitional//EN"
    "http://www.w3.org/TR/xhtml1/DTD/xhtml1-transitional.dtd">
<html xmlns="http://www.w3.org/1999/xhtml" xml:lang="en" lang="en">
 <head>
  <title>
</title>
<meta http-equiv="Content-Type" content="text/html;charset=utf-8" />
  <meta name='ocr-system' content='tesseract 3.04.00' />
  <meta name='ocr-capabilities' content='ocr_page ocr_carea ocr_par ocr_line ocrx_word'/>
</head>
<body>
  <div class='ocr_page' id='page_1' title='image "apocalypsisexpl03swedgoog_0198.png"; bbox 0 0 2791 4778; ppageno 0'>
   <div class='ocr_carea' id='block_1_1' title="bbox 425 357 2124 425">
    <p class='ocr_par' dir='ltr' id='par_1_1' title="bbox 425 357 2124 425">
     <span class='ocr_line' id='line_1_1' title="bbox 425 357 2124 425; baseline -0.008 -2"><span class='ocrx_word' id='word_1_1' title='bbox 425 370 533 423; x_wconf 81' lang='grc'><strong>176</strong></span> <span class='ocrx_word' id='word_1_2' title='bbox 867 357 1360 413; x_wconf 79' lang='lat' dir='ltr'>APOCALYPSIS</span> <span class='ocrx_word' id='word_1_3' title='bbox 1403 357 1838 418; x_wconf 72' lang='lat' dir='ltr'><strong>EXPLch‘rA.</strong></span> <span class='ocrx_word' id='word_1_4' title='bbox 1907 358 1957 425; x_wconf 59' lang='grc' dir='ltr'><strong>ἦ.</strong></span> <span class='ocrx_word' id='word_1_5' title='bbox 1997 364 2124 418; x_wconf 80' lang='grc'><strong>355.</strong></span> 
     </span>
    </p>
   </div>
   <div class='ocr_carea' id='block_1_2' title="bbox 411 512 2560 4298">
    <p class='ocr_par' dir='ltr' id='par_1_2' title="bbox 411 512 2560 4298">
     <span class='ocr_line' id='line_1_2' title="bbox 411 512 2541 598; baseline -0.001 -18"><span class='ocrx_word' id='word_1_6' title='bbox 411 518 726 598; x_wconf 79' lang='lat' dir='ltr'><strong>principio,</strong></span> <span class='ocrx_word' id='word_1_7' title='bbox 778 521 841 577; x_wconf 92' lang='lat' dir='ltr'><strong>et</strong></span> <span class='ocrx_word' id='word_1_8' title='bbox 866 533 980 594; x_wconf 89' lang='lat' dir='ltr'><strong>per</strong></span> <span class='ocrx_word' id='word_1_9' title='bbox 1007 516 1210 576; x_wconf 90' lang='lat' dir='ltr'><strong>album</strong></span> <span class='ocrx_word' id='word_1_10' title='bbox 1238 516 1417 594; x_wconf 86' lang='lat' dir='ltr'><strong>quale</strong></span> <span class='ocrx_word' id='word_1_11' title='bbox 1456 515 1803 576; x_wconf 82' lang='lat' dir='ltr'><strong>intellectus</strong></span> <span class='ocrx_word' id='word_1_12' title='bbox 1846 532 2061 577; x_wconf 87' lang='lat' dir='ltr'><strong>eorum</strong></span> <span class='ocrx_word' id='word_1_13' title='bbox 2103 512 2304 591; x_wconf 86' lang='lat' dir='ltr'><strong>quoad</strong></span> <span class='ocrx_word' id='word_1_14' title='bbox 2340 531 2541 577; x_wconf 81' lang='lat' dir='ltr'><strong>verum</strong></span> 
     </span>
     <span class='ocr_line' id='line_1_3' title="bbox 421 616 2544 700; baseline -0.001 -21"><span class='ocrx_word' id='word_1_15' title='bbox 421 626 664 697; x_wconf 89' lang='lat' dir='ltr'><strong>postea,</strong></span> <span class='ocrx_word' id='word_1_16' title='bbox 703 624 766 675; x_wconf 89' lang='lat' dir='ltr'><strong>et</strong></span> <span class='ocrx_word' id='word_1_17' title='bbox 800 634 910 694; x_wconf 90' lang='lat' dir='ltr'><strong>per</strong></span> <span class='ocrx_word' id='word_1_18' title='bbox 935 617 1353 694; x_wconf 82' lang='lat' dir='ltr'><strong>grandinatum</strong></span> <span class='ocrx_word' id='word_1_19' title='bbox 1390 617 1571 700; x_wconf 86' lang='lat' dir='ltr'><strong>quale</strong></span> <span class='ocrx_word' id='word_1_20' title='bbox 1602 617 1733 693; x_wconf 88' lang='lat' dir='ltr'><strong>ejus</strong></span> <span class='ocrx_word' id='word_1_21' title='bbox 1772 616 1971 693; x_wconf 90' lang='lat' dir='ltr'><strong>quoad</strong></span> <span class='ocrx_word' id='word_1_22' title='bbox 1996 633 2202 676; x_wconf 87' lang='lat' dir='ltr'><strong>verum</strong></span> <span class='ocrx_word' id='word_1_23' title='bbox 2245 621 2307 675; x_wconf 92' lang='lat' dir='ltr'><strong>et</strong></span> <span class='ocrx_word' id='word_1_24' title='bbox 2330 616 2544 676; x_wconf 88' lang='lat' dir='ltr'><strong>bonum</strong></span> 
     </span>
     <span class='ocr_line' id='line_1_4' title="bbox 421 715 2545 794; baseline -0.001 -16"><span class='ocrx_word' id='word_1_25' title='bbox 421 718 697 793; x_wconf 83' lang='lat' dir='ltr'><strong>tandem3</strong></span> <span class='ocrx_word' id='word_1_26' title='bbox 735 734 846 792; x_wconf 89' lang='lat' dir='ltr'><strong>per</strong></span> <span class='ocrx_word' id='word_1_27' title='bbox 879 717 1195 777; x_wconf 90' lang='lat' dir='ltr'><strong>robustum</strong></span> <span class='ocrx_word' id='word_1_28' title='bbox 1222 717 1575 794; x_wconf 79' lang='lat' dir='ltr'><strong>intelligitur</strong></span> <span class='ocrx_word' id='word_1_29' title='bbox 1611 717 1790 792; x_wconf 89' lang='lat' dir='ltr'><strong>quale</strong></span> <span class='ocrx_word' id='word_1_30' title='bbox 1824 717 1956 793; x_wconf 87' lang='lat' dir='ltr'><strong>ejus</strong></span> <span class='ocrx_word' id='word_1_31' title='bbox 1994 715 2194 793; x_wconf 89' lang='lat' dir='ltr'><strong>quoad</strong></span> <span class='ocrx_word' id='word_1_32' title='bbox 2220 720 2545 793; x_wconf 87' lang='lat' dir='ltr'><strong>potentiam</strong></span> 
     </span>
     <span class='ocr_line' id='line_1_5' title="bbox 423 816 2549 894; baseline -0.001 -15"><span class='ocrx_word' id='word_1_33' title='bbox 423 817 742 879; x_wconf 87' lang='lat' dir='ltr'><strong>resistendi</strong></span> <span class='ocrx_word' id='word_1_34' title='bbox 789 817 961 877; x_wconf 89' lang='lat' dir='ltr'><strong>malis</strong></span> <span class='ocrx_word' id='word_1_35' title='bbox 999 824 1059 876; x_wconf 88' lang='lat' dir='ltr'><strong>et</strong></span> <span class='ocrx_word' id='word_1_36' title='bbox 1092 818 1292 893; x_wconf 81' lang='lat' dir='ltr'><strong>salsis3</strong></span> <span class='ocrx_word' id='word_1_37' title='bbox 1353 835 1430 876; x_wconf 86' lang='lat' dir='ltr'><strong>ex</strong></span> <span class='ocrx_word' id='word_1_38' title='bbox 1463 817 1560 876; x_wconf 89' lang='lat' dir='ltr'><strong>his</strong></span> <span class='ocrx_word' id='word_1_39' title='bbox 1608 834 1768 876; x_wconf 90' lang='lat' dir='ltr'><strong>nunc</strong></span> <span class='ocrx_word' id='word_1_40' title='bbox 1803 822 2083 876; x_wconf 81' lang='lat' dir='ltr'><strong>constare</strong></span> <span class='ocrx_word' id='word_1_41' title='bbox 2117 821 2361 893; x_wconf 89' lang='lat' dir='ltr'><strong>potest,</strong></span> <span class='ocrx_word' id='word_1_42' title='bbox 2416 816 2549 894; x_wconf 82' lang='lat' dir='ltr'><strong>quid</strong></span> 
     </span>
     <span class='ocr_line' id='line_1_6' title="bbox 423 916 2547 996; baseline -0.001 -17"><span class='ocrx_word' id='word_1_43' title='bbox 423 918 790 996; x_wconf 80' lang='lat' dir='ltr'><strong>significatur</strong></span> <span class='ocrx_word' id='word_1_44' title='bbox 814 935 925 995; x_wconf 91' lang='lat' dir='ltr'><strong>per</strong></span> <span class='ocrx_word' id='word_1_45' title='bbox 952 918 1116 994; x_wconf 89' lang='lat' dir='ltr'><strong>quod</strong></span> <span class='ocrx_word' id='word_1_46' title='bbox 1139 917 1293 993; x_wconf 88' lang='lat' dir='ltr'><strong>Equi</strong></span> <span class='ocrx_word' id='word_1_47' title='bbox 1318 917 1433 977; x_wconf 88' lang='lat' dir='ltr'><strong>rufi</strong></span> <span class='ocrx_word' id='word_1_48' title='bbox 1463 919 1718 977; x_wconf 85' lang='lat' dir='ltr'><strong>exierint</strong></span> <span class='ocrx_word' id='word_1_49' title='bbox 1746 916 1823 976; x_wconf 86' lang='lat' dir='ltr'><strong>ad</strong></span> <span class='ocrx_word' id='word_1_50' title='bbox 1849 923 2069 975; x_wconf 87' lang='lat' dir='ltr'><strong>terram</strong></span> <span class='ocrx_word' id='word_1_51' title='bbox 2099 918 2547 992; x_wconf 86' lang='lat' dir='ltr'><strong>septentrionis,</strong></span> 
     </span>
     <span class='ocr_line' id='line_1_7' title="bbox 424 1017 2550 1094; baseline -0.001 -15"><span class='ocrx_word' id='word_1_52' title='bbox 424 1025 486 1079; x_wconf 86' lang='lat' dir='ltr'><strong>et</strong></span> <span class='ocrx_word' id='word_1_53' title='bbox 521 1018 640 1078; x_wconf 85' lang='lat' dir='ltr'><strong>albi</strong></span> <span class='ocrx_word' id='word_1_54' title='bbox 685 1019 939 1078; x_wconf 83' lang='lat' dir='ltr'><strong>exierint</strong></span> <span class='ocrx_word' id='word_1_55' title='bbox 970 1024 1113 1094; x_wconf 89' lang='lat' dir='ltr'><strong>post</strong></span> <span class='ocrx_word' id='word_1_56' title='bbox 1164 1033 1301 1088; x_wconf 75' lang='lat'><strong>008,</strong></span> <span class='ocrx_word' id='word_1_57' title='bbox 1337 1023 1401 1077; x_wconf 92' lang='lat' dir='ltr'><strong>et</strong></span> <span class='ocrx_word' id='word_1_58' title='bbox 1436 1018 1598 1094; x_wconf 91' lang='lat' dir='ltr'><strong>quod</strong></span> <span class='ocrx_word' id='word_1_59' title='bbox 1636 1021 1947 1094; x_wconf 79' lang='lat' dir='ltr'><strong>quiescere</strong></span> <span class='ocrx_word' id='word_1_60' title='bbox 1984 1017 2239 1075; x_wconf 79' lang='lat' dir='ltr'><strong>fecerint</strong></span> <span class='ocrx_word' id='word_1_61' title='bbox 2274 1020 2550 1093; x_wconf 85' lang='lat' dir='ltr'><strong>spiritum</strong></span> 
     </span>
     <span class='ocr_line' id='line_1_8' title="bbox 423 1117 2549 1193; baseline -0.001 -14"><span class='ocrx_word' id='word_1_62' title='bbox 423 1138 622 1179; x_wconf 87' lang='lat' dir='ltr'><strong>meum</strong></span> <span class='ocrx_word' id='word_1_63' title='bbox 656 1120 717 1177; x_wconf 85' lang='lat' dir='ltr'><strong>in</strong></span> <span class='ocrx_word' id='word_1_64' title='bbox 751 1124 914 1177; x_wconf 88' lang='lat' dir='ltr'><strong>terra</strong></span> <span class='ocrx_word' id='word_1_65' title='bbox 947 1119 1375 1193; x_wconf 80' lang='lat' dir='ltr'><strong>septentrionis</strong></span> <span class='ocrx_word' id='word_1_66' title='bbox 1395 1162 1412 1191; x_wconf 87' lang='lat'><em>‚</em></span> <span class='ocrx_word' id='word_1_67' title='bbox 1454 1118 1616 1193; x_wconf 90' lang='lat' dir='ltr'><strong>quod</strong></span> <span class='ocrx_word' id='word_1_68' title='bbox 1650 1135 1865 1193; x_wconf 87' lang='lat' dir='ltr'><strong>nempe</strong></span> <span class='ocrx_word' id='word_1_69' title='bbox 1900 1117 1989 1175; x_wconf 89' lang='lat' dir='ltr'><strong>illi</strong></span> <span class='ocrx_word' id='word_1_70' title='bbox 2024 1118 2326 1193; x_wconf 83' lang='lat' dir='ltr'><strong>recipiant</strong></span> <span class='ocrx_word' id='word_1_71' title='bbox 2367 1125 2432 1177; x_wconf 90' lang='lat' dir='ltr'><strong>et</strong></span> <span class='ocrx_word' id='word_1_72' title='bbox 2464 1120 2549 1176; x_wconf 88' lang='lat' dir='ltr'><strong>in-</strong></span> 
     </span>
     <span class='ocr_line' id='line_1_9' title="bbox 425 1216 2551 1297; baseline -0 -19"><span class='ocrx_word' id='word_1_73' title='bbox 425 1219 701 1297; x_wconf 85' lang='lat' dir='ltr'><strong>telligant</strong></span> <span class='ocrx_word' id='word_1_74' title='bbox 735 1219 839 1294; x_wconf 89' lang='lat' dir='ltr'><strong>qui</strong></span> <span class='ocrx_word' id='word_1_75' title='bbox 874 1235 943 1277; x_wconf 85' lang='lat' dir='ltr'><strong>ex</strong></span> <span class='ocrx_word' id='word_1_76' title='bbox 977 1218 1134 1277; x_wconf 94' lang='lat' dir='ltr'><strong>bono</strong></span> <span class='ocrx_word' id='word_1_77' title='bbox 1162 1219 1323 1277; x_wconf 83' lang='lat' dir='ltr'><strong>vitae</strong></span> <span class='ocrx_word' id='word_1_78' title='bbox 1360 1219 1420 1276; x_wconf 91' lang='lat' dir='ltr'><strong>in</strong></span> <span class='ocrx_word' id='word_1_79' title='bbox 1456 1217 1770 1278; x_wconf 85' lang='lat' dir='ltr'><strong>affectione</strong></span> <span class='ocrx_word' id='word_1_80' title='bbox 1808 1216 2035 1276; x_wconf 90' lang='lat' dir='ltr'><strong>sciendi</strong></span> <span class='ocrx_word' id='word_1_81' title='bbox 2067 1234 2214 1275; x_wconf 88' lang='lat' dir='ltr'><strong>vera</strong></span> <span class='ocrx_word' id='word_1_82' title='bbox 2239 1217 2551 1277; x_wconf 80' lang='lat' dir='ltr'><strong>Ecclesiae</strong></span> 
     </span>
     <span class='ocr_line' id='line_1_10' title="bbox 430 1316 2547 1394; baseline -0.002 -13"><span class='ocrx_word' id='word_1_83' title='bbox 430 1326 596 1393; x_wconf 86' lang='lat' dir='ltr'><strong>sunt,</strong></span> <span class='ocrx_word' id='word_1_84' title='bbox 652 1336 762 1377; x_wconf 88' lang='lat' dir='ltr'><strong>nec</strong></span> <span class='ocrx_word' id='word_1_85' title='bbox 799 1318 902 1376; x_wconf 92' lang='lat' dir='ltr'><strong>alii</strong></span> <span class='ocrx_word' id='word_1_86' title='bbox 933 1317 1338 1391; x_wconf 88' lang='lat' dir='ltr'><strong>illustrantur;</strong></span> <span class='ocrx_word' id='word_1_87' title='bbox 1391 1317 1710 1378; x_wconf 84' lang='lat' dir='ltr'><strong>illustratio</strong></span> <span class='ocrx_word' id='word_1_88' title='bbox 1765 1323 1826 1378; x_wconf 88' lang='lat' dir='ltr'><strong>et</strong></span> <span class='ocrx_word' id='word_1_89' title='bbox 1858 1318 2127 1394; x_wconf 87' lang='lat' dir='ltr'><strong>receptio</strong></span> <span class='ocrx_word' id='word_1_90' title='bbox 2184 1316 2262 1375; x_wconf 89' lang='lat' dir='ltr'><strong>ab</strong></span> <span class='ocrx_word' id='word_1_91' title='bbox 2300 1317 2427 1377; x_wconf 87' lang='lat' dir='ltr'><strong>illis</strong></span> <span class='ocrx_word' id='word_1_92' title='bbox 2461 1320 2547 1377; x_wconf 85' lang='lat' dir='ltr'><strong>iu-</strong></span> 
     </span>
     <span class='ocr_line' id='line_1_11' title="bbox 427 1418 2548 1496; baseline -0 -18"><span class='ocrx_word' id='word_1_93' title='bbox 427 1420 714 1496; x_wconf 86' lang='lat' dir='ltr'><strong>telligitur</strong></span> <span class='ocrx_word' id='word_1_94' title='bbox 761 1435 872 1495; x_wconf 85' lang='lat' dir='ltr'><strong>per</strong></span> <span class='ocrx_word' id='word_1_95' title='bbox 907 1420 1220 1494; x_wconf 85' lang='lat' dir='ltr'><strong>quiescere</strong></span> <span class='ocrx_word' id='word_1_96' title='bbox 1276 1418 1554 1478; x_wconf 82' lang='lat' dir='ltr'><strong>fecerunt</strong></span> <span class='ocrx_word' id='word_1_97' title='bbox 1602 1421 1878 1495; x_wconf 88' lang='lat' dir='ltr'><strong>spiritum</strong></span> <span class='ocrx_word' id='word_1_98' title='bbox 1914 1435 2115 1476; x_wconf 83' lang='lat' dir='ltr'><strong>meum</strong></span> <span class='ocrx_word' id='word_1_99' title='bbox 2147 1419 2209 1475; x_wconf 91' lang='lat' dir='ltr'><strong>in</strong></span> <span class='ocrx_word' id='word_1_100' title='bbox 2253 1423 2421 1477; x_wconf 84' lang='lat' dir='ltr'><strong>terra</strong></span> <span class='ocrx_word' id='word_1_101' title='bbox 2455 1434 2548 1477; x_wconf 89' lang='lat' dir='ltr'><strong>se·</strong></span> 
     </span>
     <span class='ocr_line' id='line_1_12' title="bbox 427 1517 2550 1597; baseline -0.001 -18"><span class='ocrx_word' id='word_1_102' title='bbox 427 1520 813 1597; x_wconf 85' lang='lat' dir='ltr'><strong>ptentrionis:</strong></span> <span class='ocrx_word' id='word_1_103' title='bbox 864 1536 976 1594; x_wconf 79' lang='lat' dir='ltr'><strong>per</strong></span> <span class='ocrx_word' id='word_1_104' title='bbox 1013 1517 1172 1595; x_wconf 91' lang='lat' dir='ltr'><strong>quod</strong></span> <span class='ocrx_word' id='word_1_105' title='bbox 1206 1518 1549 1594; x_wconf 88' lang='lat' dir='ltr'><strong>grandinati</strong></span> <span class='ocrx_word' id='word_1_106' title='bbox 1585 1521 1840 1579; x_wconf 84' lang='lat' dir='ltr'><strong>exierint</strong></span> <span class='ocrx_word' id='word_1_107' title='bbox 1871 1521 1934 1577; x_wconf 90' lang='lat' dir='ltr'><strong>in</strong></span> <span class='ocrx_word' id='word_1_108' title='bbox 1967 1523 2190 1576; x_wconf 87' lang='lat' dir='ltr'><strong>terram</strong></span> <span class='ocrx_word' id='word_1_109' title='bbox 2227 1518 2451 1593; x_wconf 82' lang='lat' dir='ltr'><strong>austri,</strong></span> <span class='ocrx_word' id='word_1_110' title='bbox 2486 1533 2550 1577; x_wconf 86' lang='lat' dir='ltr'><strong>ac</strong></span> 
     </span>
     <span class='ocr_line' id='line_1_13' title="bbox 428 1617 2550 1696; baseline -0.001 -16"><span class='ocrx_word' id='word_1_111' title='bbox 428 1619 660 1680; x_wconf 84' lang='lat' dir='ltr'><strong>robusti</strong></span> <span class='ocrx_word' id='word_1_112' title='bbox 704 1618 781 1677; x_wconf 90' lang='lat' dir='ltr'><strong>ad</strong></span> <span class='ocrx_word' id='word_1_113' title='bbox 815 1619 1255 1695; x_wconf 88' lang='lat' dir='ltr'><strong>peragrandum</strong></span> <span class='ocrx_word' id='word_1_114' title='bbox 1302 1625 1556 1693; x_wconf 83' lang='lat' dir='ltr'><strong>terram,</strong></span> <span class='ocrx_word' id='word_1_115' title='bbox 1615 1619 1983 1696; x_wconf 85' lang='lat' dir='ltr'><strong>significatur</strong></span> <span class='ocrx_word' id='word_1_116' title='bbox 2020 1617 2180 1693; x_wconf 88' lang='lat' dir='ltr'><strong>quod</strong></span> <span class='ocrx_word' id='word_1_117' title='bbox 2212 1617 2305 1676; x_wconf 91' lang='lat' dir='ltr'><strong>illi</strong></span> <span class='ocrx_word' id='word_1_118' title='bbox 2341 1619 2449 1695; x_wconf 92' lang='lat' dir='ltr'><strong>qui</strong></span> <span class='ocrx_word' id='word_1_119' title='bbox 2481 1635 2550 1678; x_wconf 87' lang='lat' dir='ltr'><strong>ex</strong></span> 
     </span>
     <span class='ocr_line' id='line_1_14' title="bbox 428 1718 2551 1790; baseline -0 -12"><span class='ocrx_word' id='word_1_120' title='bbox 428 1719 586 1779; x_wconf 89' lang='lat' dir='ltr'><strong>bono</strong></span> <span class='ocrx_word' id='word_1_121' title='bbox 622 1721 781 1779; x_wconf 89' lang='lat' dir='ltr'><strong>vitae</strong></span> <span class='ocrx_word' id='word_1_122' title='bbox 818 1720 877 1776; x_wconf 90' lang='lat' dir='ltr'><strong>in</strong></span> <span class='ocrx_word' id='word_1_123' title='bbox 913 1718 1223 1779; x_wconf 84' lang='lat' dir='ltr'><strong>affectione</strong></span> <span class='ocrx_word' id='word_1_124' title='bbox 1261 1718 1489 1778; x_wconf 87' lang='lat' dir='ltr'><strong>sciendi</strong></span> <span class='ocrx_word' id='word_1_125' title='bbox 1523 1737 1670 1781; x_wconf 86' lang='lat' dir='ltr'><strong>vera</strong></span> <span class='ocrx_word' id='word_1_126' title='bbox 1703 1719 2014 1778; x_wconf 83' lang='lat' dir='ltr'><strong>Ecclesiae</strong></span> <span class='ocrx_word' id='word_1_127' title='bbox 2049 1724 2220 1790; x_wconf 85' lang='lat' dir='ltr'><strong>sunt,</strong></span> <span class='ocrx_word' id='word_1_128' title='bbox 2256 1720 2320 1776; x_wconf 90' lang='lat' dir='ltr'><strong>in</strong></span> <span class='ocrx_word' id='word_1_129' title='bbox 2355 1718 2551 1778; x_wconf 89' lang='lat' dir='ltr'><strong>lucem</strong></span> 
     </span>
     <span class='ocr_line' id='line_1_15' title="bbox 433 1817 2548 1894; baseline -0 -16"><span class='ocrx_word' id='word_1_130' title='bbox 433 1821 702 1892; x_wconf 85' lang='lat' dir='ltr'><strong>veniant,</strong></span> <span class='ocrx_word' id='word_1_131' title='bbox 744 1817 1000 1894; x_wconf 64' lang='lat' dir='ltr'><strong>acquod</strong></span> <span class='ocrx_word' id='word_1_132' title='bbox 1026 1820 1312 1878; x_wconf 83' lang='lat' dir='ltr'><strong>resistant</strong></span> <span class='ocrx_word' id='word_1_133' title='bbox 1345 1818 1520 1878; x_wconf 86' lang='lat' dir='ltr'><strong>malis</strong></span> <span class='ocrx_word' id='word_1_134' title='bbox 1557 1825 1618 1880; x_wconf 87' lang='lat' dir='ltr'><strong>et</strong></span> <span class='ocrx_word' id='word_1_135' title='bbox 1653 1819 1820 1879; x_wconf 82' lang='lat' dir='ltr'><strong>falsis</strong></span> <span class='ocrx_word' id='word_1_136' title='bbox 1850 1824 1910 1878; x_wconf 92' lang='lat' dir='ltr'><strong>et</strong></span> <span class='ocrx_word' id='word_1_137' title='bbox 1936 1819 2161 1877; x_wconf 86' lang='lat' dir='ltr'><strong>saciant</strong></span> <span class='ocrx_word' id='word_1_138' title='bbox 2186 1818 2548 1893; x_wconf 87' lang='lat' dir='ltr'><strong>Ecclesiam;</strong></span> 
     </span>
     <span class='ocr_line' id='line_1_16' title="bbox 429 1917 2550 1996; baseline 0.001 -19"><span class='ocrx_word' id='word_1_139' title='bbox 429 1917 567 1977; x_wconf 88' lang='lat' dir='ltr'><strong>inde</strong></span> <span class='ocrx_word' id='word_1_140' title='bbox 604 1924 714 1991; x_wconf 87' lang='lat' dir='ltr'><strong>est,</strong></span> <span class='ocrx_word' id='word_1_141' title='bbox 756 1917 914 1993; x_wconf 90' lang='lat' dir='ltr'><strong>quod</strong></span> <span class='ocrx_word' id='word_1_142' title='bbox 953 1926 1208 1994; x_wconf 86' lang='lat' dir='ltr'><strong>quatuor</strong></span> <span class='ocrx_word' id='word_1_143' title='bbox 1244 1919 1333 1979; x_wconf 91' lang='lat' dir='ltr'><strong>illi</strong></span> <span class='ocrx_word' id='word_1_144' title='bbox 1358 1919 1512 1995; x_wconf 89' lang='lat' dir='ltr'><strong>Equi</strong></span> <span class='ocrx_word' id='word_1_145' title='bbox 1546 1920 1817 1979; x_wconf 87' lang='lat' dir='ltr'><strong>dicantur</strong></span> <span class='ocrx_word' id='word_1_146' title='bbox 1852 1925 2113 1996; x_wconf 88' lang='lat' dir='ltr'><strong>quatuor</strong></span> <span class='ocrx_word' id='word_1_147' title='bbox 2145 1920 2311 1978; x_wconf 83' lang='lat' dir='ltr'><strong>venti</strong></span> <span class='ocrx_word' id='word_1_148' title='bbox 2346 1919 2550 1979; x_wconf 92' lang='lat' dir='ltr'><strong>coelo-</strong></span> 
     </span>
     <span class='ocr_line' id='line_1_17' title="bbox 432 2018 2554 2096; baseline 0 -18"><span class='ocrx_word' id='word_1_149' title='bbox 432 2036 560 2078; x_wconf 89' lang='lat' dir='ltr'><strong>rum</strong></span> <span class='ocrx_word' id='word_1_150' title='bbox 620 2024 910 2077; x_wconf 84' lang='lat' dir='ltr'><strong>exeuntes</strong></span> <span class='ocrx_word' id='word_1_151' title='bbox 965 2035 1002 2077; x_wconf 89' lang='lat' dir='ltr'><strong>a</strong></span> <span class='ocrx_word' id='word_1_152' title='bbox 1046 2018 1262 2079; x_wconf 83' lang='lat' dir='ltr'><strong>stando</strong></span> <span class='ocrx_word' id='word_1_153' title='bbox 1298 2020 1478 2096; x_wconf 82' lang='lat' dir='ltr'><strong>juxta</strong></span> <span class='ocrx_word' id='word_1_154' title='bbox 1514 2021 1834 2079; x_wconf 88' lang='lat' dir='ltr'><strong>Dominum</strong></span> <span class='ocrx_word' id='word_1_155' title='bbox 1886 2021 2066 2078; x_wconf 89' lang='lat' dir='ltr'><strong>totius</strong></span> <span class='ocrx_word' id='word_1_156' title='bbox 2103 2025 2341 2089; x_wconf 86' lang='lat' dir='ltr'><strong>terrae,</strong></span> <span class='ocrx_word' id='word_1_157' title='bbox 2394 2020 2554 2079; x_wconf 80' lang='lat' dir='ltr'><strong>venti</strong></span> 
     </span>
     <span class='ocr_line' id='line_1_18' title="bbox 432 2118 2549 2197; baseline -0.001 -19"><span class='ocrx_word' id='word_1_158' title='bbox 432 2118 768 2195; x_wconf 86' lang='lat' dir='ltr'><strong>significant</strong></span> <span class='ocrx_word' id='word_1_159' title='bbox 802 2120 999 2177; x_wconf 89' lang='lat' dir='ltr'><strong>omnia</strong></span> <span class='ocrx_word' id='word_1_160' title='bbox 1023 2119 1246 2177; x_wconf 89' lang='lat' dir='ltr'><strong>Divina</strong></span> <span class='ocrx_word' id='word_1_161' title='bbox 1273 2137 1439 2190; x_wconf 86' lang='lat' dir='ltr'><strong>vera,</strong></span> <span class='ocrx_word' id='word_1_162' title='bbox 1476 2128 1539 2178; x_wconf 85' lang='lat' dir='ltr'><strong>et</strong></span> <span class='ocrx_word' id='word_1_163' title='bbox 1574 2126 1864 2180; x_wconf 81' lang='lat' dir='ltr'><strong>exeuntes</strong></span> <span class='ocrx_word' id='word_1_164' title='bbox 1902 2136 1939 2177; x_wconf 92' lang='lat' dir='ltr'><strong>a</strong></span> <span class='ocrx_word' id='word_1_165' title='bbox 1973 2118 2187 2178; x_wconf 86' lang='lat' dir='ltr'><strong>stando</strong></span> <span class='ocrx_word' id='word_1_166' title='bbox 2219 2119 2399 2197; x_wconf 84' lang='lat' dir='ltr'><strong>juxta</strong></span> <span class='ocrx_word' id='word_1_167' title='bbox 2422 2119 2549 2177; x_wconf 90' lang='lat' dir='ltr'><strong>Do·-</strong></span> 
     </span>
     <span class='ocr_line' id='line_1_19' title="bbox 429 2218 2553 2297; baseline -0 -18"><span class='ocrx_word' id='word_1_168' title='bbox 429 2220 649 2279; x_wconf 89' lang='lat' dir='ltr'><strong>minum</strong></span> <span class='ocrx_word' id='word_1_169' title='bbox 688 2222 872 2278; x_wconf 88' lang='lat' dir='ltr'><strong>totius</strong></span> <span class='ocrx_word' id='word_1_170' title='bbox 911 2226 1109 2278; x_wconf 83' lang='lat' dir='ltr'><strong>terrae</strong></span> <span class='ocrx_word' id='word_1_171' title='bbox 1146 2220 1450 2297; x_wconf 86' lang='lat' dir='ltr'><strong>significat</strong></span> <span class='ocrx_word' id='word_1_172' title='bbox 1487 2220 1644 2296; x_wconf 90' lang='lat' dir='ltr'><strong>quod</strong></span> <span class='ocrx_word' id='word_1_173' title='bbox 1682 2220 1758 2278; x_wconf 90' lang='lat' dir='ltr'><strong>ab</strong></span> <span class='ocrx_word' id='word_1_174' title='bbox 1792 2220 1936 2296; x_wconf 88' lang='lat' dir='ltr'><strong>Ipso</strong></span> <span class='ocrx_word' id='word_1_175' title='bbox 1972 2220 2333 2296; x_wconf 88' lang='lat' dir='ltr'><strong>procedant,</strong></span> <span class='ocrx_word' id='word_1_176' title='bbox 2393 2218 2553 2296; x_wconf 87' lang='lat' dir='ltr'><strong>quod</strong></span> 
     </span>
     <span class='ocr_line' id='line_1_20' title="bbox 428 2319 2555 2399; baseline -0 -19"><span class='ocrx_word' id='word_1_177' title='bbox 428 2324 592 2381; x_wconf 79' lang='lat' dir='ltr'><strong>venti</strong></span> <span class='ocrx_word' id='word_1_178' title='bbox 627 2319 963 2399; x_wconf 83' lang='lat' dir='ltr'><strong>significent</strong></span> <span class='ocrx_word' id='word_1_179' title='bbox 998 2322 1195 2378; x_wconf 89' lang='lat' dir='ltr'><strong>omnia</strong></span> <span class='ocrx_word' id='word_1_180' title='bbox 1227 2321 1449 2379; x_wconf 88' lang='lat' dir='ltr'><strong>Divina</strong></span> <span class='ocrx_word' id='word_1_181' title='bbox 1483 2338 1658 2392; x_wconf 76' lang='lat' dir='ltr'><strong>vera,</strong></span> <span class='ocrx_word' id='word_1_182' title='bbox 1709 2321 1987 2379; x_wconf 82' lang='lat' dir='ltr'><strong>videatur</strong></span> <span class='ocrx_word' id='word_1_183' title='bbox 2021 2338 2090 2379; x_wconf 85' lang='lat' dir='ltr'><strong>a:</strong></span> <span class='ocrx_word' id='word_1_184' title='bbox 2135 2322 2362 2394; x_wconf 85' lang='grc'><strong>9642,</strong></span> <span class='ocrx_word' id='word_1_185' title='bbox 2404 2326 2466 2379; x_wconf 87' lang='lat' dir='ltr'><strong>et</strong></span> <span class='ocrx_word' id='word_1_186' title='bbox 2495 2322 2555 2378; x_wconf 88' lang='lat' dir='ltr'><strong>in</strong></span> 
     </span>
     <span class='ocr_line' id='line_1_21' title="bbox 424 2421 2554 2500; baseline -0.001 -16"><span class='ocrx_word' id='word_1_187' title='bbox 424 2422 624 2500; x_wconf 83' lang='lat' dir='ltr'><strong>Opere</strong></span> <span class='ocrx_word' id='word_1_188' title='bbox 662 2423 737 2482; x_wconf 88' lang='lat' dir='ltr'><strong>de</strong></span> <span class='ocrx_word' id='word_1_189' title='bbox 776 2421 983 2481; x_wconf 68' lang='lat' dir='ltr'><strong>Coeno</strong></span> <span class='ocrx_word' id='word_1_190' title='bbox 1021 2440 1097 2479; x_wconf 69' lang='lat' dir='ltr'><strong>m*</strong></span> <span class='ocrx_word' id='word_1_191' title='bbox 1134 2421 1415 2481; x_wconf 63' lang='lat' dir='ltr'><strong>Ius-enno</strong></span> <span class='ocrx_word' id='word_1_192' title='bbox 1461 2441 1533 2482; x_wconf 82' lang='lat' dir='ltr'><strong>n:</strong></span> <span class='ocrx_word' id='word_1_193' title='bbox 1577 2426 1708 2482; x_wconf 87' lang='grc'><strong>141</strong></span> <span class='ocrx_word' id='word_1_194' title='bbox 1757 2422 1832 2482; x_wconf 91' lang='lat' dir='ltr'><strong>ad</strong></span> <span class='ocrx_word' id='word_1_195' title='bbox 1869 2423 2041 2497; x_wconf 82' lang='lat'><strong>1533</strong></span> <span class='ocrx_word' id='word_1_196' title='bbox 2101 2427 2161 2481; x_wconf 91' lang='lat' dir='ltr'><strong>et</strong></span> <span class='ocrx_word' id='word_1_197' title='bbox 2199 2421 2360 2498; x_wconf 88' lang='lat' dir='ltr'><strong>quod</strong></span> <span class='ocrx_word' id='word_1_198' title='bbox 2389 2423 2554 2481; x_wconf 84' lang='lat' dir='ltr'><strong>exire</strong></span> 
     </span>
     <span class='ocr_line' id='line_1_22' title="bbox 424 2521 2552 2601; baseline -0 -19"><span class='ocrx_word' id='word_1_199' title='bbox 424 2524 717 2601; x_wconf 86' lang='lat' dir='ltr'><strong>significet</strong></span> <span class='ocrx_word' id='word_1_200' title='bbox 789 2521 1148 2599; x_wconf 81' lang='lat' dir='ltr'><strong>procedere,</strong></span> <span class='ocrx_word' id='word_1_201' title='bbox 1232 2524 1294 2580; x_wconf 91' lang='lat' dir='ltr'><strong>in</strong></span> <span class='ocrx_word' id='word_1_202' title='bbox 1360 2522 1636 2582; x_wconf 75' lang='lat' dir='ltr'><strong>AnoAms</strong></span> <span class='ocrx_word' id='word_1_203' title='bbox 1701 2521 2121 2582; x_wconf 69' lang='lat' dir='ltr'><strong>Gonnus-rmus</strong></span> <span class='ocrx_word' id='word_1_204' title='bbox 2194 2540 2264 2582; x_wconf 81' lang='lat' dir='ltr'><strong>n:</strong></span> <span class='ocrx_word' id='word_1_205' title='bbox 2338 2523 2552 2582; x_wconf 84' lang='grc'><strong>5337.</strong></span> 
     </span>
     <span class='ocr_line' id='line_1_23' title="bbox 433 2621 2559 2700; baseline -0.003 -16"><span class='ocrx_word' id='word_1_206' title='bbox 433 2628 646 2685; x_wconf 91' lang='grc'><strong>7124.</strong></span> <span class='ocrx_word' id='word_1_207' title='bbox 693 2623 916 2681; x_wconf 84' lang='lat'>9303:</span> <span class='ocrx_word' id='word_1_208' title='bbox 953 2640 1064 2698; x_wconf 90' lang='lat' dir='ltr'><strong>per</strong></span> <span class='ocrx_word' id='word_1_209' title='bbox 1092 2622 1451 2700; x_wconf 88' lang='lat' dir='ltr'><strong>longinquos</strong></span> <span class='ocrx_word' id='word_1_210' title='bbox 1490 2625 1590 2700; x_wconf 91' lang='lat' dir='ltr'><strong>qui</strong></span> <span class='ocrx_word' id='word_1_211' title='bbox 1627 2622 2025 2683; x_wconf 86' lang='lat' dir='ltr'><strong>aedificabunt</strong></span> <span class='ocrx_word' id='word_1_212' title='bbox 2058 2625 2121 2681; x_wconf 89' lang='lat' dir='ltr'><strong>in</strong></span> <span class='ocrx_word' id='word_1_213' title='bbox 2158 2621 2418 2700; x_wconf 91' lang='lat' dir='ltr'><strong>Templo</strong></span> <span class='ocrx_word' id='word_1_214' title='bbox 2447 2623 2559 2683; x_wconf 79' lang='lat' dir='ltr'><strong>Je-</strong></span> 
     </span>
     <span class='ocr_line' id='line_1_24' title="bbox 425 2721 2555 2802; baseline 0 -20"><span class='ocrx_word' id='word_1_215' title='bbox 425 2724 651 2791; x_wconf 85' lang='lat' dir='ltr'><strong>hovae,</strong></span> <span class='ocrx_word' id='word_1_216' title='bbox 702 2721 1070 2799; x_wconf 84' lang='lat' dir='ltr'><strong>significatur</strong></span> <span class='ocrx_word' id='word_1_217' title='bbox 1128 2725 1231 2798; x_wconf 91' lang='lat' dir='ltr'><strong>qui</strong></span> <span class='ocrx_word' id='word_1_218' title='bbox 1276 2725 1446 2802; x_wconf 88' lang='lat' dir='ltr'><strong>prius</strong></span> <span class='ocrx_word' id='word_1_219' title='bbox 1482 2725 1696 2784; x_wconf 89' lang='lat' dir='ltr'><strong>remoti</strong></span> <span class='ocrx_word' id='word_1_220' title='bbox 1743 2724 1981 2782; x_wconf 82' lang='lat' dir='ltr'><strong>fuerunt</strong></span> <span class='ocrx_word' id='word_1_221' title='bbox 2016 2739 2054 2780; x_wconf 89' lang='lat' dir='ltr'><strong>a</strong></span> <span class='ocrx_word' id='word_1_222' title='bbox 2087 2724 2246 2782; x_wconf 83' lang='lat' dir='ltr'><strong>veris</strong></span> <span class='ocrx_word' id='word_1_223' title='bbox 2286 2730 2346 2783; x_wconf 88' lang='lat' dir='ltr'><strong>et</strong></span> <span class='ocrx_word' id='word_1_224' title='bbox 2380 2723 2555 2782; x_wconf 84' lang='lat' dir='ltr'><strong>bonis</strong></span> 
     </span>
     <span class='ocr_line' id='line_1_25' title="bbox 427 2821 2556 2901; baseline -0 -20"><span class='ocrx_word' id='word_1_225' title='bbox 427 2821 765 2894; x_wconf 88' lang='lat' dir='ltr'><strong>Ecclesiae,</strong></span> <span class='ocrx_word' id='word_1_226' title='bbox 810 2821 975 2896; x_wconf 90' lang='lat' dir='ltr'><strong>quod</strong></span> <span class='ocrx_word' id='word_1_227' title='bbox 1010 2822 1299 2883; x_wconf 87' lang='lat' dir='ltr'><strong>accedent</strong></span> <span class='ocrx_word' id='word_1_228' title='bbox 1332 2824 1413 2883; x_wconf 87' lang='lat' dir='ltr'><strong>ad</strong></span> <span class='ocrx_word' id='word_1_229' title='bbox 1437 2823 1803 2900; x_wconf 89' lang='lat' dir='ltr'><strong>Ecclesiam;</strong></span> <span class='ocrx_word' id='word_1_230' title='bbox 1859 2823 2020 2900; x_wconf 88' lang='lat' dir='ltr'><strong>quod</strong></span> <span class='ocrx_word' id='word_1_231' title='bbox 2053 2841 2165 2900; x_wconf 91' lang='lat' dir='ltr'><strong>per</strong></span> <span class='ocrx_word' id='word_1_232' title='bbox 2201 2824 2556 2901; x_wconf 86' lang='lat' dir='ltr'><strong>longinquos</strong></span> 
     </span>
     <span class='ocr_line' id='line_1_26' title="bbox 425 2921 2557 3006; baseline 0.001 -26"><span class='ocrx_word' id='word_1_233' title='bbox 425 2921 512 2981; x_wconf 90' lang='lat' dir='ltr'><strong>illi</strong></span> <span class='ocrx_word' id='word_1_234' title='bbox 573 2921 1022 2998; x_wconf 83' lang='lat' dir='ltr'><strong>significentur,</strong></span> <span class='ocrx_word' id='word_1_235' title='bbox 1085 2922 1363 2982; x_wconf 86' lang='lat' dir='ltr'><strong>videatur</strong></span> <span class='ocrx_word' id='word_1_236' title='bbox 1416 2942 1488 2984; x_wconf 87' lang='lat' dir='ltr'><strong>n:</strong></span> <span class='ocrx_word' id='word_1_237' title='bbox 1532 2925 1749 2984; x_wconf 88' lang='grc'><strong>4723.</strong></span> <span class='ocrx_word' id='word_1_238' title='bbox 1812 2926 1999 2983; x_wconf 88' lang='grc'>8918</span> <span class='ocrx_word' id='word_1_239' title='bbox 2020 2943 2036 2998; x_wconf 91' lang='lat'>;</span> <span class='ocrx_word' id='word_1_240' title='bbox 2104 2929 2165 2983; x_wconf 93' lang='lat' dir='ltr'><strong>et</strong></span> <span class='ocrx_word' id='word_1_241' title='bbox 2225 2923 2386 3006; x_wconf 90' lang='lat' dir='ltr'><strong>quod</strong></span> <span class='ocrx_word' id='word_1_242' title='bbox 2449 2939 2557 3001; x_wconf 89' lang='lat' dir='ltr'><strong>per</strong></span> 
     </span>
     <span class='ocr_line' id='line_1_27' title="bbox 432 3019 2559 3101; baseline -0 -19"><span class='ocrx_word' id='word_1_243' title='bbox 432 3020 750 3098; x_wconf 88' lang='lat' dir='ltr'><strong>Templum</strong></span> <span class='ocrx_word' id='word_1_244' title='bbox 781 3019 1055 3079; x_wconf 83' lang='lat' dir='ltr'><strong>Jehovae</strong></span> <span class='ocrx_word' id='word_1_245' title='bbox 1083 3023 1452 3097; x_wconf 88' lang='lat' dir='ltr'><strong>significetur</strong></span> <span class='ocrx_word' id='word_1_246' title='bbox 1481 3023 1774 3100; x_wconf 66' lang='lat' dir='ltr'><strong>Ecclesia,</strong></span> <span class='ocrx_word' id='word_1_247' title='bbox 1812 3041 1871 3083; x_wconf 84' lang='lat' dir='ltr'><strong>n:</strong></span> <span class='ocrx_word' id='word_1_248' title='bbox 1907 3025 2120 3083; x_wconf 82' lang='lat'><strong>3720:</strong></span> <span class='ocrx_word' id='word_1_249' title='bbox 2156 3040 2357 3100; x_wconf 87' lang='lat' dir='ltr'><strong>porro,</strong></span> <span class='ocrx_word' id='word_1_250' title='bbox 2398 3021 2559 3101; x_wconf 89' lang='lat' dir='ltr'><strong>quod</strong></span> 
     </span>
     <span class='ocr_line' id='line_1_28' title="bbox 429 3121 2557 3202; baseline 0 -22"><span class='ocrx_word' id='word_1_251' title='bbox 429 3139 541 3201; x_wconf 90' lang='lat' dir='ltr'><strong>per</strong></span> <span class='ocrx_word' id='word_1_252' title='bbox 602 3121 1071 3197; x_wconf 86' lang='lat' dir='ltr'><strong>septentrionem</strong></span> <span class='ocrx_word' id='word_1_253' title='bbox 1130 3124 1496 3198; x_wconf 87' lang='lat' dir='ltr'><strong>significetur</strong></span> <span class='ocrx_word' id='word_1_254' title='bbox 1531 3124 1853 3183; x_wconf 88' lang='lat' dir='ltr'><strong>obscurum</strong></span> <span class='ocrx_word' id='word_1_255' title='bbox 1885 3127 2044 3195; x_wconf 84' lang='lat' dir='ltr'><strong>veri,</strong></span> <span class='ocrx_word' id='word_1_256' title='bbox 2114 3130 2174 3183; x_wconf 90' lang='lat' dir='ltr'><strong>et</strong></span> <span class='ocrx_word' id='word_1_257' title='bbox 2221 3123 2384 3200; x_wconf 90' lang='lat' dir='ltr'><strong>quod</strong></span> <span class='ocrx_word' id='word_1_258' title='bbox 2447 3140 2557 3202; x_wconf 91' lang='lat' dir='ltr'><strong>per</strong></span> 
     </span>
     <span class='ocr_line' id='line_1_29' title="bbox 430 3221 2558 3301; baseline -0 -19"><span class='ocrx_word' id='word_1_259' title='bbox 430 3228 702 3296; x_wconf 88' lang='lat' dir='ltr'><strong>austrum</strong></span> <span class='ocrx_word' id='word_1_260' title='bbox 754 3222 880 3280; x_wconf 88' lang='lat' dir='ltr'><strong>sive</strong></span> <span class='ocrx_word' id='word_1_261' title='bbox 933 3221 1241 3282; x_wconf 87' lang='lat' dir='ltr'><strong>meridiem</strong></span> <span class='ocrx_word' id='word_1_262' title='bbox 1285 3224 1513 3285; x_wconf 88' lang='lat' dir='ltr'><strong>clarum</strong></span> <span class='ocrx_word' id='word_1_263' title='bbox 1567 3226 1725 3299; x_wconf 88' lang='lat' dir='ltr'><strong>veri,</strong></span> <span class='ocrx_word' id='word_1_264' title='bbox 1778 3226 1865 3283; x_wconf 89' lang='lat' dir='ltr'><strong>ita</strong></span> <span class='ocrx_word' id='word_1_265' title='bbox 1910 3241 2149 3301; x_wconf 88' lang='lat' dir='ltr'><strong>quoque</strong></span> <span class='ocrx_word' id='word_1_266' title='bbox 2195 3223 2287 3284; x_wconf 94' lang='lat' dir='ltr'><strong>illi</strong></span> <span class='ocrx_word' id='word_1_267' title='bbox 2348 3226 2458 3300; x_wconf 85' lang='lat' dir='ltr'><strong>qui</strong></span> <span class='ocrx_word' id='word_1_268' title='bbox 2497 3227 2558 3283; x_wconf 91' lang='lat' dir='ltr'><strong>in</strong></span> 
     </span>
     <span class='ocr_line' id='line_1_30' title="bbox 431 3322 2555 3400; baseline 0.001 -18"><span class='ocrx_word' id='word_1_269' title='bbox 431 3322 688 3383; x_wconf 86' lang='lat' dir='ltr'><strong>obscuro</strong></span> <span class='ocrx_word' id='word_1_270' title='bbox 725 3328 786 3382; x_wconf 91' lang='lat' dir='ltr'><strong>et</strong></span> <span class='ocrx_word' id='word_1_271' title='bbox 820 3324 879 3381; x_wconf 91' lang='lat' dir='ltr'><strong>in</strong></span> <span class='ocrx_word' id='word_1_272' title='bbox 916 3322 1079 3381; x_wconf 88' lang='lat' dir='ltr'><strong>claro</strong></span> <span class='ocrx_word' id='word_1_273' title='bbox 1113 3326 1243 3383; x_wconf 86' lang='lat' dir='ltr'><strong>veri</strong></span> <span class='ocrx_word' id='word_1_274' title='bbox 1270 3330 1427 3400; x_wconf 87' lang='lat' dir='ltr'><strong>sunt,</strong></span> <span class='ocrx_word' id='word_1_275' title='bbox 1466 3325 1748 3384; x_wconf 86' lang='lat' dir='ltr'><strong>videatur</strong></span> <span class='ocrx_word' id='word_1_276' title='bbox 1781 3325 1844 3383; x_wconf 90' lang='lat' dir='ltr'><strong>in</strong></span> <span class='ocrx_word' id='word_1_277' title='bbox 1880 3323 2081 3400; x_wconf 91' lang='lat' dir='ltr'><strong>Opere</strong></span> <span class='ocrx_word' id='word_1_278' title='bbox 2120 3324 2194 3383; x_wconf 93' lang='lat' dir='ltr'><strong>de</strong></span> <span class='ocrx_word' id='word_1_279' title='bbox 2232 3322 2440 3384; x_wconf 68' lang='lat' dir='ltr'><strong>coam</strong></span> <span class='ocrx_word' id='word_1_280' title='bbox 2478 3341 2555 3385; x_wconf 74' lang='lat' dir='ltr'><strong>m·</strong></span> 
     </span>
     <span class='ocr_line' id='line_1_31' title="bbox 424 3407 2556 3502; baseline -0 -18"><span class='ocrx_word' id='word_1_281' title='bbox 424 3422 700 3484; x_wconf 68' lang='lat' dir='ltr'><strong>Innrmo</strong></span> <span class='ocrx_word' id='word_1_282' title='bbox 752 3442 822 3483; x_wconf 85' lang='lat' dir='ltr'><strong>n:</strong></span> <span class='ocrx_word' id='word_1_283' title='bbox 868 3425 1029 3483; x_wconf 86' lang='grc'>148.</span> <span class='ocrx_word' id='word_1_284' title='bbox 1082 3425 1238 3482; x_wconf 87' lang='grc'>149.</span> <span class='ocrx_word' id='word_1_285' title='bbox 1284 3426 1445 3484; x_wconf 89' lang='grc'>150.</span> <span class='ocrx_word' id='word_1_286' title='bbox 1493 3407 1669 3484; x_wconf 76' lang='grc' dir='ltr'>151ε</span> <span class='ocrx_word' id='word_1_287' title='bbox 1725 3424 1868 3500; x_wconf 87' lang='lat' dir='ltr'><strong>quid</strong></span> <span class='ocrx_word' id='word_1_288' title='bbox 1920 3442 2031 3502; x_wconf 92' lang='lat' dir='ltr'><strong>per</strong></span> <span class='ocrx_word' id='word_1_289' title='bbox 2076 3424 2324 3483; x_wconf 89' lang='lat' dir='ltr'><strong>rubrum</strong></span> <span class='ocrx_word' id='word_1_290' title='bbox 2362 3431 2426 3485; x_wconf 89' lang='lat' dir='ltr'><strong>et</strong></span> <span class='ocrx_word' id='word_1_291' title='bbox 2461 3426 2556 3483; x_wconf 86' lang='lat' dir='ltr'><strong>ni-</strong></span> 
     </span>
     <span class='ocr_line' id='line_1_32' title="bbox 427 3524 2554 3603; baseline -0.001 -17"><span class='ocrx_word' id='word_1_292' title='bbox 427 3543 599 3603; x_wconf 86' lang='lat' dir='ltr'><strong>grum</strong></span> <span class='ocrx_word' id='word_1_293' title='bbox 624 3527 685 3584; x_wconf 90' lang='lat' dir='ltr'><strong>in</strong></span> <span class='ocrx_word' id='word_1_294' title='bbox 709 3532 965 3600; x_wconf 91' lang='lat' dir='ltr'><strong>utroque</strong></span> <span class='ocrx_word' id='word_1_295' title='bbox 995 3540 1178 3584; x_wconf 87' lang='lat' dir='ltr'><strong>sensu</strong></span> <span class='ocrx_word' id='word_1_296' title='bbox 1208 3524 1597 3601; x_wconf 87' lang='lat' dir='ltr'><strong>significatur,</strong></span> <span class='ocrx_word' id='word_1_297' title='bbox 1632 3524 1933 3585; x_wconf 84' lang='lat' dir='ltr'><strong>videbitur</strong></span> <span class='ocrx_word' id='word_1_298' title='bbox 1958 3527 2020 3583; x_wconf 91' lang='lat' dir='ltr'><strong>in</strong></span> <span class='ocrx_word' id='word_1_299' title='bbox 2048 3524 2554 3601; x_wconf 80' lang='lat' dir='ltr'><strong>explicationibus</strong></span> 
     </span>
     <span class='ocr_line' id='line_1_33' title="bbox 428 3617 2555 3702; baseline -0.001 -16"><span class='ocrx_word' id='word_1_300' title='bbox 428 3627 506 3686; x_wconf 90' lang='lat' dir='ltr'><strong>ad</strong></span> <span class='ocrx_word' id='word_1_301' title='bbox 541 3627 774 3686; x_wconf 89' lang='lat' dir='ltr'><strong>Versus</strong></span> <span class='ocrx_word' id='word_1_302' title='bbox 816 3620 988 3683; x_wconf 84' lang='lat' dir='ltr'><strong>4tum</strong></span> <span class='ocrx_word' id='word_1_303' title='bbox 1025 3631 1087 3683; x_wconf 92' lang='lat' dir='ltr'><strong>et</strong></span> <span class='ocrx_word' id='word_1_304' title='bbox 1130 3626 1301 3683; x_wconf 83' lang='lat' dir='ltr'><strong>5tum</strong></span> <span class='ocrx_word' id='word_1_305' title='bbox 1345 3624 1526 3701; x_wconf 88' lang='lat' dir='ltr'><strong>hujus</strong></span> <span class='ocrx_word' id='word_1_306' title='bbox 1565 3623 1798 3701; x_wconf 86' lang='lat' dir='ltr'><strong>Capitis</strong></span> <span class='ocrx_word' id='word_1_307' title='bbox 1812 3668 1829 3699; x_wconf 90' lang='lat'><strong>,</strong></span> <span class='ocrx_word' id='word_1_308' title='bbox 1887 3631 1948 3685; x_wconf 89' lang='lat' dir='ltr'><strong>et</strong></span> <span class='ocrx_word' id='word_1_309' title='bbox 1994 3624 2138 3702; x_wconf 89' lang='lat' dir='ltr'><strong>quid</strong></span> <span class='ocrx_word' id='word_1_310' title='bbox 2182 3617 2296 3701; x_wconf 90' lang='lat' dir='ltr'><strong>per</strong></span> <span class='ocrx_word' id='word_1_311' title='bbox 2331 3625 2555 3700; x_wconf 89' lang='lat' dir='ltr'><strong>album,</strong></span> 
     </span>
     <span class='ocr_line' id='line_1_34' title="bbox 426 3725 2555 3801; baseline 0 -18"><span class='ocrx_word' id='word_1_312' title='bbox 426 3726 701 3785; x_wconf 86' lang='lat' dir='ltr'><strong>videatur</strong></span> <span class='ocrx_word' id='word_1_313' title='bbox 735 3741 922 3801; x_wconf 90' lang='lat' dir='ltr'><strong>supra</strong></span> <span class='ocrx_word' id='word_1_314' title='bbox 954 3741 1026 3783; x_wconf 84' lang='lat' dir='ltr'><strong>n:</strong></span> <span class='ocrx_word' id='word_1_315' title='bbox 1073 3725 1248 3782; x_wconf 82' lang='lat'>196:</span> <span class='ocrx_word' id='word_1_316' title='bbox 1304 3741 1415 3798; x_wconf 88' lang='lat' dir='ltr'><strong>per</strong></span> <span class='ocrx_word' id='word_1_317' title='bbox 1447 3731 1681 3784; x_wconf 90' lang='lat' dir='ltr'><strong>montes</strong></span> <span class='ocrx_word' id='word_1_318' title='bbox 1716 3725 1906 3799; x_wconf 88' lang='lat' dir='ltr'><strong>aeris,</strong></span> <span class='ocrx_word' id='word_1_319' title='bbox 1959 3727 2115 3784; x_wconf 88' lang='lat' dir='ltr'><strong>inter</strong></span> <span class='ocrx_word' id='word_1_320' title='bbox 2150 3741 2302 3801; x_wconf 91' lang='lat' dir='ltr'><strong>quos</strong></span> <span class='ocrx_word' id='word_1_321' title='bbox 2341 3740 2555 3785; x_wconf 85' lang='lat' dir='ltr'><strong>currus</strong></span> 
     </span>
     <span class='ocr_line' id='line_1_35' title="bbox 428 3821 2556 3899; baseline 0.001 -16"><span class='ocrx_word' id='word_1_322' title='bbox 428 3831 490 3884; x_wconf 91' lang='lat' dir='ltr'><strong>et</strong></span> <span class='ocrx_word' id='word_1_323' title='bbox 524 3827 664 3899; x_wconf 89' lang='lat' dir='ltr'><strong>equi</strong></span> <span class='ocrx_word' id='word_1_324' title='bbox 699 3825 1043 3896; x_wconf 87' lang='lat' dir='ltr'><strong>exiverunt,</strong></span> <span class='ocrx_word' id='word_1_325' title='bbox 1098 3821 1468 3896; x_wconf 88' lang='lat' dir='ltr'><strong>significatur</strong></span> <span class='ocrx_word' id='word_1_326' title='bbox 1516 3823 1738 3883; x_wconf 86' lang='lat' dir='ltr'><strong>bonum</strong></span> <span class='ocrx_word' id='word_1_327' title='bbox 1786 3827 2008 3885; x_wconf 87' lang='lat' dir='ltr'><strong>amoris</strong></span> <span class='ocrx_word' id='word_1_328' title='bbox 2044 3827 2106 3883; x_wconf 91' lang='lat' dir='ltr'><strong>in</strong></span> <span class='ocrx_word' id='word_1_329' title='bbox 2143 3825 2406 3884; x_wconf 88' lang='lat' dir='ltr'><strong>naturali</strong></span> <span class='ocrx_word' id='word_1_330' title='bbox 2441 3826 2556 3885; x_wconf 89' lang='lat' dir='ltr'><strong>bo-</strong></span> 
     </span>
     <span class='ocr_line' id='line_1_36' title="bbox 428 3921 2558 4002; baseline 0 -20"><span class='ocrx_word' id='word_1_331' title='bbox 428 3925 619 3999; x_wconf 82' lang='lat' dir='ltr'><strong>mine3</strong></span> <span class='ocrx_word' id='word_1_332' title='bbox 671 3923 784 3981; x_wconf 90' lang='lat' dir='ltr'><strong>hoc</strong></span> <span class='ocrx_word' id='word_1_333' title='bbox 835 3921 1083 3992; x_wconf 87' lang='lat' dir='ltr'><strong>dicitur,</strong></span> <span class='ocrx_word' id='word_1_334' title='bbox 1138 3923 1279 3996; x_wconf 87' lang='lat' dir='ltr'><strong>quia</strong></span> <span class='ocrx_word' id='word_1_335' title='bbox 1326 3927 1569 3998; x_wconf 85' lang='lat' dir='ltr'><strong>gentes,</strong></span> <span class='ocrx_word' id='word_1_336' title='bbox 1625 3924 1700 3983; x_wconf 91' lang='lat' dir='ltr'><strong>de</strong></span> <span class='ocrx_word' id='word_1_337' title='bbox 1749 3924 1969 4000; x_wconf 88' lang='lat' dir='ltr'><strong>quibus</strong></span> <span class='ocrx_word' id='word_1_338' title='bbox 2014 3925 2112 3984; x_wconf 89' lang='lat' dir='ltr'><strong>hic</strong></span> <span class='ocrx_word' id='word_1_339' title='bbox 2147 3926 2380 4002; x_wconf 89' lang='lat' dir='ltr'><strong>agitur,</strong></span> <span class='ocrx_word' id='word_1_340' title='bbox 2439 3940 2558 3985; x_wconf 86' lang='lat' dir='ltr'><strong>non</strong></span> 
     </span>
     <span class='ocr_line' id='line_1_37' title="bbox 430 4019 2560 4103; baseline 0 -20"><span class='ocrx_word' id='word_1_341' title='bbox 430 4027 492 4083; x_wconf 82' lang='lat' dir='ltr'><strong>in</strong></span> <span class='ocrx_word' id='word_1_342' title='bbox 535 4022 692 4082; x_wconf 91' lang='lat' dir='ltr'><strong>bono</strong></span> <span class='ocrx_word' id='word_1_343' title='bbox 751 4020 1052 4098; x_wconf 86' lang='lat' dir='ltr'><strong>spirituali</strong></span> <span class='ocrx_word' id='word_1_344' title='bbox 1116 4019 1227 4080; x_wconf 89' lang='lat' dir='ltr'><strong>sed</strong></span> <span class='ocrx_word' id='word_1_345' title='bbox 1268 4022 1330 4080; x_wconf 92' lang='lat' dir='ltr'><strong>in</strong></span> <span class='ocrx_word' id='word_1_346' title='bbox 1374 4020 1532 4083; x_wconf 91' lang='lat' dir='ltr'><strong>bono</strong></span> <span class='ocrx_word' id='word_1_347' title='bbox 1580 4025 1842 4083; x_wconf 88' lang='lat' dir='ltr'><strong>naturali</strong></span> <span class='ocrx_word' id='word_1_348' title='bbox 1900 4025 2168 4099; x_wconf 81' lang='lat' dir='ltr'><strong>fuerunt,</strong></span> <span class='ocrx_word' id='word_1_349' title='bbox 2230 4031 2560 4103; x_wconf 89' lang='lat' dir='ltr'><strong>antequam</strong></span> 
     </span>
     <span class='ocr_line' id='line_1_38' title="bbox 427 4120 2553 4201; baseline 0 -18"><span class='ocrx_word' id='word_1_350' title='bbox 427 4123 713 4183; x_wconf 88' lang='lat' dir='ltr'><strong>illustrati</strong></span> <span class='ocrx_word' id='word_1_351' title='bbox 764 4126 939 4197; x_wconf 84' lang='lat' dir='ltr'><strong>sunt3</strong></span> <span class='ocrx_word' id='word_1_352' title='bbox 1007 4120 1168 4199; x_wconf 89' lang='lat' dir='ltr'><strong>quod</strong></span> <span class='ocrx_word' id='word_1_353' title='bbox 1213 4139 1324 4200; x_wconf 89' lang='lat' dir='ltr'><strong>per</strong></span> <span class='ocrx_word' id='word_1_354' title='bbox 1368 4130 1636 4184; x_wconf 90' lang='lat' dir='ltr'><strong>montem</strong></span> <span class='ocrx_word' id='word_1_355' title='bbox 1695 4124 2067 4201; x_wconf 86' lang='lat' dir='ltr'><strong>significetur</strong></span> <span class='ocrx_word' id='word_1_356' title='bbox 2110 4124 2336 4184; x_wconf 91' lang='lat' dir='ltr'><strong>bonum</strong></span> <span class='ocrx_word' id='word_1_357' title='bbox 2383 4140 2553 4184; x_wconf 89' lang='lat' dir='ltr'><strong>amo-</strong></span> 
     </span>
     <span class='ocr_line' id='line_1_39' title="bbox 430 4223 2553 4298; baseline 0.001 -17"><span class='ocrx_word' id='word_1_358' title='bbox 430 4225 541 4298; x_wconf 89' lang='lat' dir='ltr'><strong>ris,</strong></span> <span class='ocrx_word' id='word_1_359' title='bbox 595 4223 869 4284; x_wconf 80' lang='lat' dir='ltr'><strong>videatur</strong></span> <span class='ocrx_word' id='word_1_360' title='bbox 906 4240 973 4282; x_wconf 80' lang='lat' dir='ltr'><strong>n:</strong></span> <span class='ocrx_word' id='word_1_361' title='bbox 1024 4223 1179 4283; x_wconf 87' lang='grc'><strong>795.</strong></span> <span class='ocrx_word' id='word_1_362' title='bbox 1228 4226 1442 4284; x_wconf 85' lang='grc'>4210.</span> <span class='ocrx_word' id='word_1_363' title='bbox 1495 4224 1708 4284; x_wconf 85' lang='grc'>6435.</span> <span class='ocrx_word' id='word_1_364' title='bbox 1755 4226 1968 4285; x_wconf 88' lang='grc'><strong>8327.</strong></span> <span class='ocrx_word' id='word_1_365' title='bbox 2015 4224 2224 4285; x_wconf 89' lang='grc'>8758.</span> <span class='ocrx_word' id='word_1_366' title='bbox 2277 4226 2553 4298; x_wconf 84' lang='grc'><strong>10438;</strong></span> 
     </span>
    </p>
   </div>
  </div>
 </body>
</html>
