2791 4778
397 349 508 404 124
811 340 1307 396 APOCALYPSIS
1353 338 1787 400 EXPLICATA.
1872 340 1917 408 §.
1963 348 2094 401 329.

394 503 576 563 licant
610 501 957 578 potentiam,
998 508 1060 560 et
1093 499 1231 559 inde
1260 501 1459 560 omnia
1493 498 1654 576 apud
1691 498 1827 559 illos
1872 515 2030 576 quae
2060 505 2317 576 possunt
2327 520 2344 575 3
2383 502 2528 576 quia

396 602 549 661 haec
603 599 1043 677 significantur,
1097 599 1236 660 ideo
1288 601 1468 660 etiam
1524 599 1770 674 dicitur,
1824 598 1983 658 labia
2020 604 2231 665 vestra
2274 599 2531 677 loquuta

397 708 538 761 sunt
585 702 927 777 mendacia,
985 707 1045 761 et
1077 700 1284 778 lingua
1316 708 1522 759 vestra
1571 702 2034 776 perversitatem
2087 699 2375 758 meditata
2411 706 2527 775 est,

398 801 710 863 mendacia
769 808 909 861 sunt
959 800 1151 875 salsa,
1209 807 1268 859 et
1303 802 1674 876 perversitas
1724 806 1820 859 est
1868 798 2089 859 malum
2143 800 2279 858 falsi
2292 821 2308 876 3
2368 800 2533 877 quod

399 903 590 980 pedes
628 919 833 964 eorum
870 902 1152 961 festinent
1186 900 1261 960 ad
1289 900 1707 960 effundendum
1742 902 2092 977 sanguinem
2127 901 2530 975 innocentem,

405 1002 705 1081 significat
764 1001 840 1060 ad
875 1001 1300 1061 destruendum
1361 1001 1583 1060 bonnm
1639 1003 1857 1059 amoris
1910 1007 1970 1059 et
2015 1001 2356 1075 charitatis,
2410 1002 2534 1063 hoc

402 1101 772 1182 significatur
819 1119 929 1178 per
966 1101 1268 1161 effundere
1305 1103 1654 1179 sanguinem
1709 1103 2116 1176 innocentem3
2172 1101 2391 1160 bonum
2427 1104 2530 1160 in-

399 1204 713 1261 nocentiae
744 1209 837 1261 est
872 1219 944 1260 ex
975 1219 1091 1277 quo
1118 1218 1291 1261 omne
1319 1201 1543 1261 bonum
1581 1209 1642 1261 ct
1668 1219 1876 1260 verum
1907 1200 2075 1261 Coeli
2104 1208 2163 1259 et
2189 1201 2531 1275 Ecclesiae,

399 1302 678 1361 videatur
737 1302 798 1359 in
836 1301 1037 1378 Opere
1086 1303 1159 1361 de
1208 1301 1417 1363 Coeno
1466 1321 1544 1360 m·
1579 1301 1854 1361 Inrenno
1925 1320 2001 1361 n:
2046 1306 2183 1362 276
2242 1302 2317 1359 ad
2362 1304 2530 1363 283.

400 1402 494 1461 Ex
526 1401 619 1461 his
659 1411 931 1461 constare
959 1409 1177 1480 potest,
1219 1402 1363 1480 quid
1397 1403 1459 1460 in
1496 1404 1792 1461 communi
1827 1418 2015 1461 sensu
2050 1420 2160 1479 per
2198 1404 2534 1479 sanguines

403 1504 463 1562 in
498 1502 719 1581 plurali
752 1502 1146 1580 significatur,
1199 1502 1358 1579 quod
1407 1519 1622 1580 nempe
1660 1502 1945 1563 violentia
1991 1503 2163 1562 illata
2204 1509 2326 1560 tam
2365 1506 2531 1562 veris

404 1620 583 1681 quam
619 1604 792 1663 bonis
829 1602 1023 1663 Verbi
1060 1615 1119 1660 et
1155 1601 1484 1662 Ecclesiae.
1561 1603 1855 1680 Quoniam
1892 1621 2001 1679 per
2038 1602 2342 1663 effundere
2380 1618 2530 1661 san-

400 1706 640 1780 gninem
685 1705 1060 1763 innocentem
1120 1702 1490 1780 significatur
1542 1704 1851 1764 destruere
1913 1703 2133 1762 bonum
2191 1706 2410 1761 amoris
2466 1712 2530 1762 et

401 1802 726 1875 charitati5‚
765 1802 897 1862 ideo
927 1802 1199 1862 omnibns
1237 1803 1428 1862 modis
1458 1810 1847 1880 praecautum
1886 1804 1995 1862 suit
2031 1821 2105 1862 ne
2142 1806 2390 1880 sanguis
2426 1806 2530 1862 in-

399 1918 621 1961 nocens
660 1902 1078 1975 effunderetur‚
1138 1912 1198 1961 et
1232 1906 1284 1963 si
1323 1903 1727 1962 effunderetur
1763 1902 1921 1980 quod
1960 1910 2120 1962 terra
2158 1907 2527 1981 expiaretur,

399 2002 600 2061 Deut:
636 2000 814 2063 XIX:
862 2004 969 2061 10.
1019 2004 1127 2061 13.
1186 2004 1343 2081 Cap:
1382 2003 1569 2065 XXI:
1616 2007 1644 2062 1
1694 2004 1769 2062 ad
1813 2006 1848 2063 9
1864 2024 1882 2080 3
1937 2013 2100 2063 terra
2136 2007 2294 2062 enim
2329 2006 2525 2081 signi-

399 2102 538 2161 ficat
572 2101 928 2162 Ecclesiam.
985 2103 1165 2180 Apud
1200 2105 1444 2181 Esajam
1488 2148 1521 2180 ‚,
1548 2103 1835 2165 Jelzovah
1874 2104 2094 2182 eaeassens
2141 2123 2174 2162 e
2220 2099 2353 2165 loco
2405 2123 2528 2164 auo

399 2200 492 2263 ad
550 2201 948 2264 visitandum
1014 2203 1418 2283 iniquitatem
1474 2209 1716 2277 Μήνη·
1779 2211 1927 2266 tunc
1987 2202 2290 2266 revelabit
2350 2210 2528 2266 tem-a

399 2302 748 2385 sanquines
804 2323 986 2381 suos,
1059 2310 1120 2363 et
1178 2323 1305 2365 non
1360 2302 1586 2366 celabit
1654 2303 1941 2387 ampliu-s·
1997 2304 2236 2367 occisos
2307 2323 2459 2366 auo-s·
2483 2307 2521 2337 “

272 2468 287 2485 ἡ
399 2398 646 2466 XXV1=
689 2408 814 2482 213
863 2424 983 2484 per
1009 2409 1334 2484 sanguines
1386 2424 1538 2483 quos
1586 2413 1748 2467 terra
1782 2407 2078 2467 revelabit
2112 2406 2527 2483 significantur

400 2507 598 2566 omnia
631 2507 789 2565 falsa
825 2513 885 2565 et
912 2507 1072 2566 mala
1108 2525 1263 2584 quae
1292 2508 1716 2567 destruxerunt
1744 2525 1888 2566 vera
1917 2517 1977 2568 et
2001 2508 2161 2566 bona
2187 2507 2528 2582 Ecclesiae,

398 2613 560 2666 terra
606 2613 699 2667 est
730 2607 1009 2668 Ecclesia
1065 2608 1167 2667 ubi
1204 2608 1335 2684 illa3
1390 2626 1502 2685 per
1539 2610 1768 2667 occisos
1806 2610 2214 2684 significantur
2261 2610 2365 2686 qui
2408 2625 2527 2685 per

395 2706 503 2765 illa
535 2710 873 2784 perierunt:
914 2709 1072 2784 quod
1099 2711 1280 2768 occisi
1304 2709 1637 2786 significent
1663 2708 1799 2768 illos
1829 2711 1929 2786 qui
1957 2726 2068 2787 per
2090 2708 2245 2767 falsa
2274 2718 2334 2767 et
2361 2707 2528 2766 mala

396 2808 736 2884 perierunt,
775 2809 1048 2867 videatur
1084 2827 1154 2867 n:
1199 2810 1361 2868 315.
1430 2811 1501 2870 In
1538 2808 1910 2886 Apocalypsi
1964 2855 2001 2885 „
2027 2807 2111 2868 In
2146 2804 2529 2888 Babylonia

396 2907 674 2987 sanquis
697 2907 1155 2986 mophetaram
1187 2913 1246 2966 et
1280 2915 1644 2969 sanctorum
1678 2909 1969 2971 inventus
1996 2917 2106 2983 est,
2153 2914 2214 2968 et
2236 2907 2528 2970 omnium

397 3007 512 3086 qui
535 3006 732 3067 occisi
757 3013 907 3068 sunt
932 3026 1123 3086 super
1152 3010 1368 3068 terra“
1400 3008 1633 3068 XVIII:
1671 3014 1780 3084 243
1821 3013 2061 3088 sanguis
2088 3009 2529 3088 prophetarum

403 3115 464 3165 et
498 3115 840 3166 sanctorum
874 3125 985 3186 pro
1025 3109 1334 3168 exstinctis
1372 3110 1534 3167 veris
1572 3117 1631 3169 et
1665 3110 1866 3186 bonis,
1925 3104 1988 3170 et
2022 3113 2206 3170 occisi
2255 3127 2362 3186 pro
2398 3107 2525 3168 illis

402 3208 504 3280 qui
539 3222 651 3280 per
685 3205 840 3266 salsa
873 3213 936 3267 et
971 3206 1131 3293 mala
1165 3209 1504 3284 perierunt,
1542 3217 1608 3268 ut
1645 3228 1782 3269 mox
1818 3228 2023 3288 supra.
2081 3209 2286 3270 Simile
2335 3209 2525 3268 intel-

394 3305 597 3382 ligitur
630 3323 741 3383 per
784 3352 822 3384 „
834 3306 1234 3388 Sanquinem
1260 3307 1724 3387 prophetarum
1759 3309 1871 3391 qui
1895 3311 2137 3391 effusus
2176 3327 2365 3390 super
2391 3314 2525 3370 ter-

398 3425 572 3486 ram,
629 3426 673 3469 a
709 3408 1026 3490 sanquine
1057 3405 1279 3470 Abelis
1299 3407 1479 3490 justi
1517 3429 1713 3490 usque
1746 3410 1837 3471 ad
1859 3411 2241 3491 sanquinem
2274 3407 2525 3472 Sacha-

394 3508 534 3570 riae
575 3507 720 3591 filii
752 3506 1154 3582 Ean-achiae,
1207 3527 1389 3588 quem
1454 3509 1815 3572 occiderunt
1861 3509 2029 3572 inter
2073 3508 2410 3591 Templum
2459 3516 2526 3571 et

395 3606 672 3672 Altare“
715 3609 944 3670 Matth:
985 3607 1230 3669 XXIII:
1274 3610 1385 3668 30.
1431 3612 1543 3670 34.
1588 3611 1698 3671 35.
1752 3612 1914 3671 Luoe
1947 3611 2075 3672 XI:
2121 3614 2230 3672 50.
2279 3613 2401 3687 513
2457 3613 2526 3670 in

397 3725 580 3769 sensu
612 3707 922 3786 spirituali
957 3726 1067 3785 per
1094 3708 1349 3769 Abelem
1384 3710 1800 3788 intelliguntur
1833 3711 1921 3771 illi
1954 3715 2059 3789 qui
2091 3714 2152 3771 in
2188 3712 2344 3771 bono
2373 3711 2525 3772 cha-

396 3810 589 3868 ritatis
642 3814 812 3878 sunt,
866 3815 927 3868 et
974 3808 1273 3870 abstracte
1329 3827 1367 3868 a
1401 3826 1665 3888 persona
1711 3814 1905 3888 ipsum
1960 3812 2107 3871 illud
2148 3811 2403 3887 bonum,
2458 3820 2527 3871 et

394 3925 506 3987 per
544 3906 796 3968 cainum
832 3908 920 3968 illi
983 3910 1086 3986 qui
1119 3909 1312 3970 solam
1346 3911 1528 3972 fidem
1571 3912 1797 3973 faciunt
1848 3914 2085 3973 unicum
2137 3912 2349 3972 salutis
2387 3929 2519 3971 me-

396 4008 596 4081 dium,
634 4014 695 4068 et
726 4007 945 4069 bonum
983 4009 1292 4071 charitatis
1327 4010 1527 4087 nihili,
1568 4017 1629 4072 et
1661 4012 1798 4070 inde
1843 4013 1907 4073 id
1940 4013 2220 4090 rejiciunt
2255 4018 2316 4071 et
2349 4014 2519 4074 occi-

368 4104 371 4107 ’
398 4108 545 4169 dunt
556 4131 573 4185 3
613 4115 673 4168 et
709 4126 817 4188 per
845 4108 1192 4172 Sachariam
1225 4111 1642 4189 intelliguntur
1676 4112 1763 4172 illi
1800 4117 1905 4192 qui
1935 4115 1997 4174 in
2024 4115 2183 4176 veris
2213 4112 2520 4173 doctrinae

396 4216 571 4286 sunt,
631 4217 689 4271 et
724 4211 1024 4272 abstracte
1088 4229 1125 4270 a
1171 4226 1434 4288 persona
1481 4214 1678 4289 ipsum
1727 4230 1934 4274 verum
1983 4213 2323 4290 doctrinae;
2379 4211 2522 4272 inde
