2791 4778
402 334 643 391 CAPUT
696 333 1044 401 QUINTUM.
1831 333 2039 388 VERS:
2086 342 2138 394 3.
2297 346 2366 398 31

232 498 618 574 cognitiones
660 497 786 554 veri
799 514 815 569 3
885 495 1161 570 quoniam
1225 493 1371 551 talia
1433 491 1872 569 significantur,
1929 494 2173 567 dicitur,
2230 498 2371 571 quia

224 599 490 659 redemit
525 595 567 655 J
572 594 809 655 ehovah
844 593 1160 665 Jacobum,
1201 610 1310 668 per
1339 593 1637 652 ,Iacobum
1672 595 1733 651 in
1761 593 1966 652 Verbo
2001 593 2369 670 significatur

224 699 514 760 Ecclesia
541 702 823 767 externa,
865 701 921 752 et
960 710 1070 770 per
1104 692 1393 753 Israelem
1422 692 1699 753 Ecclesia
1722 695 1985 769 interna3
2026 694 2371 771 expandere

229 799 443 860 coelos
481 804 544 855 et
573 794 898 856 extendere
924 802 1146 852 terram
1182 793 1481 869 significat
1505 793 1839 852 Ecclesiam
1863 793 2178 864 utrobivis,
2214 812 2370 871 quae

228 898 604 977 expanditur
639 903 697 954 et
736 895 1078 955 extenditur
1129 911 1239 969 per
1275 893 1829 970 multiplicationem
1881 896 2009 954 veri
2064 899 2125 954 et
2156 895 2372 956 fructi-

225 1002 576 1062 ficationem
610 997 751 1056 boni
787 995 951 1072 apud
987 994 1123 1053 illos
1161 995 1262 1071 qui
1290 993 1364 1052 ab
1392 994 1670 1053 Ecclesia
1706 1002 1864 1054 sunt.
1918 994 2103 1071 Apud
2134 994 2367 1056 Sacha-

228 1104 386 1161 riam
457 1143 492 1174 „
514 1095 796 1158 Jehovah
846 1093 1187 1156 extendens
1232 1092 1462 1169 coeloe,
1517 1099 1577 1154 et
1612 1093 1913 1174 fundans
1954 1093 2256 1172 Terram,
2310 1101 2371 1156 et

217 1202 533 1283 formans
578 1196 886 1277 spiritum
936 1194 1212 1255 hominis
1253 1194 1323 1255 in
1361 1194 1568 1258 medio
1606 1194 1744 1277 ejus
1766 1197 1804 1228 “
1858 1195 2018 1254 XII:
2068 1199 2132 1271 l;
2200 1199 2368 1256 simi-

227 1303 373 1361 liter
419 1294 530 1359 hie
552 1316 662 1377 per
697 1296 901 1356 coelos
939 1302 1000 1354 et
1032 1313 1142 1373 per
1177 1301 1400 1354 terram
1434 1295 1799 1371 significatur
1828 1294 2101 1355 Ecclesia
2136 1297 2367 1356 utrobi·

229 1405 365 1475 vis,
405 1403 493 1459 ita
529 1398 725 1474 quoad
761 1382 1045 1456 interiora
1081 1404 1141 1455 et
1177 1396 1376 1471 quoad
1414 1397 1711 1454 exteriora
1748 1395 1910 1472 ejus3
1966 1412 2151 1473 quare
2189 1400 2370 1457 etiam

238 1502 483 1573 dicitur,
524 1499 782 1557 formans
819 1498 1094 1574 spiritum
1126 1495 1381 1555 hominis
1426 1497 1486 1553 in
1523 1495 1717 1554 medio
1755 1496 1906 1573 ejus,
1965 1497 2154 1572 Apud
2186 1497 2368 1558 Jere-

237 1601 426 1661 miani
477 1643 515 1675 „
540 1596 674 1658 Dii
714 1596 824 1678 qui
870 1591 1125 1656 Ocelum
1162 1600 1223 1655 et
1267 1594 1538 1656 Terram
1585 1613 1710 1655 non
1733 1594 2026 1675 fecerunt
2045 1640 2063 1666 ‚
2109 1603 2371 1675 pereant

232 1701 318 1762 de
358 1699 567 1762 Tem
619 1704 677 1759 et
734 1696 813 1757 de
853 1695 968 1757 sub
1012 1692 1219 1756 Caelis
1237 1718 1257 1757 .·
1315 1693 1602 1756 Jehovah
1636 1694 1894 1776 faciens
1938 1695 2206 1759 Terram
2249 1716 2372 1776 per

235 1801 544 1863 virtutem
597 1818 810 1870 suam,
863 1814 1272 1876 praeparans
1328 1796 1533 1857 orbem
1570 1814 1690 1875 per
1727 1795 2113 1874 sapientiam
2163 1816 2367 1873 suam,

237 1908 299 1962 et
346 1921 471 1982 per
517 1897 1013 1979 intelliyentiam
1064 1915 1253 1958 suam
1304 1895 1644 1958 extendens
1697 1893 1896 1956 coelos
1909 1916 1938 1970 ,·
2003 1896 2093 1958 ad
2145 1916 2367 1973 vocem,

236 2021 432 2082 quam
476 2000 593 2062 dat
630 1997 788 2070 Ille,
824 1994 1173 2058 multitudo
1218 2016 1533 2077 aquarum
1570 1996 1642 2058 in
1674 1993 1902 2069 O'oelz‘s,
1945 2002 2003 2058 et
2043 1996 2374 2059 ascendere

231 2103 409 2183 facit
447 2119 713 2182 vapores
751 2099 945 2180 afine
977 2096 1259 2159 Tem-affl
1299 2098 1393 2158 X:
1443 2102 1699 2157 11.12.
1749 2099 1856 2157 13.
1915 2098 2079 2175 Cap:
2109 2099 2221 2158 LI:
2259 2102 2370 2174 163

247 2206 391 2281 quia
430 2203 596 2265 Coeli
635 2210 697 2261 et
736 2202 926 2260 Terra
961 2198 1301 2276 significant
1335 2199 1699 2273 Ecclesiam,
1753 2206 1820 2257 ut
1855 2217 2068 2276 supra,
2107 2200 2243 2259 ideo
2281 2200 2374 2259 di-

245 2306 400 2363 citur
422 2349 438 2379 ,
505 2301 790 2364 Jehovah
851 2301 1079 2359 faciens
1141 2309 1361 2358 terram
1421 2317 1533 2376 per
1578 2303 1860 2360 virtutem
1919 2316 2120 2374 suam,
2189 2317 2371 2376 prae-

245 2422 470 2482 parans
507 2405 712 2464 orbem
749 2420 858 2479 per
892 2403 1250 2477 sapientiam
1286 2418 1487 2475 suam,
1546 2409 1606 2461 et
1641 2401 1968 2461 extendens
2027 2400 2227 2459 coelos
2264 2417 2373 2477 per

251 2505 707 2580 intelligentiam
747 2520 948 2576 suam3
1000 2509 1064 2562 et
1099 2518 1337 2577 quoque
1372 2501 1508 2561 ideo
1546 2502 1794 2577 dicitur,
1833 2500 1912 2559 ad
1943 2517 2156 2560 vocem
2193 2516 2372 2576 quam

252 2605 360 2663 dat
390 2604 504 2663 Ille
540 2602 852 2663 multitudo
888 2618 1175 2677 aquarum
1228 2604 1290 2661 in
1324 2602 1543 2677 coelis,
1601 2608 1662 2662 et
1696 2601 2024 2661 ascendere
2075 2601 2217 2660 facit
2254 2619 2367 2660 va·
2411 2614 2571 2684 [363]

251 2720 438 2783 pores
480 2721 516 2761 a
561 2704 678 2763 fine
731 2708 960 2778 terrae3
1015 2719 1133 2779 perr
1169 2719 1375 2762 vocem
1442 2721 1620 2780 quam
1657 2702 1938 2762 Jehovah
1992 2702 2123 2777 dat,
2179 2704 2369 2780 signi-

245 2807 464 2868 ficatur
495 2804 782 2863 Divinum
817 2802 1043 2863 Verum
1077 2802 1525 2880 procedens‘ab
1558 2803 1734 2882 Ips03
1788 2819 1899 2880 per
1932 2802 2372 2863 multitudinem

245 2923 537 2985 aquarum
570 2907 633 2964 in
666 2904 852 2964 coelis
888 2903 1298 2982 significantur
1335 2922 1482 2963 vera
1516 2907 1576 2964 in
1613 2906 1816 2980 copia,
1856 2921 2050 2981 aquae
2091 2905 2248 2963 enim
2282 2906 2370 2963 si·
2463 2891 2470 2896 ’

244 3007 528 3085 gnificant
575 3024 744 3080 νει-ας
817 3010 879 3064 et
929 3022 1039 3081 per
1088 3021 1347 3079 vapores
1386 3022 1538 3081 quos
1587 3005 1913 3066 ascendere
1974 3005 2116 3064 facit
2166 3021 2204 3062 a
2252 3003 2371 3064 fine

243 3115 440 3168 terrae
477 3106 891 3183 significantur
939 3122 1087 3164 vera
1136 3103 1345 3163 ultima
1379 3105 1721 3179 Ecclesiae,
1775 3121 2035 3182 vapores
2084 3110 2223 3163 sunt
2266 3104 2373 3163 illa

246 3226 420 3283 vera,
480 3214 547 3265 et
580 3207 714 3265 finis
751 3211 949 3264 terrae
990 3211 1083 3264 est
1117 3204 1385 3263 ultimum
1417 3206 1757 3265 Ecclesiae:
1799 3212 1859 3264 et
1893 3206 2033 3282 quia
2069 3204 2152 3263 dii
2178 3206 2366 3281 signi-

243 3309 421 3368 ficant
467 3307 628 3367 falsa
672 3305 976 3365 doctrinae
1027 3310 1087 3363 et
1136 3304 1367 3379 cultus,
1440 3323 1593 3382 quae
1656 3305 1969 3364 destruunt
2017 3304 2371 3374 Ecclesiam,

241 3408 375 3468 ideo
411 3409 632 3468 dicitur
667 3405 751 3465 dii
786 3406 886 3482 qui
920 3422 1040 3464 non
1076 3405 1346 3464 fecerunt
1381 3405 1618 3464 coelum
1655 3411 1714 3465 et
1749 3412 1968 3464 terram
2007 3410 2260 3480 pereant
2294 3404 2370 3463 de

247 3516 406 3568 terra
454 3514 523 3568 et
558 3507 633 3578 de
669 3504 784 3565 sub
820 3505 1023 3564 coelis.
1103 3504 1286 3581 Apud
1320 3505 1615 3566 Davidem
1671 3549 1709 3580 „
1732 3502 2016 3565 Jehovah
2054 3501 2165 3581 qui
2196 3501 2373 3582 facit

251 3603 465 3668 O'oelos
481 3626 607 3688 per
632 3602 1140 3686 intelliymtiam,
1179 3610 1239 3665 et
1264 3605 1578 3684 ecc-pandit
1609 3604 1876 3667 Terram
1902 3621 2092 3682 super
2119 3605 2369 3680 aquae“

255 3705 493 3766 Psalmt
532 3706 881 3768 CXXXVI:
932 3713 988 3767 5.
1029 3712 1086 3781 63
1126 3708 1266 3782 quia
1298 3724 1410 3782 per
1446 3707 1678 3767 coelum
1717 3711 1778 3765 et
1811 3711 2030 3763 terrani
2070 3703 2369 3781 significa·

257 3809 354 3862 tur
378 3806 666 3880 Ecclesia,
702 3814 767 3866 et
800 3807 1074 3868 Ecclesia
1108 3808 1397 3866 formatur
1432 3824 1543 3883 per
1577 3825 1753 3881 vera,
1796 3811 1856 3864 et
1892 3823 2036 3865 vera
2061 3805 2373 3866 Ecclesiae

259 3903 481 3965 faciunt
529 3905 1003 3984 intelligentiam,
1059 3908 1195 3966 ideo
1245 3908 1460 3966 dicitur
1495 3907 1533 3966 J
1540 3906 1776 3966 ehovah
1823 3906 1966 3965 facit
2027 3906 2228 3966 coelos
2263 3923 2377 3983 per

258 4004 742 4082 intelligentiam,
793 4015 855 4068 et
889 4007 1174 4087 expandit
1226 4013 1447 4067 terram
1488 4022 1677 4085 super
1725 4024 1949 4084 aquas,
2005 4024 2198 4084 aquae
2236 4011 2377 4066 sunt

258 4121 403 4165 vera
461 4107 785 4168 Ecclesiae.
869 4109 1046 4187 Apud
1090 4109 1331 4186 Esajam
1398 4106 1557 4183 „Sic
1605 4106 1785 4169 dimit
1836 4106 2027 4168 Deus
2071 4103 2372 4180 Jehovah,

253 4220 472 4267 ereans
506 4205 704 4271 coeloe
740 4215 800 4270 et
825 4207 1194 4289 expandens
1233 4205 1401 4283 illos,
1446 4206 1788 4270 extendens
1824 4206 2090 4269 Terram
2132 4209 2190 4264 et
2221 4222 2371 4284 pro-
