2791 4778
405 361 639 420 CAPUT
679 364 991 420 sexum.
1098 334 1103 339 ’
1787 367 1995 425 vsns=
2039 381 2095 431 2.
2255 384 2362 435 173

225 542 414 591 mare
469 523 991 588 excandescentia
1041 530 1186 602 tua,
1249 525 1419 608 quod
1468 528 1717 608 equitas
1768 547 1957 609 super
1993 530 2171 610 equis
2207 534 2362 610 tuis,

223 645 465 693 currus
499 624 600 687 tui
643 624 866 687 salus:
918 623 1189 688 calcasti
1233 646 1409 689 mare
1455 627 1632 707 equis
1678 628 1813 690 tuis
1830 674 1848 705 ,
1903 627 2113 691 lutum
2157 651 2361 711 aqua·-

220 747 384 794 rum
410 723 812 788 multarum«
855 728 978 788 111:
1024 731 1080 788 8.
1120 731 1148 785 1
1171 729 1242 804 53
1300 731 1435 804 quis
1470 746 1589 787 non
1623 730 1803 804 videt,
1843 732 2001 807 quod
2034 749 2147 808 per
2175 750 2363 810 equos

218 832 331 891 hic
382 846 500 887 non
551 827 960 904 intelligantur
1008 830 1174 906 equi,
1243 828 1459 888 dicitur
1513 832 1668 889 enim
1719 830 1792 889 de
1830 830 2146 907 Jehovah‚
2203 834 2367 909 quod

222 934 470 1009 equitet
507 945 692 1006 super
730 932 900 1003 equis
936 929 1093 1004 suis,
1152 936 1211 988 et
1249 930 1410 1005 quod
1446 929 1637 988 calcet
1668 949 1833 990 mare
1871 935 2041 1009 equis
2081 933 2243 1008 suiS,
2301 942 2364 996 et

223 1031 404 1111 quod
439 1046 648 1090 currus
683 1028 885 1105 Ipsius
923 1032 1041 1088 sint
1077 1029 1265 1100 salus,
1301 1030 1411 1089 sed
1444 1029 1558 1088 hoc
1596 1030 1831 1100 dicitur,
1867 1034 2008 1109 quia
2041 1050 2153 1109 per
2189 1036 2361 1110 equi·-

219 1141 369 1193 tare
407 1148 591 1208 super
625 1132 798 1206 equis
834 1129 1203 1206 significatur
1239 1130 1400 1207 quod
1433 1130 1474 1189 J
1481 1130 1740 1202 ehovah,
1769 1131 1881 1190 hoc
1919 1142 2032 1203 est,
2065 1133 2361 1194 Dominus

224 1236 309 1294 sit
353 1237 415 1291 in
451 1230 759 1290 intellectu
786 1228 974 1290 Verbi
1009 1231 1108 1289 sui
1138 1231 1198 1288 in
1226 1247 1407 1290 sensu
1441 1232 1571 1308 ejus
1600 1233 1896 1307 spirituali
1914 1253 1931 1309 3
1973 1240 2031 1291 et
2057 1236 2198 1310 quia
2221 1234 2361 1294 inde

223 1342 331 1395 est
373 1333 639 1392 doctrina
673 1333 829 1403 veri,
869 1347 1024 1408 quae
1061 1329 1237 1389 docet
1272 1334 1430 1389 viam
1466 1330 1711 1406 salutiS,
1753 1332 1989 1392 additur
2024 1350 2233 1393 currus
2272 1337 2362 1394 tui

226 1436 431 1508 salus,
473 1448 678 1491 currus
706 1431 1041 1507 significant
1071 1430 1430 1508 doctrinam3
1472 1438 1531 1490 et
1565 1449 1674 1509 per
1707 1431 1939 1493 calcare
1978 1451 2141 1492 mare
2172 1436 2363 1510 equis,

222 1533 611 1614 'significatur
646 1532 803 1608 quod
837 1530 1146 1605 Jehovah,
1185 1530 1299 1589 hoc
1337 1539 1454 1607 est,
1505 1532 1797 1591 Dominus
1835 1535 1914 1593 sit
1959 1535 2020 1593 in
2055 1534 2362 1594 intellectu

221 1634 430 1696 Verbi
466 1634 559 1693 sui
593 1633 652 1690 in
688 1648 875 1692 sensu
899 1631 1185 1704 naturali,
1225 1649 1361 1691 nam
1394 1650 1559 1692 mare
1596 1631 1678 1690 ibi
1712 1632 1774 1691 id
1808 1633 2118 1710 significat,
2156 1637 2217 1692 in
2254 1651 2363 1711 geq-

221 1752 384 1796 nere
422 1735 620 1793 omnia
668 1749 823 1809 quae
872 1738 1013 1791 sunt
1048 1734 1336 1791 naturalis
1371 1732 1626 1792 hominis
1684 1738 1744 1792 et
1791 1751 1901 1810 pro
1953 1734 2209 1793 naturali
2244 1735 2360 1794 ho-

222 1839 396 1898 mine
414 1854 431 1910 3
473 1841 532 1893 et
569 1834 708 1909 quia
733 1832 817 1891 ibi
845 1839 985 1893 sunt
1009 1832 1230 1892 Divina
1250 1833 1415 1891 Vera
1449 1835 1508 1891 in
1544 1850 1656 1892 suo
1685 1833 1909 1907 ultim0,
1949 1834 2084 1893 ideo
2115 1834 2363 1895 additur

219 1937 432 1997 lutum
468 1952 758 2010 aquarum
785 1933 1122 2006 multarum,
1161 1931 1354 1992 lutum
1390 1934 1687 2010 significat
1722 1934 1993 1993 ultimum
2030 1953 2105 1994 ex
2143 1952 2259 2011 quo
2297 1942 2362 1995 et

220 2039 289 2097 in
320 2054 464 2113 qu0‚
505 2041 565 2093 et
601 2049 793 2109 aquae
828 2032 1164 2109 significant
1199 2051 1359 2093 vera.
1415 2034 1595 2112 Apud
1625 2031 1976 2093 Sachariam
2018 2033 2356 2110 „Em-scin-

226 2136 394 2199 dam
432 2153 690 2195 currum
729 2152 809 2194 ecc
847 2132 1240 2213 Ephraimo‘,
1290 2138 1351 2193 et
1389 2153 1614 2213 equum
1652 2152 1731 2193 eat
1761 2132 2221 2214 Hierosolyma
2236 2154 2265 2207 ;
2300 2139 2363 2195 et

227 2235 650 2298 exscindetur
683 2253 874 2295 arcus
912 2230 1062 2294 belli
1076 2253 1105 2305 ,·
1160 2241 1377 2295 contra
1420 2232 1709 2314 loquetur
1752 2252 1973 2313 pacem
2021 2234 2356 2313 yentiba⁸“

228 2337 355 2399 IX:
400 2340 519 2412 105
574 2338 770 2414 agitur
814 2335 897 2395 ibi
943 2335 1018 2394 de
1064 2335 1326 2395 adventu
1358 2335 1632 2404 Domini,
1685 2341 1745 2393 et
1799 2334 1872 2393 de
1927 2335 2362 2396 instauratione

233 2438 550 2497 Ecclesiae
602 2436 765 2514 apud
799 2442 1040 2512 gentes3
1098 2437 1258 2513 quod
1304 2445 1448 2496 tunc
1499 2435 1645 2503 nihil
1689 2435 1998 2494 Ecclesiae
2052 2434 2362 2496 residuum

238 2538 431 2598 suerit
485 2537 641 2613 apud
676 2536 976 2611 JudaeoS,
1042 2537 1401 2597 describitur
1442 2553 1554 2612 per
1605 2535 1950 2595 exscindam
1996 2551 2236 2594 currum
2287 2552 2364 2595 ex

233 2636 597 2715 Ephraimo,
658 2644 719 2697 et
768 2654 985 2712 equum
1039 2655 1114 2696 ex
1150 2637 1609 2714 Hierosolyma,
1663 2642 1723 2695 et
1769 2635 2150 2696 exscindetur
2183 2651 2361 2695 arcus

229 2738 403 2819 belli,
430 2742 543 2815 per
559 2754 714 2814 quae
742 2728 1108 2813 significatur
1135 2737 1294 2814 quod
1322 2736 1580 2814 amplius
1611 2753 1730 2795 non
1747 2754 1956 2795 verum
1981 2737 2041 2794 in
2067 2736 2359 2810 doctrina,

229 2855 353 2899 nec
386 2837 729 2898 intellectus
762 2840 921 2911 veri,
961 2843 1023 2896 et
1055 2837 1193 2897 inde
1229 2837 1398 2896 nulla
1434 2854 1636 2913 pugna
1674 2844 1736 2897 et
1770 2839 2114 2896 resistentia
2153 2842 2363 2896 contra

228 2939 485 3011 falsum3
522 2956 634 3015 per
660 2937 1043 3014 Ephraimum
1073 2939 1440 3013 significatur
1463 2937 1738 3007 Ecclesia
1766 2937 1964 3014 quoad
1989 2936 2362 2997 intellectum

229 3041 387 3110 veri,
423 3046 484 3098 et
515 3056 629 3114 per
652 3038 1131 3114 Hierosolymam
1167 3037 1444 3096 Ecclesia
1480 3038 1676 3113 quoad
1704 3038 2035 3097 doctrinam
2068 3040 2213 3113 veri,
2252 3053 2362 3115 per

230 3157 479 3202 currum
514 3140 649 3216 ipsa
685 3138 982 3211 doctrina,
1039 3143 1100 3197 et
1132 3156 1242 3213 per
1278 3155 1499 3214 equum
1547 3140 1678 3214 ipse
1716 3138 2086 3215 intellectus,
2145 3155 2216 3197 ac
2251 3154 2362 3213 per

230 3255 446 3300 arcum
500 3237 645 3296 belli
692 3254 897 3314 pugna
949 3244 1010 3298 et
1062 3240 1405 3297 resistentia
1455 3245 1661 3297 contra
1707 3239 1953 3315 salsum3
2009 3238 2362 3297 Instauratio

228 3339 553 3400 Ecclesiae
588 3337 752 3415 apud
786 3346 1028 3414 genteS,
1083 3337 1452 3414 significatur
1499 3355 1611 3414 per
1648 3337 1802 3415 quod
1838 3337 2116 3414 loquetur
2147 3352 2364 3413 pacem

231 3439 550 3518 gentibue,
606 3455 717 3515 per
751 3445 963 3513 gentes
1000 3437 1410 3514 'significantur
1446 3455 1651 3497 omncs
1707 3440 1804 3514 qui
1849 3440 1912 3495 in
1946 3437 2102 3495 bono
2139 3436 2361 3494 amoris

231 3542 298 3599 in
333 3538 656 3598 Dominum
693 3545 860 3611 sunt,
915 3539 1192 3597 videatur
1226 3555 1415 3615 supra
1462 3556 1534 3597 n:
1579 3540 1748 3612 3313
1803 3554 1920 3613 pax
1973 3535 2269 3610 significat
2302 3532 2365 3591 id

230 3639 486 3713 bonum,
526 3645 586 3698 et
620 3637 756 3697 inde
792 3640 991 3697 omnia
1016 3637 1357 3698 Ecclesiae:
1397 3638 1558 3714 quod
1590 3637 1872 3714 Ephraim
1911 3635 2203 3711 significet
2239 3633 2358 3691 Ec·-

233 3739 483 3801 clesiam
513 3739 711 3815 quoad
737 3738 1116 3797 intellectum·
1131 3740 1277 3810 veri,
1306 3739 1583 3797 videatur
1620 3739 1680 3795 in
1708 3738 1985 3795 Anomrs
2017 3734 2360 3796 Gentesn-

233 3857 352 3902 ωε
388 3841 711 3910 11:396‘9.
759 3840 968 3899 5354.
1012 3842 1222 3898 6222.
1269 3840 1482 3898 6234.
1524 3839 1734 3897 6238.
1781 3840 1994 3895 6267.
2041 3837 2264 3911 62963
2305 3840 2367 3894 et

238 3939 402 4017 quod
449 3939 874 4018 Hierosolyma
918 3938 1213 4015 significet
1255 3937 1591 3998 Ecclesiam
1639 3937 1839 4015 quoad
1887 3937 2247 4010 doctrinam,
2304 3937 2368 3996 in

232 4040 564 4100 Dour-anu
613 4041 833 4101 Novas
889 4039 1384 4100 Hmnosouvmm
1448 4056 1513 4096 n:
1570 4040 1604 4097 6
1631 4058 1646 4116 ς
1713 4045 1775 4098 et
1824 4055 2014 4115 supra
2063 4055 2139 4096 n:
2195 4037 2362 4097 223.

235 4139 423 4218 Apud
456 4140 728 4200 Eundem
767 4185 803 4216 „
823 4138 909 4201 In
945 4137 1052 4200 die
1085 4135 1200 4200 illo
1230 4136 1596 4218 percutiam
1633 4156 1877 4200 omnem
1913 4135 2177 4217 Equum
2221 4142 2364 4196 stu-

227 4257 403 4319 pore,
435 4246 494 4299 et
524 4239 829 4319 Equitem
848 4237 1157 4311 amentia,·
1198 4246 1258 4300 et
1280 4236 1749 4318 super-domum
1762 4234 2052 4299 Jehudae
2076 4236 2367 4313 aperiam
