2791 4778
471 368 709 427 CAPUT
749 368 1060 428 SEXTUM.
2334 389 2438 439 1-07

313 521 719 594 choenices
772 518 1035 594 hordei
1090 518 1428 608 denario,
1495 540 1571 593 et
1621 521 1866 592 oleum
1926 541 2003 594 et
2051 526 2297 598 vinum
2348 554 2441 599 ne

308 621 638 693 laeseris.

472 738 537 804 7.
591 725 687 794 Et
740 747 909 792 cum
962 720 1372 819 aperuisset
1426 720 1741 819 sigillum
1779 740 2140 820 quartum,
2195 726 2440 800 audivi

308 846 574 893 vocem
643 822 884 919 quarti
935 821 1295 893 Animalis
1350 819 1755 910 dicentem,
1829 824 1994 895 veni
2046 842 2120 897 et
2167 829 2436 925 aspice.

471 936 535 1003 8.
590 926 686 993 Et
736 923 929 1010 vidi,
987 940 1061 992 et
1113 946 1289 993 ecce
1341 926 1595 1019 Equus
1647 922 1992 1021 pallidus,
2048 942 2122 996 et
2174 927 2438 1001 sedens

311 1047 543 1121 super
575 1023 730 1109 illo,
786 1047 1055 1094 nomen
1093 1020 1202 1092 illi
1237 1047 1460 1110 mors,
1519 1041 1593 1095 et
1628 1024 1959 1095 infernus
1998 1027 2443 1123 sequebatur

194 1159 213 1167 ·
310 1148 485 1194 cum
539 1122 708 1210 illo,
766 1141 840 1195 et
894 1122 1063 1194 data
1100 1121 1248 1192 illis
1294 1140 1626 1221 potestas
1678 1124 2167 1197 interficiendi
2220 1153 2440 1227 super

310 1240 656 1320 quartum
704 1240 989 1322 partem
1040 1241 1275 1294 terrae
1327 1224 1406 1292 in
1456 1224 1889 1325 romphaea,
1957 1243 2032 1297 et
2090 1227 2170 1298 in
2220 1228 2435 1316 fame,

307 1341 388 1395 et
440 1324 517 1393 in
571 1342 843 1412 morte,
899 1341 974 1395 et
1025 1349 1068 1393 a
1121 1322 1379 1394 bestiis
1433 1341 1691 1394 terrae.

471 1440 535 1504 9.
607 1428 703 1495 Et
765 1450 933 1495 cum
998 1425 1404 1522 aperuisset
1471 1426 1803 1521 quintum
1866 1425 2216 1524 sigillum,
2287 1428 2438 1501 vidi

309 1522 567 1595 subter
618 1524 855 1595 Altari
921 1525 1196 1595 animas
1266 1526 1681 1596 occisorum
1750 1544 2058 1625 propter
2109 1528 2435 1601 Verbum

306 1625 491 1713 Dei,
546 1642 621 1697 et
670 1642 977 1724 propter
1027 1625 1524 1696 testimonium
1576 1626 1777 1723 quod
1828 1626 2215 1700 habebant.

468 1741 581 1805 10.
636 1730 731 1796 Et
785 1725 1198 1797 clamabant
1233 1750 1413 1797 voce
1448 1752 1745 1823 magna,
1802 1726 2157 1817 dicenteS,
2195 1754 2430 1827 usque

305 1851 461 1923 quo
514 1828 860 1915 Domine,
919 1828 1045 1923 qui
1103 1826 1419 1897 Sanctus
1473 1844 1548 1898 et
1604 1828 1834 1901 Verus
1847 1880 1869 1915 ,
1939 1855 2092 1900 non
2143 1830 2430 1928 judicas

303 1943 385 1996 et
445 1927 775 1997 vindicas
855 1926 1285 2024 sanguinem
1361 1945 1694 1999 nostrum
1768 1928 1860 2000 de
1930 1928 2429 2003 habitantibus

301 2052 531 2125 super
582 2044 793 2098 terra.
1006 2069 1019 2084 ·

466 2144 579 2206 11.
635 2131 731 2199 Et
782 2127 994 2198 datae
1060 2125 1362 2224 singulis
1430 2127 1661 2199 stolae
1715 2128 1955 2217 albae,
2025 2148 2099 2202 et
2152 2129 2431 2204 dictum
2470 2143 2629 2207 [456]

304 2227 461 2315 eiS,
519 2246 604 2299 ut
664 2229 1213 2325 requiescerent
1272 2227 1513 2298 adhuc
1570 2246 1858 2327 tempus
1907 2255 2241 2327 parvum,
2309 2259 2428 2303 us-

300 2352 450 2425 que
507 2328 680 2399 dum
721 2327 1184 2427 complentur
1238 2345 1312 2400 et
1366 2330 1705 2401 conservi
1743 2354 1996 2401 eorum
2041 2347 2117 2403 et
2165 2331 2427 2404 fratres

304 2453 593 2517 eorum,
650 2432 778 2526 qui
832 2430 1060 2501 futuri
1113 2429 1360 2500 occidi
1416 2430 1609 2499 sicut
1661 2447 1735 2501 et
1786 2429 1916 2500 illi.

470 2545 577 2606 12.
632 2533 726 2602 Et
776 2530 961 2616 vidi,
1019 2555 1243 2626 quum
1288 2530 1696 2627 aperuisset
1749 2529 2068 2627 sigillum
2119 2549 2421 2620 sextum,

306 2645 388 2698 et
440 2653 612 2700 ecce
675 2648 911 2702 terrae
977 2647 1220 2701 motus
1285 2655 1588 2727 magnus
1622 2628 1626 2632 ’
1655 2630 1896 2701 factus
1964 2649 2107 2719 est,
2173 2649 2248 2703 et
2314 2631 2429 2704 sol

298 2729 544 2801 factus
596 2749 708 2802 est
760 2733 968 2828 niger
1001 2747 1349 2827 tanquam
1401 2756 1658 2802 saccus
1714 2730 2075 2822 cilicinus,
2128 2749 2204 2804 et
2254 2731 2427 2805 luna

296 2829 500 2901 facta
553 2849 665 2903 est
716 2849 1064 2928 tanquam
1116 2833 1430 2927 sanguis.

457 2947 572 3011 13.
627 2935 723 3002 Et
759 2932 1012 3003 stellae
1049 2930 1254 3003 Coeli
1309 2931 1738 3003 ceciderunt
1772 2933 1850 3003 in
1886 2951 2173 3022 terram,
2229 2934 2422 3006 sicut

293 3030 481 3102 ficus
550 3032 809 3131 dejicit
885 3058 1183 3130 grossos
1265 3057 1439 3103 suos
1505 3057 1548 3103 a
1609 3059 1876 3130 magno
1945 3053 2164 3107 vento
2241 3060 2418 3107 con-

293 3156 534 3204 cussa.
660 3200 661 3203 ,

455 3242 571 3317 14.
609 3237 705 3302 Et
730 3231 1032 3304 Coelum
1068 3231 1431 3304 abscessit
1468 3250 1819 3330 tanquam
1858 3233 2046 3306 liber
2072 3233 2421 3306 convolu-

293 3351 418 3403 tus
429 3360 455 3425 3
492 3351 567 3405 et
593 3335 831 3405 omnis
865 3359 1077 3404 mons
1115 3351 1186 3404 et
1213 3332 1452 3404 insula
1487 3357 1527 3402 e
1558 3332 1745 3405 locis
1775 3335 1926 3405 suis
1956 3352 2195 3405 emota
2226 3352 2415 3405 sunt.

452 3450 569 3513 15.
624 3437 719 3505 Et
771 3459 977 3531 reges
1031 3451 1265 3505 terrae
1320 3452 1395 3505 et
1442 3452 1836 3531 magnates,
1894 3452 1967 3504 et
2004 3433 2289 3518 divites,
2343 3450 2419 3504 et

295 3532 723 3622 chiliarchi,
781 3553 854 3605 et
904 3552 1278 3633 potenteS,
1334 3551 1410 3605 et
1462 3536 1698 3606 omnis
1753 3559 2000 3605 servus
2051 3540 2128 3603 et
2178 3532 2417 3604 omnis

292 3633 525 3722 liber,
607 3635 1154 3706 absconderunt
1231 3635 1518 3733 seipsos
1602 3637 1682 3706 in
1750 3633 2122 3734 speluncis
2201 3650 2276 3704 et
2338 3633 2417 3704 in
2518 3653 2520 3656 ‘

287 3736 525 3832 petris
577 3737 960 3807 montium.

451 3851 567 3915 16.
622 3839 718 3908 Et
797 3835 1144 3908 dicebant
1217 3834 1593 3907 montibus
1672 3852 1746 3905 et
1822 3834 2094 3932 petriS,
2174 3834 2414 3906 cadite

292 3959 518 4034 super
591 3963 728 4009 nos
739 3989 762 4023 ,
845 3955 919 4008 et
989 3937 1426 4009 abscondite
1457 3960 1628 4008 *nos
1695 3961 1738 4007 a
1813 3936 2005 4007 facie
2072 3936 2414 4008 Sedentis

288 4062 516 4135 super
565 4038 904 4126 Thron0,
960 4055 1035 4109 et
1087 4037 1179 4108 ab
1233 4039 1339 4109 ira
1390 4038 1605 4134 Agni.

451 4154 568 4220 17.
624 4139 813 4238 Quia
847 4138 1047 4210 venit
1096 4138 1255 4210 dies
1306 4163 1612 4235 magnus
1662 4137 1813 4210 irae
1864 4139 2067 4236 Ejus,
2121 4156 2196 4208 et
2249 4138 2417 4234 quis

285 4256 544 4338 potest
596 4240 1015 4312 consistere.
