2791 4778
489 354 601 409 210
799 341 1290 398 APOCALYPSIS
1334 340 1771 397 EmecATA-.
1834 341 1882 408 §-
1927 348 2232 403 ael-364.

491 510 667 577 sunt,
726 501 884 578 quod
920 517 1137 577 nempe
1180 501 1564 578 peraperire
1606 499 1899 576 sigillum,
1953 499 2304 577 significetur
2336 498 2535 558 manife-

490 605 671 663 statio
706 607 901 660 status
950 617 1154 659 eorum
1192 602 1293 677 qui
1343 601 1421 658 ab
1469 600 1779 675 Ecclesia;
1837 607 1896 657 et
1942 602 2079 675 quia
2129 607 2346 674 septem
2385 599 2538 674 sigilla
2622 521 2667 664 Ἴ

493 710 693 773 erant,
750 709 810 759 et
861 700 965 759 illa
1016 702 1244 776 septies
1309 706 1549 776 aperta,
1615 699 1755 759 inde
1815 700 2218 775 significantur
2269 699 2539 757 successivi

490 808 686 862 status
740 818 965 860 eorum.
1051 799 1174 859 Sed
1225 800 1285 858 hi
1332 802 1664 859 successivi
1709 805 1902 858 status
1954 800 2290 873 Ecclesiae,
2341 801 2428 874 qui
2467 797 2539 856 hic

492 900 937 973 describuntur,
992 917 1109 957 non
1147 906 1444 976 apparent
1480 899 1659 958 alicui
1692 901 1752 958 in
1789 900 2036 975 mundo,
2089 906 2230 959 sunt
2264 900 2401 957 enim
2429 913 2537 955 suc·

491 1003 712 1063 cessivi
739 1006 931 1060 status
962 999 1160 1075 quoad
1185 1000 1550 1058 intellectum
1581 1002 1710 1058 veri
1737 1017 1814 1058 ex
1840 999 2059 1074 Verbo,
2098 999 2211 1057 hos
2239 1015 2396 1056 nemo
2422 997 2541 1060 videt

494 1120 672 1180 quam
711 1099 890 1161 Solus
930 1100 1256 1159 Dominus:
1311 1106 1370 1158 et
1407 1101 1549 1174 quia
1584 1116 1789 1158 omnes
1828 1101 1930 1174 qui
1961 1102 2022 1158 in
2061 1099 2262 1159 Coelis
2295 1103 2439 1171 sunt,
2485 1095 2547 1154 ibi
2663 1075 2666 1220 ι

492 1202 749 1262 ordinati
784 1200 923 1258 sunt
957 1200 1283 1259 secundum
1321 1199 1668 1258 affectiones
1703 1200 1843 1259 boni
1871 1205 1930 1258 et
1957 1202 2104 1271 veri,
2143 1206 2203 1258 et
2235 1198 2364 1256 inde
2395 1193 2544 1273 quoad

490 1303 938 1380 perceptionem
987 1306 1045 1358 et
1090 1299 1462 1358 intellectum
1496 1299 1716 1369 Verbi,
1769 1307 1830 1358 et
1862 1301 1923 1358 in
1955 1298 2069 1358 hoc
2115 1299 2295 1357 Libro
2327 1295 2544 1373 Prophe·

491 1404 608 1460 tico
647 1400 721 1459 dc
755 1399 976 1460 Ultimo
1013 1399 1251 1459 Judicio
1297 1416 1484 1475 super
1534 1415 1639 1458 eos
1687 1403 1790 1474 qui
1827 1401 1892 1457 in
1927 1401 2112 1475 priori
2152 1399 2362 1472 Coelo,
2409 1413 2468 1455 ac
2495 1394 2546 1452 de

494 1500 881 1561 Ordinatione
919 1517 1125 1558 eorum
1163 1501 1264 1574 qui
1314 1502 1375 1558 in
1421 1498 1594 1557 Novo
1647 1498 1831 1559 Coelo
1877 1498 2162 1574 traditur,
2225 1499 2355 1557 ideo
2398 1496 2458 1555 de
2494 1494 2543 1552 iis

495 1601 752 1660 statibus
792 1601 889 1658 hic
927 1601 1123 1675 agitur
1136 1619 1152 1672 3
1208 1599 1344 1657 inde
1383 1601 1538 1656 enim
1576 1600 1838 1674 pendent
1874 1603 2208 1674 sequentia.

652 1701 813 1756 362.
869 1699 1084 1756 Audivi
1120 1698 1450 1758 secundum
1487 1699 1726 1757 Animal
1762 1699 1993 1767 dicenS,
2046 1699 2211 1774 quod
2250 1696 2506 1775 significet
2528 1708 2549 1750 ο

496 1799 683 1857 Coelo
718 1799 923 1857 intimo
959 1815 997 1855 a
1031 1799 1318 1868 Domino,
1371 1803 1607 1857 constat
1644 1816 1716 1856 ex
1753 1798 1870 1856 illis
1907 1815 2060 1874 quae
2097 1815 2288 1875 supra
2332 1816 2394 1854 n:
2430 1794 2550 1865 353,

494 1898 654 1955 dicta
687 1904 855 1956 sunt:
912 1915 1022 1974 per
1062 1899 1362 1956 Animalia
1412 1900 1565 1955 enim
1620 1877 2031 1974 intelliguntur
2067 1897 2353 1971 Cherubi,
2396 1901 2449 1954 et
2474 1908 2554 1970 per

495 1996 806 2056 Cherubos
842 1997 1208 2074 significatur
1243 2000 1302 2056 in
1339 2014 1621 2073 supremo
1658 2014 1840 2056 sensu
1884 1998 2179 2066 Dominus
2219 1996 2409 2074 quoad
2436 1994 2550 2052 Pro·

491 2097 818 2155 vide-utiam
856 2107 916 2156 ct
951 2098 1147 2172 quoad
1184 2097 1434 2156 tutelam
1470 2114 1546 2155 ne
1585 2098 1836 2155 adeatur
1870 2098 1984 2156 nisi
2022 2115 2202 2173 quam
2247 2115 2353 2175 per
2382 2096 2554 2154 bonum

493 2199 741 2270 amoriS,
811 2205 869 2256 et
918 2200 976 2254 in
1037 2214 1214 2255 sensu
1265 2199 1609 2273 respective
1662 2196 1911 2256 Coelum
1971 2199 2272 2272 intimum,
2338 2196 2556 2258 videatur

491 2315 679 2374 supra
713 2317 780 2356 n:
827 2303 854 2355 1
880 2299 985 2356 52.
1022 2302 1181 2355 277.
1227 2299 1387 2355 313.
1427 2299 1603 2355 322:
1661 2295 1819 2371 quod
1861 2295 2127 2356 Cherubi
2164 2300 2344 2357 etiam
2377 2291 2555 2372 sigulfi·

487 2406 624 2458 cent
667 2398 915 2458 Coelum
956 2401 1251 2469 intimum,
1309 2404 1403 2455 est
1453 2398 1594 2473 quia
1626 2397 1741 2456 hoc
1793 2396 2037 2456 Coelum
2073 2400 2135 2456 in
2183 2399 2342 2457 bono
2387 2393 2557 2454 amoris

487 2501 545 2556 in
582 2500 902 2559 Dominum
941 2506 1062 2571 est,
1120 2506 1179 2556 et
1214 2498 1505 2555 Dominus
1556 2497 1704 2555 adiri
1754 2514 1871 2555 non
1906 2504 2112 2574 potest
2148 2500 2268 2557 nisi
2300 2515 2405 2573 per
2436 2494 2556 2554 Coe·

486 2581 611 2671 loe,
668 2607 728 2657 et
761 2603 821 2658 in
851 2600 1095 2658 Coelum
1126 2600 1390 2656 intimum
1420 2612 1531 2654 seu
1569 2598 1807 2656 tertium
1848 2615 1963 2656 non
1994 2598 2325 2656 admittitur
2358 2591 2553 2672 aliquid,

490 2698 649 2772 quod
685 2716 802 2756 non
841 2702 1001 2774 sapit
1041 2717 1115 2759 ex
1150 2698 1306 2757 bono
1349 2695 1509 2754 illius
1548 2695 1733 2755 Coeli.
1808 2695 1982 2773 Quod
2018 2705 2280 2773 quatuor
2311 2692 2557 2758 Animalia

488 2814 598 2854 seu
642 2796 903 2857 Cherubi
937 2799 1184 2868 fuerint,
1239 2805 1332 2856 est
1368 2798 1508 2871 quia
1546 2802 1801 2872 quatuor
1851 2798 2188 2872 significant
2235 2795 2556 2875 conjunctio·

486 2912 621 2954 nem
664 2898 720 2954 in
757 2915 966 2967 unum,
1017 2906 1077 2957 et
1116 2899 1250 2957 talis
1284 2897 1405 2955 illis
1435 2897 1537 2969 qui
1562 2896 1646 2954 ibi
1671 2902 1812 2953 sunt
1846 2899 2179 2974 conjunctio
2220 2905 2315 2956 est
2335 2942 2352 2974 ,
2388 2892 2557 2955 Domi·

488 3012 600 3053 nus
639 2999 794 3054 enirn
834 2999 919 3055 ita
957 2999 1263 3075 conjungit
1294 2997 1431 3056 illos
1480 3012 1591 3070 per
1626 2995 1910 3055 Amorem
1957 2999 2016 3055 in
2064 2998 2274 3073 Ipsum
2314 2998 2386 3056 ab
2421 2994 2558 3071 Ipso;

489 3094 627 3154 inde
664 3104 760 3155 est
795 3097 954 3171 quod
994 3106 1255 3173 quatuor
1295 3098 1409 3157 visi
1445 3094 1683 3153 fuerint.
1740 3096 1833 3155 Ex
1864 3096 1959 3155 his
1998 3099 2174 3156 etiam
2209 3104 2410 3174 patet,
2443 3086 2566 3170 quod

494 3197 588 3253 hic
629 3196 824 3256 simile
862 3197 1227 3275 intelligatur
1254 3216 1363 3275 per
1390 3196 1718 3253 secundum
1746 3198 1984 3256 Animal
2012 3198 2169 3273 quod
2195 3216 2308 3274 per
2334 3199 2561 3274 primum,

491 3304 553 3356 et
586 3298 778 3357 simile
831 3316 941 3374 per
986 3301 1223 3357 tertium
1276 3307 1335 3357 et
1387 3311 1498 3370 per
1547 3302 1818 3370 quartum
1867 3298 1927 3355 in
1971 3298 2395 3373 sequentibus:
2443 3284 2564 3370 quo(l

488 3406 745 3474 quatuor
771 3399 1104 3475 significent
1140 3397 1644 3475 conjunctionem,
1703 3396 1978 3455 videatur
2020 3416 2088 3456 n:
2135 3400 2346 3457 1686.
2391 3392 2558 3457 8877.

497 3500 707 3559 9601.
751 3502 957 3559 9674.

647 3602 806 3659 363.
860 3600 1017 3658 Veni
1048 3606 1107 3657 et
1144 3601 1366 3676 aspice,
1410 3601 1569 3675 quod
1606 3595 1899 3674 significet
1933 3600 2324 3658 attentionem
2361 3602 2418 3657 et
2447 3605 2557 3669 per·

488 3701 853 3773 ceptionem,
910 3706 1146 3758 constat
1199 3718 1274 3758 ex
1320 3700 1439 3760 illis
1487 3717 1641 3778 quae
1697 3715 1884 3773 supra
1937 3716 2009 3755 n:
2068 3699 2245 3771 354,
2305 3693 2561 3772 explicat:

491 3802 658 3870 sunt,
698 3797 800 3854 ubi
835 3799 1054 3857 similia
1088 3800 1290 3858 verba.

650 3894 810 3953 364.
864 3897 939 3953 Et
975 3898 1160 3955 exivit
1202 3897 1356 3956 alius
1392 3900 1599 3974 Equus
1640 3899 1845 3967 ruqu,
1900 3897 2059 3973 quod
2095 3895 2387 3974 significet
2418 3883 2558 3950 intel-

489 3992 709 4051 lectum
750 3993 939 4051 Verbi
975 3994 1349 4068 deperditum
1391 3998 1588 4071 quoad
1614 4000 1868 4068 bonum,
1924 4004 2157 4056 constat
2193 4013 2267 4054 ex
2302 3989 2558 4071 significa·

472 4095 650 4151 ‘tione
676 4092 866 4169 Equi,
920 4092 1080 4169 quod
1114 4097 1193 4152 sit
1230 4095 1656 4167 intellectuale,
1707 4098 1781 4157 de
1820 4114 1939 4172 qua
1974 4114 2160 4173 supra
2193 4114 2261 4153 n:
2311 4094 2459 4165 355,
2489 4084 2560 4143 hic

492 4193 630 4267 quia
669 4193 742 4254 de
782 4194 1037 4254 statibus
1084 4211 1288 4254 eorum
1336 4199 1437 4272 qui
1470 4198 1544 4255 ab
1575 4197 1849 4257 Ecclesia
1883 4197 1986 4257 ubi
2022 4196 2288 4257 Verbum
2325 4199 2424 4266 est,
2459 4183 2559 4261 88¹·
