2791 4778
456 390 567 441 202
895 376 1384 433 APOCALYPSIS
1429 378 1863 433 EXPLICATA·
1926 379 1975 447 §.
2020 388 2147 440 375.

453 537 673 598 Divino
700 536 869 595 Bono
896 535 1251 613 procedens,
1281 554 1341 594 n:
1380 537 1564 595 9807
1579 556 1593 595 2
1632 536 1791 613 quod
1818 535 2228 597 Sacerdotium
2260 539 2316 595 in
2338 554 2523 614 genere

452 637 1001 714 repraesentaverit
1031 634 1352 694 Dominum
1390 636 1589 711 quoad
1629 653 1781 712 opus
1818 636 2168 695 salvationis
2209 638 2416 713 Ipsius,
2463 656 2520 695 n:

459 736 685 795 9809:
741 734 899 811 quod
933 741 1138 794 vestes
1173 727 1470 795 Aharonis
1513 742 1573 795 et
1604 736 1861 796 filiorum
1898 737 2032 814 ejus
2067 743 2518 812 repraesentave-

448 838 571 896 rint
603 833 968 913 spiritualia,
1019 852 1088 893 n:
1148 837 1360 894 9814.
1423 837 1634 894 3942.
1696 838 1905 896 9952.
1993 836 2155 914 Quia
2196 838 2526 913 inauguratio

450 937 530 995 ad
565 933 1142 1013 repraesentandum
1176 933 1360 993 fiebat
1393 952 1504 1011 per
1549 939 1924 1012 unctionem,
1989 944 2052 995 et
2088 955 2199 1014 per
2232 937 2527 995 Aharonem

450 1044 513 1096 et
536 1036 691 1096 filios
720 1036 851 1111 ejus
888 1033 1460 1110 repraesentabatur
1493 1036 1786 1096 Dominus
1831 1043 1893 1096 et
1930 1037 2093 1112 quod
2130 1037 2205 1096 ab
2240 1038 2392 1114 Ipso,
2420 1036 2527 1095 ideo

421 1137 719 1219 -Aharoni
756 1142 815 1193 et
849 1134 986 1193 filiis
1024 1134 1159 1210 ejus
1195 1133 1497 1192 dabantur
1532 1143 1744 1195 sancta
1792 1136 2048 1195 filiorum
2081 1136 2355 1211 Israelis,
2404 1153 2526 1212 quae

448 1243 622 1296 erant
661 1235 818 1294 dona
853 1234 995 1294 data
1019 1233 1326 1305 Jehovae‚
1367 1241 1431 1293 et
1468 1235 1836 1294 vocabantur
1873 1236 2272 1310 sublationes,
2325 1244 2380 1295 et
2409 1235 2528 1293 dici-

446 1344 545 1395 tur
573 1334 734 1412 quod
761 1336 882 1394 sint
916 1336 1115 1393 unctio
1152 1340 1258 1391 aut
1288 1350 1402 1410 pro
1439 1338 1744 1408 unctione,
1784 1335 1897 1395 hoc
1935 1343 2063 1411 est,
2122 1337 2282 1413 quod
2317 1339 2422 1394 sint
2449 1351 2524 1392 re-

442 1436 854 1513 praesentatio
905 1440 1009 1493 aut
1042 1450 1152 1510 pro
1201 1437 1757 1509 repraesentatione
1808 1435 2052 1496 Domini
2102 1453 2175 1495 ac
2221 1436 2528 1495 Divinorum

446 1554 605 1613 quae
642 1534 718 1593 ab
765 1535 939 1610 Ips03
995 1542 1064 1593 ut
1098 1539 1335 1592 constat
1372 1552 1446 1592 ex
1471 1534 1565 1592 his
1604 1535 1767 1610 apud
1800 1535 2013 1595 Mosen
2051 1535 2336 1610 „Pectus
2374 1531 2532 1593 moti-

444 1634 716 1696 tationis
751 1641 811 1695 et
847 1652 1101 1694 armum
1126 1627 1511 1693 sabbatianis
1548 1635 1759 1712 accepi
1803 1654 1846 1695 a
1881 1653 2024 1696 oum
2060 1633 2241 1717 filiis·
2275 1631 2530 1705 Israelis,

443 1734 596 1796 haec
622 1733 832 1794 unctio
861 1732 1190 1793 Almonis
1228 1738 1287 1792 et
1326 1733 1540 1793 unctio
1555 1730 1850 1813 filiorum
1887 1734 2025 1816 ejus
2075 1734 2157 1795 de
2192 1735 2412 1814 iynitz'e
2440 1730 2531 1792 Je-

431 1833 668 1907 -hovae,
723 1851 881 1910 quae
906 1831 1232 1917 praecepit
1270 1831 1429 1893 dare
1473 1829 1644 1908 illis,
1698 1852 1821 1912 quo
1869 1832 1975 1895 die
2021 1841 2303 1896 unxerat
2339 1831 2472 1895 illos
2500 1849 2534 1890 a

444 1952 587 1996 cum
604 1929 778 2013 filiis
818 1929 1142 1993 Israeli&
1182 1929 1398 1992 Leviti
1439 1931 1588 1992 VII:
1634 1935 1745 1992 34.
1795 1936 1904 1994 35.
1952 1938 2074 2010 363
2136 1944 2198 1994 et
2234 1935 2370 1994 alibi
2403 1931 2533 2009 apud

442 2034 714 2092 Eundem
753 2030 1139 2112 „Loquutus
1184 2040 1279 2094 est
1315 2031 1602 2093 Jehovah
1640 2032 1730 2093 ad
1777 2033 2146 2096 Maronem
2163 2057 2192 2107 ,·
2245 2054 2369 2095 ecce
2415 2030 2537 2093 dedi

445 2132 563 2195 tibi
598 2131 961 2194 custodiam
999 2129 1431 2194 subiectionum
1479 2152 1767 2194 mearum
1815 2134 2028 2213 quoad
2076 2136 2300 2197 omnia
2349 2134 2536 2194 sancta

431 2231 727 2315 filiorum
751 2231 1046 2308 Israelis,
1084 2231 1201 2293 tibi
1228 2231 1379 2293 dedi
1417 2252 1492 2293 ea
1526 2252 1649 2312 pro
1686 2234 1975 2295 unctione
2007 2240 2066 2295 et
2091 2234 2277 2316 filiis
2315 2233 2450 2306 tuis,
2481 2230 2538 2291 in

442 2340 761 2398 statutum
798 2331 1040 2395 saeculi
1048 2353 1078 2406 ;
1129 2350 1307 2393 omne
1342 2351 1576 2395 munus
1601 2352 1818 2395 eorum
1859 2334 2071 2415 quoad
2122 2354 2362 2398 omnem
2397 2332 2536 2395 min·

442 2435 626 2496 cham
686 2455 928 2506 eorum,
989 2431 1202 2514 quoad
1248 2451 1426 2493 omne
1478 2435 1872 2515 sacrificium
1907 2437 2165 2516 peccati
2222 2444 2282 2498 et
2329 2440 2534 2502 reatus,

443 2553 684 2597 omnem
721 2536 1140 2616 ayitationem
1174 2531 1472 2613 filiorum
1504 2532 1815 2610 Israelis,
1872 2554 2114 2597 omnem
2155 2536 2405 2616 adipem
2439 2528 2541 2591 olei

430 2636 622 2714 puri,
698 2642 758 2696 et
813 2654 1054 2697 omnem
1117 2632 1373 2712 adipem
1431 2633 1637 2696 musti
1696 2640 1758 2694 et
1797 2635 2154 2714 frumenti,
2228 2632 2542 2716 primitia-s·

440 2752 657 2795 eorum
709 2755 872 2814 quaa
931 2735 1172 2796 dabunt
1227 2731 1525 2808 Jehovae,
1583 2734 1699 2795 tibi
1764 2735 1918 2796 dedi
1974 2755 2123 2809 eas;
2206 2742 2340 2798 tum
2394 2749 2545 2794 omne

444 2831 734 2893 devotum
771 2835 841 2895 in
884 2832 1129 2895 Ιεναέῑε
1141 2881 1158 2910 ,
1222 2852 1464 2894 omnem
1507 2841 1875 2913 aperturam.
1921 2836 2119 2910 uteri,
2189 2838 2288 2898 ita
2334 2849 2543 2895 omnem

439 2929 858 2995 sublationem
893 2942 1275 2995 sanctorum.
1332 2933 1418 2996 In
1451 2940 1626 2996 tem-a
1663 2955 1877 2997 eorum
1904 2955 2027 2997 non
2061 2936 2319 2997 habebis
2349 2935 2541 2996 haere·

444 3032 742 3109 ditatem,
806 3051 916 3093 nec
949 3052 1115 3112 pars
1171 3034 1291 3094 tibi
1333 3035 1458 3096 erit
1511 3036 1582 3096 in
1628 3036 1837 3097 medio
1893 3056 2137 3111 eorum,
2203 3036 2354 3117 Eyo
2402 3049 2543 3114 parsi

445 3141 560 3194 tua
594 3139 653 3194 et
694 3131 1060 3194 haereditas
1105 3138 1220 3195 tua·
1267 3134 1338 3194 in
1383 3135 1593 3196 medio
1635 3133 1932 3216 filiorum
1986 3134 2315 3198 Israeliff
2377 3135 2542 3195 Num:

442 3233 689 3293 XVIII:
736 3236 772 3292 8
810 3234 888 3292 ad
927 3237 1050 3308 203
1108 3253 1181 3294 ex
1218 3235 1310 3293 his
1349 3242 1603 3310 constat,
1661 3237 1817 3311 quod
1853 3239 2054 3296 unctio
2092 3239 2171 3295 sit
2203 3249 2541 3313 repraesen-

443 3334 618 3405 tatio,
669 3336 946 3410 quoniam
981 3352 1092 3411 per
1138 3336 1481 3395 unctionem
1524 3337 2041 3413 inaugurabantur
2088 3337 2167 3395 ad
2202 3349 2538 3414 repraesen-

440 3434 720 3508 tandum3
777 3443 840 3495 et
868 3436 1030 3512 quod
1063 3453 1174 3512 per
1206 3435 1267 3494 id
1295 3434 1696 3511 significatum
1731 3438 1837 3511 sit,
1888 3436 2045 3513 quod
2082 3440 2276 3496 omnis
2312 3440 2543 3509 inaugu-

244 3551 407 3618 [519]
446 3536 598 3595 ratio
633 3538 693 3596 in
729 3543 1004 3596 sanctum
1040 3535 1207 3595 Coeli
1235 3543 1296 3594 et
1320 3535 1633 3595 Ecclesiae
1659 3539 1738 3595 sit
1764 3554 1876 3613 per
1898 3536 2121 3596 bonum
2149 3539 2372 3596 amoris
2407 3527 2541 3610 quod

442 3653 479 3693 a
513 3635 797 3712 Domino,
864 3644 924 3695 et
972 3635 1132 3712 quod
1177 3636 1394 3694 bonum
1453 3638 1670 3694 amoris
1724 3638 1803 3694 sit
1848 3636 2144 3697 Dominus
2200 3637 2366 3715 apud
2398 3634 2541 3702 illos;

443 3737 584 3810 quia
628 3739 715 3795 ita
759 3744 881 3809 est,
938 3737 1179 3810 dicitur,
1250 3736 1410 3813 quod
1460 3735 1741 3795 ,Jehovah
1784 3737 1864 3795 sit
1912 3753 2055 3814 pars
2112 3744 2172 3796 et
2216 3734 2540 3796 haereditas

442 3835 594 3909 ejus.
678 3835 953 3910 Quium,
1018 3836 1179 3911 quod
1227 3839 1503 3896 unxerint
1549 3838 1725 3895 etiam
1775 3837 2139 3913 Prophetas,
2206 3841 2435 3896 constat
2480 3847 2541 3889 ex

438 3930 620 3992 Libro
654 3933 686 3992 I
718 3933 954 4011 Regum
991 3933 1252 4009 „Dixit
1295 3934 1580 3997 Jehovah
1627 3935 1718 3996 ad
1749 3933 2007 4011 Eliam‚
2072 3955 2239 4017 unqe
2276 3933 2536 3995 Chasa&-

441 4029 566 4092 lem
602 4031 672 4092 in
717 4031 963 4112 Regem
996 4052 1187 4112 super
1220 4032 1453 4113 Syro-9,
1489 4042 1547 4096 et
1582 4034 1751 4097 Jehu
1784 4055 1950 4116 unqe
1982 4036 2055 4097 in
2086 4036 2335 4115 Reyem
2370 4046 2543 4110 super

439 4128 751 4192 Israelem
763 4176 782 4206 ,
838 4140 898 4194 et
936 4131 1280 4194 Eliecham
1316 4154 1483 4216 unye
1523 4137 1596 4197 in
1619 4134 2013 4216 Prophetam
2052 4155 2171 4216 pro
2220 4138 2318 4196 te“
2370 4129 2538 4192 XIX:

448 4235 479 4290 1
503 4233 557 4290 5.
609 4236 635 4290 l
658 4237 727 4291 6:
786 4240 844 4292 et
880 4234 1046 4310 apud
1079 4234 1324 4311 Esajam
1360 4234 1703 4315 „Spiritu-s·
1743 4235 2028 4298 Domini
2071 4233 2337 4298 Jehovih
2371 4245 2543 4310 super
