2791 4778
444 332 679 391 CAPUT
720 332 1064 401 QUINTUM.
1840 334 2017 389 VERS
2036 355 2049 388 t
2095 345 2148 397 9.
2309 346 2416 397 123
2436 341 2441 347 ’

282 495 475 555 ficare
511 512 622 571 per
657 511 832 565 vera,
886 494 1135 555 abluere
1184 496 1511 573 sanguines
1558 494 1856 572 significat
1896 511 2210 554 removere
2255 494 2417 554 salsa

276 596 467 671 mali,
507 600 568 654 et
589 611 818 671 ungere
847 595 980 654 oleo
1012 596 1307 673 significat
1335 596 1558 655 donare
1584 595 1740 655 bono
1769 597 2006 656 amoris.
2061 594 2132 653 In
2159 595 2417 655 Threnis

288 740 332 771 „
346 694 439 758 Ob
461 702 732 774 peecata
755 694 1218 775 prophetarum
1243 693 1767 776 Hierosolymo,
1805 694 2178 776 iniquitates
2202 712 2414 756 saeer-

280 796 515 857 dotum
557 795 696 879 ey'us
708 841 726 872 ,
765 794 1222 876 effundentium
1264 796 1335 857 in
1369 794 1580 868 medio
1617 796 1754 880 ejus
1796 794 2174 876 sanquinem
2197 794 2419 878 justo-

283 915 440 959 rum
454 915 480 967 ,·
528 901 828 956 mar-unt
866 895 1036 956 caeci
1072 896 1143 957 in
1169 894 1443 977 plateis,
1491 894 1737 976 polluti
1768 901 1920 959 sunt
1958 895 2289 975 sanquine,
2344 915 2419 956 ea

280 1015 452 1078 quae
486 1015 612 1057 non
645 1000 945 1075 possunt,
1001 1002 1276 1078 tanyunt
1309 997 1706 1058 vestimentis
1749 997 1938 1059 suis“
1981 997 2091 1056 IV:
2140 998 2246 1055 13.
2293 999 2415 1072 143

281 1115 403 1177 per
428 1096 754 1174 prophetas
780 1097 1238 1175 Hierosolymae
1263 1098 1672 1175 significantur
1695 1098 1784 1157 illi
1815 1100 1919 1176 qui
1948 1096 2246 1157 docebunt
2269 1113 2420 1180 yera

284 1199 630 1271 doetrinae,
684 1204 745 1257 et
780 1215 891 1274 per
927 1199 1275 1259 sacerdotes
1324 1200 1426 1275 qui
1462 1198 1683 1259 ducent
1725 1216 1839 1275 per
1871 1215 2019 1257 vera
2065 1196 2141 1255 ad
2175 1196 2413 1270 bonum,

283 1299 389 1357 hic
427 1299 486 1355 in
516 1300 809 1374 opposito,
850 1300 990 1373 quia
1017 1298 1235 1359 dieitur
1269 1298 1344 1358 ob
1370 1306 1624 1375 peccata
1657 1298 1893 1359 illorum
1919 1319 1936 1376 3
1977 1314 2088 1375 per
2115 1297 2416 1357 effundere

292 1400 647 1473 sanguinem
673 1398 975 1475 justorum
1022 1398 1393 1476 significatur
1442 1399 1759 1459 falsificare
1796 1417 1943 1459 vera
1979 1405 2040 1458 et
2074 1396 2415 1458 adulterare

287 1498 484 1557 bona:
550 1515 736 1574 quare
784 1499 1000 1558 dicitur
1055 1505 1329 1559 errarunt
1377 1503 1544 1559 caeci
1590 1503 1652 1559 in
1696 1499 1947 1576 plateiS,
2011 1496 2227 1574 polluti
2277 1504 2419 1556 sunt

285 1601 599 1674 sanguine,
638 1615 714 1657 ea
741 1616 895 1674 quae
923 1616 1039 1657 non
1068 1607 1322 1678 possunt
1349 1605 1602 1676 tangunt
1628 1601 2004 1660 vestimentis
2031 1601 2175 1668 suis,
2217 1615 2416 1657 errare

287 1700 461 1757 caeci
496 1700 554 1756 in
588 1698 807 1775 plateis
836 1699 1130 1775 signifieat
1153 1716 1407 1779 prorsus
1433 1717 1550 1759 non
1577 1700 1780 1760 videre
1807 1717 1972 1769 vera,
2006 1699 2248 1776 plateae
2274 1704 2416 1755 sunt

285 1816 455 1872 vera,
493 1797 716 1875 polluti
750 1801 1039 1875 sanguine
1067 1800 1362 1878 signifieat
1394 1817 1644 1876 prorsus
1680 1803 1739 1859 in
1775 1800 1972 1876 salsis3
2013 1817 2086 1858 ea
2115 1815 2270 1876 quae
2297 1813 2415 1856 non

285 1906 548 1977 possunt
583 1906 834 1977 tangunt
863 1903 1254 1972 vestimentiS,
1292 1899 1589 1977 siguificat
1623 1901 1783 1977 quod
1818 1918 1972 1977 quae
2009 1917 2128 1957 non
2163 1905 2417 1976 possunt

283 2004 641 2077 pervertere
686 2018 883 2077 usque
930 2000 1284 2076 falsificent,
1339 2004 1699 2061 vestimenta
1746 2008 1884 2060 sunt
1918 2017 2063 2061 vera
2111 2016 2266 2076 quae
2320 2000 2415 2055 in·

280 2102 556 2159 vestiant
588 2102 903 2174 interiora,
956 2120 1113 2178 quae
1150 2119 1297 2164 vera
1330 2108 1473 2161 sunt
1530 2119 1673 2160 vera
1708 2117 1923 2161 sensus
1958 2101 2170 2159 literae
2206 2098 2412 2159 Verbi.

279 2199 468 2277 Apud
504 2199 748 2278 Esajam
788 2245 826 2277 „
840 2199 1064 2262 Omnis
1108 2201 1295 2263 turba
1338 2201 1812 2263 conturbabitur
1849 2207 2053 2261 terrae
2095 2206 2299 2273 motu,
2356 2204 2418 2257 et

283 2300 486 2361 vestis
523 2308 619 2361 est
647 2299 907 2382 polluta
948 2302 1420 2382 sanyuinffiust
1473 2302 1587 2363 IX:
1630 2305 1703 2378 43
1760 2308 1958 2363 terrae
1993 2304 2189 2359 motus
2226 2300 2414 2373 signi-

284 2402 433 2460 fieat
466 2407 917 2481 perversionem
953 2404 1265 2465 Ecclesiae
1301 2422 1415 2482 per
1448 2403 1920 2462 falsificationem
1946 2404 2073 2461 veri
2085 2422 2101 2477 3
2144 2408 2201 2458 et
2229 2401 2416 2457 vestis

292 2501 532 2579 polluta
588 2505 977 2582 sanguinibus
1040 2505 1335 2582 significat
1400 2503 1871 2564 falsificat-ionem
1935 2517 2153 2561 sensus
2204 2500 2416 2558 literae

296 2602 508 2661 Verbi.
561 2604 735 2681 Apud
764 2606 807 2665 J
811 2607 1094 2665 eremiam
1132 2650 1170 2681 „
1192 2603 1503 2666 Malitias
1528 2603 1812 2665 docuisti
1840 2602 1986 2664 vias
2011 2606 2181 2675 tuas,
2221 2599 2416 2660 etiam

290 2703 368 2763 in
407 2700 541 2764 alis
575 2704 808 2768 inventi
860 2713 1013 2768 sunt
1054 2705 1330 2787 sanquis
1371 2706 1739 2767 animarum
1792 2702 2214 2765 innocentium
2231 2747 2249 2780 ,
2290 2720 2416 2762 non

285 2804 365 2864 in
399 2805 794 2884 perfossione
832 2807 1044 2868 inveni
1085 2826 1219 2883 eos,
1286 2805 1400 2868 sed
1441 2806 1512 2867 in
1554 2805 1842 2867 omnibus
1882 2802 2023 2865 illis
2041 2806 2079 2838 “
2145 2803 2243 2862 II:
2296 2804 2407 2861 33.

289 2907 419 2980 345
470 2906 668 2965 simile
716 2907 812 2966 hic
861 2908 1230 2985 significatur
1273 2925 1383 2985 per
1418 2909 1771 2984 sanguinem
1827 2909 2135 2966 inventum
2182 2906 2243 2962 in
2279 2903 2412 2976 alis,
2455 2913 2617 2974 [425]

281 3005 451 3082 quod
494 3023 685 3083 supra
729 3025 840 3084 per
891 3026 1046 3086 quae
1107 3025 1225 3067 non
1276 3015 1532 3084 possunt
1565 3012 1818 3084 tangunt
1851 3008 2221 3066 vestimentis
2259 3005 2413 3074 suiS,

283 3106 428 3165 alae
478 3114 619 3166 sunt
658 3111 1013 3167 vestimenta
1024 3129 1042 3184 3
1082 3109 1240 3186 quod
1275 3127 1392 3167 uon
1432 3111 1491 3167 in
1532 3108 1907 3184 perfossione
1952 3108 2245 3167 invenerit
2291 3122 2414 3176 θῦε,

284 3206 491 3265 sedin
520 3209 793 3267 omnibus
832 3208 983 3284 illis,
1020 3209 1315 3286 significat
1340 3208 1499 3286 quod
1532 3210 1668 3285 ipsa
1700 3227 1845 3268 vera
1872 3225 1987 3267 nou
2028 3210 2165 3267 ausi
2196 3206 2416 3265 fuerint

284 3306 636 3378 destruere,
690 3308 796 3370 sed
847 3308 1007 3384 quod
1051 3327 1199 3368 vera
1234 3326 1452 3368 sensus
1501 3308 1711 3368 lit-erae
1748 3308 2227 3373 falsificaverint,
2281 3304 2415 3363 alae

281 3408 627 3484 significant
660 3409 766 3468 illa
800 3427 962 3468 vera.
1018 3410 1201 3486 Apud
1234 3410 1480 3487 Esajmn
1519 3452 1557 3483 „
1579 3408 1821 3469 Manus
1863 3413 2106 3467 vestrae
2140 3403 2412 3481 sanqui-

279 3506 475 3567 nibus
502 3506 733 3587 plenae
771 3514 967 3591 sunt“
1022 3511 1088 3584 I:
1139 3513 1259 3569 152
1316 3509 1478 3586 apud
1513 3509 1783 3568 Eundem
1835 3503 2134 3582 „Manus
2172 3507 2416 3563 vestrae

274 3604 569 3688 pollutae
616 3617 768 3671 sunt
809 3610 1152 3691 eanyuine,
1206 3614 1267 3668 et
1317 3608 1521 3689 diyiti
1561 3607 1759 3670 vestri
1806 3603 2147 3685 iniquitate
2156 3623 2184 3676 ;
2239 3600 2416 3664 labia

282 3713 501 3769 vestra
544 3707 806 3789 loquuta
846 3717 997 3772 sunt
1041 3696 1375 3771 mendacia
1394 3754 1410 3783 ,
1465 3715 1526 3771 et
1576 3707 1805 3789 linqua
1849 3713 2061 3767 vestra
2088 3704 2411 3784 perversi-

281 3811 485 3868 tatem
521 3808 836 3871 meditata
887 3818 983 3873 est
997 3832 1024 3883 ;
1065 3809 1264 3890 pedes
1313 3829 1528 3871 eorum
1591 3808 1682 3869 ad
1721 3806 1967 3869 malum
2007 3812 2303 3878 cuv-runt,
2356 3812 2415 3866 et

262 3907 604 3989 festinant
647 3909 740 3970 ad
773 3910 1221 3991 effundendum
1267 3909 1643 3991 sanquinem
1693 3908 2104 3983 innocentem,
2160 3906 2409 3989 eoyita-

280 4006 489 4069 tiones
524 4029 741 4072 eorum
779 4011 1195 4093 ooqitationes
1235 4008 1607 4091 iniquitatis
1634 4012 1671 4043 “
1733 4008 1915 4070 LIX:
1962 4011 2020 4068 3.
2067 4014 2098 4066 7
2120 4029 2136 4085 3
2202 4024 2414 4068 manus

279 4109 555 4185 pollutae
594 4115 885 4190 sanguiue
924 4121 984 4172 et
1019 4113 1185 4189 digiti
1222 4115 1550 4189 iniquitate,
1591 4111 1884 4187 significat
1921 4110 2084 4185 quod
2121 4111 2179 4166 in
2215 4110 2410 4168 omni-

277 4208 397 4268 bus
436 4227 640 4272 eorum
686 4215 766 4273 sit
799 4214 1016 4275 falsum
1066 4219 1126 4274 et
1160 4213 1378 4274 malum
1429 4210 1596 4287 salsi3
1654 4227 1862 4270 manus
1920 4214 1979 4269 et
2015 4208 2183 4284 digiti
2223 4207 2412 4282 signi-
