2791 4778
496 385 606 438 400
940 373 1433 427 APOCALYPSIS
1475 369 1906 426 EXPLICATA.
1964 371 2011 438 §.
2053 379 2178 431 401.

492 531 606 595 Sol
655 536 919 592 exortu-9
958 537 1079 601 eat,
1151 534 1385 592 exusta
1428 534 1609 602 aunt,
1666 532 1726 586 et
1754 533 2095 606 propterea
2128 527 2277 606 quia
2319 546 2432 588 non
2465 527 2562 591 Ιιω-

493 635 709 694 bebant
749 630 1063 707 radicem,
1102 632 1541 692 emm-aem.an
1576 628 1774 689 XIII:
1826 629 1881 687 5.
1931 630 1993 686 6.
2046 627 2238 688 Marc:
2272 628 2384 688 IV:
2424 632 2474 689 5.
2511 634 2562 706 65

493 752 603 812 per
642 736 872 792 semina
907 732 1316 809 significantur
1365 748 1511 791 vera
1558 747 1633 788 ex
1669 728 1904 804 Verbo,
1961 746 2076 787 seu
2113 747 2261 804 quae
2295 729 2453 788 homo
2482 747 2561 790 re-

495 837 641 911 cipit
675 852 712 891 a
746 833 1030 907 Domino,
1075 851 1214 890 nam
1251 832 1462 890 dicitur
1496 837 1740 907 postea,
1798 832 1960 906 quod
1995 830 2181 890 Filius
2230 829 2461 889 hominis
2500 834 2561 889 sit

498 937 601 1018 qui
654 936 935 1009 seminat;
990 951 1100 1010 per
1151 939 1399 1009 petrosa
1448 928 1816 1007 significatur
1863 931 2017 991 fides
2072 930 2375 1003 historica,
2439 947 2562 1006 quae

494 1035 643 1095 fides
683 1042 773 1092 est
807 1034 955 1094 fides
992 1034 1239 1092 alterius
1291 1035 1352 1089 in
1397 1049 1499 1104 se,
1570 1030 1759 1089 credit
1811 1034 1971 1091 enim
2024 1048 2234 1089 verum
2269 1047 2417 1104 esse,
2466 1047 2560 1088 non

497 1135 656 1212 quod
697 1135 899 1192 videat
954 1134 1017 1192 id
1057 1136 1117 1192 in
1161 1150 1257 1207 se,
1312 1133 1423 1190 sed
1478 1133 1617 1206 quia
1668 1131 1852 1205 alter,
1926 1136 2026 1192 cui
2083 1131 2237 1206 fidit,
2305 1132 2380 1188 ita
2408 1130 2559 1204 dixit3

498 1253 608 1312 per
652 1235 896 1293 humum
949 1234 1315 1309 significatur
1376 1232 1597 1291 bonum
1647 1233 1996 1308 spirituale,
2055 1234 2194 1309 quia
2243 1232 2349 1292 hoc
2388 1231 2561 1305 recipit

497 1353 642 1393 vera
682 1336 836 1394 sicut
870 1336 1087 1393 humus
1124 1336 1381 1410 semina3
1435 1349 1547 1409 per
1574 1331 1719 1391 solis
1750 1341 2027 1392 exortum
2057 1333 2405 1409 significatur
2434 1347 2564 1388 amor

495 1437 619 1510 sui,
686 1445 746 1492 et
790 1453 898 1511 per
936 1438 1104 1506 exuri
1143 1441 1203 1494 et
1239 1450 1591 1494 exarescere
1629 1433 2001 1507 significatur
2038 1433 2360 1493 adulterari
2392 1437 2443 1490 et
2472 1447 2561 1505 pe·

494 1537 609 1593 rire
629 1556 643 1610 ;
699 1536 834 1594 inde
869 1542 1070 1612 patet,
1124 1535 1265 1612 quid
1299 1552 1410 1611 per
1445 1533 1550 1591 illa
1583 1534 1823 1592 Domini
1860 1522 2053 1594 ver'ba
2093 1537 2155 1592 in
2191 1534 2344 1593 serie
2376 1527 2561 1606 signifi-

497 1641 682 1709 catur,
722 1653 937 1711 nempe
975 1636 1133 1710 quod
1168 1652 1313 1693 vera
1350 1635 1425 1692 ab
1468 1634 1718 1692 infantia
1753 1634 2118 1711 implantata
2154 1653 2227 1693 ex
2264 1632 2446 1691 Verbo
2478 1646 2565 1688 seu

500 1754 574 1794 ex
608 1735 1082 1811 praedicatione,
1122 1753 1257 1794 cum
1292 1735 1470 1794 homo
1507 1735 1718 1810 incipit
1763 1752 1837 1793 ex
1874 1752 1945 1794 se
1984 1738 2280 1814 cogitare,
2317 1749 2415 1809 per
2449 1746 2564 1789 con·
2668 1739 2669 1744 ’

495 1838 895 1912 cupiscentias
926 1853 998 1893 ex
1028 1854 1228 1896 amore
1265 1838 1360 1894 sui
1397 1835 1807 1896 adulterentur
1841 1853 1912 1894 ac
1952 1841 2239 1913 pereant3
2306 1837 2433 1893 sunt
2461 1830 2568 1906 qui-

496 1937 632 1994 dem
667 1939 895 2005 omnia,
948 1953 1100 2011 quae
1135 1938 1196 1996 in
1231 1936 1436 1996 Verbo
1474 1943 1639 2009 sunt,
1694 1953 1872 2011 vera,
1912 1937 2028 1995 sed
2064 1936 2453 1996 adulterantur
2480 1946 2569 2007 per

499 2036 667 2095 ideas
725 2039 1100 2113 cogitationis
1155 2037 1229 2096 de
1278 2037 1394 2096 illis
1458 2044 1518 2095 et
1561 2054 1672 2113 per
1726 2037 2200 2112 applicationes,
2267 2034 2412 2094 unde
2455 2045 2570 2089 vera

498 2137 659 2213 apud
710 2137 844 2197 illos
900 2155 1017 2196 non
1070 2145 1209 2196 sunt
1268 2156 1414 2196 vera
1469 2139 1584 2195 nisi
1647 2137 1843 2213 quoad
1901 2138 2097 2197 solam
2157 2135 2570 2197 enuntiationem

416 2281 424 2287 .
501 2255 738 2314 eorum3
794 2255 978 2297 causa
1015 2238 1175 2314 quod
1210 2241 1317 2313 ita,
1363 2245 1457 2296 est
1494 2239 1634 2313 quia
1669 2240 1858 2297 omnis
1894 2240 2025 2312 vita
2063 2242 2190 2301 veri
2233 2245 2318 2296 est
2355 2253 2419 2293 ex
2442 2233 2567 2290 bono

498 2339 822 2416 spirituali,
862 2347 921 2399 et
948 2340 1168 2399 bonum
1205 2339 1519 2416 spirituale
1556 2339 1780 2398 residet
1814 2340 1873 2397 in
1921 2347 2126 2400 mente
2162 2339 2450 2416 superiore
2478 2347 2570 2391 seu

496 2443 806 2515 interiore,
876 2458 1029 2517 quae
1090 2448 1340 2500 vocatur
1403 2457 1570 2497 mens
1633 2439 1966 2516 spiritualis
1982 2462 1999 2517 3
2078 2442 2228 2501 haec
2279 2451 2427 2498 mens
2473 2446 2569 2490 non

497 2543 717 2617 aperiri
750 2548 951 2617 potest
978 2541 1139 2617 apud
1170 2541 1307 2599 illos
1347 2543 1451 2617 qui
1485 2543 1547 2598 in
1590 2557 1790 2600 amore
1827 2542 1925 2598 sui
1960 2552 2136 2617 sunt,
2193 2558 2321 2599 nam
2370 2539 2424 2597 in
2464 2536 2565 2592 sin-

499 2641 655 2717 gulis
695 2648 972 2718 spectant
1009 2641 1082 2699 ad
1126 2658 1222 2713 se,
1280 2643 1332 2699 si
1370 2641 1608 2700 elevant
1643 2642 1848 2700 oculos
1887 2657 2036 2701 suos
2075 2644 2155 2702 ad
2191 2640 2446 2706 Coelum,
2486 2648 2566 2690 us·

502 2759 619 2817 que
666 2749 864 2801 tamen
912 2744 1191 2818 cogitatio
1229 2742 1474 2818 spiritus
1525 2758 1732 2800 eorum
1777 2742 1988 2799 haeret
2043 2746 2106 2802 in
2152 2743 2443 2802 intuitione
2483 2732 2570 2798 sui,

501 2848 561 2899 et
604 2840 740 2899 inde
779 2860 853 2899 ex
888 2843 1023 2917 igne
1059 2843 1286 2918 gloriae
1324 2858 1474 2900 suae
1513 2843 1736 2900 excitat
1763 2842 2077 2902 sensualia
2115 2852 2356 2903 externa
2388 2842 2443 2896 et
2464 2850 2568 2892 cor-

495 2956 709 3015 porea,
752 2957 906 3015 quae
947 2959 986 2999 a
1018 2945 1276 3017 pueritia
1304 2943 1519 3002 edocta
1553 2949 1731 3015 sunt,·
1764 2943 1841 3000 ad
1868 2943 2221 3003 imitandum
2248 2940 2560 3004 affectione8‚

500 3038 710 3114 quales
758 3047 896 3099 sunt
954 3042 1249 3117 spirituali
1306 3043 1547 3102 homini.
1655 3042 1900 3118 Legitur
1958 3046 2127 3121 apud
2173 3045 2385 3104 Jonam
2440 3027 2565 3111 quod

500 3147 880 3199 exaresceret
910 3141 1172 3218 Kikajon
1209 3145 1309 3219 qui
1349 3143 1619 3203 ascendit
1672 3160 1857 3219 super
1894 3142 2099 3218 illum,
2158 3151 2218 3205 et
2259 3140 2409 3220 quod
2446 3149 2557 3212 Ρθΐ-

499 3246 730 3298 cuteret
773 3239 876 3299 Sol
915 3250 1098 3318 caput
1144 3243 1274 3320 ejus
1311 3249 1379 3301 ut
1414 3260 1594 3321 aegre
1633 3243 1916 3319 haberet3
1971 3244 2125 3304 haec
2177 3248 2315 3320 quia
2361 3255 2462 3298 non
2492 3235 2562 3290 in-

499 3339 847 3417 telliguntur
895 3342 1123 3418 absque
1162 3343 1559 3420 explicatione
1596 3361 1706 3421 per
1741 3360 1984 3403 sensum
2017 3348 2337 3418 internum,
2395 3333 2561 3415 paucis

502 3443 859 3518 explicanda
898 3450 1064 3518 sunt3
1123 3443 1194 3503 de
1245 3445 1337 3502 his
1388 3446 1473 3502 ita
1519 3444 1738 3520 legitur
1786 3445 1949 3520 apud
2002 3445 2229 3505 Jonam
2278 3426 2563 3518 „Jelwvalt

488 3542 908 3622 praeparavit
958 3543 1341 3626 Kikajonem
1362 3587 1377 3617 ,
1453 3545 1566 3623 qui
1625 3543 1915 3606 aseendit
1975 3564 2165 3625 super
2216 3544 2462 3611 mem,
2509 3534 2563 3592 ut

497 3649 660 3705 eaaet
698 3644 922 3706 umbra
955 3662 1146 3724 super
1183 3644 1391 3724 capite
1444 3644 1580 3727 ejus
1597 3690 1613 3718 ,
1672 3643 1761 3704 ad
1794 3646 2205 3707 avertendum
2249 3640 2472 3705 malum
2498 3626 2563 3693 il·

498 3741 660 3820 liue,
741 3751 799 3805 et
843 3743 1015 3807 Jona
1081 3742 1357 3806 laetatus
1413 3764 1604 3824 super
1662 3742 2021 3827 Kileajone;
2089 3751 2147 3804 et
2199 3729 2563 3825 praeparavit

495 3842 688 3905 Deua
749 3863 1015 3905 vermem
1066 3864 1208 3907 eum
1260 3844 1619 3905 ascenderet
1685 3863 1926 3906 aurora
1987 3844 2091 3905 die
2134 3850 2407 3924 postera,
2477 3824 2563 3912 φὶ

487 3945 812 4023 percussit
853 3943 1237 4027 Kikajonem
1287 3951 1362 4005 ut
1415 3953 1837 4007 emarescere&
1910 3946 2170 4025 insuper
2205 3946 2447 4026 factum
2487 3930 2562 3989 08ss

498 4063 640 4104 cum
691 4044 967 4105 oriretur
1014 4041 1111 4103 sol
1120 4088 1139 4119 ,
1223 4050 1296 4104 ut
1324 4049 1748 4125 praepararet
1790 4046 1981 4109 Deus
2028 4051 2275 4108 ventum
2323 4036 2561 4102 orienta-

497 4140 618 4200 lem
663 4144 1114 4217 exsiccantem,
1171 4149 1231 4203 et
1259 4152 1614 4222 percuteret
1661 4142 1759 4205 sol
1802 4152 1994 4226 caput
2044 4145 2270 4219 Jonae,
2323 4146 2379 4200 et
2411 4142 2561 4211 ΜΨ*

495 4238 773 4308 haberet,
826 4241 993 4301 unde
1017 4242 1213 4318 petiit
1250 4245 1504 4305 animae
1563 4227 1718 4307 auae
1762 4233 1963 4308 morz':
2018 4252 2164 4308 tune
2201 4240 2371 4305 dixit
2403 4234 2560 4296 Del&
