2791 4778
548 1072 2082 1259 [APOCALYPsEcffl,

1018 1293 1254 1349 CAPUT
1295 1294 1637 1361 QUINTUM.

418 1430 481 1491 1.
562 1418 658 1485 Et
725 1414 874 1485 vidi
939 1416 1016 1485 in
1088 1414 1339 1485 dextra
1393 1414 1738 1486 Sedentis
1804 1439 2026 1513 super
2077 1415 2384 1487 Throno

259 1513 565 1583 Librum
619 1516 971 1613 scriptum
1026 1517 1221 1586 intus
1275 1532 1350 1585 et
1397 1541 1438 1584 a
1488 1532 1719 1612 tergo,
1775 1512 2239 1612 obsignatum
2290 1517 2386 1587 si-

258 1613 456 1711 gillis
511 1639 587 1684 se
644 1632 808 1686 tem.
1314 1685 1325 1695 ,

414 1727 483 1790 2.
633 1733 663 1786 t
698 1715 841 1785 vidi
882 1714 1244 1811 Angelum
1293 1714 1563 1786 fortem
1612 1712 2165 1812 praedicantem
2198 1739 2383 1786 voce

258 1838 556 1909 magna,
611 1815 778 1911 quis
821 1832 935 1890 est
969 1814 1235 1911 dignus
1285 1815 1569 1912 aperire
1605 1813 1939 1901 Librum,
1995 1831 2067 1884 et
2104 1814 2385 1888 solvere

260 1913 500 2010 sigilla
551 1915 731 2012 ejus.

414 2030 479 2093 3.
562 2018 657 2085 Et
708 2039 923 2084 nemo
976 2015 1222 2111 potuit
1273 2015 1350 2083 in
1389 2013 1641 2101 Coelo,
1698 2038 1838 2084 nec
1893 2037 2113 2111 super
2163 2031 2382 2102 terra,

260 2139 501 2211 neque
544 2114 680 2185 sub
719 2133 933 2201 terra,
980 2114 1263 2211 aperire
1305 2113 1573 2184 librum
1612 2138 1751 2183 nec
1791 2113 2155 2210 inspicere
2195 2140 2382 2185 eum.

414 2225 480 2299 4.
561 2217 656 2285 Et
707 2239 845 2312 ego
881 2213 1146 2284 flebam
1194 2213 1535 2299 multum,
1593 2212 1795 2310 quod
1847 2238 2066 2285 nemo
2119 2213 2384 2310 dignus

261 2315 598 2386 inventus
668 2315 950 2413 aperire
1018 2331 1093 2384 et
1146 2313 1381 2398 legere
1453 2313 1755 2401 librum,
1823 2338 1962 2383 nec
2017 2314 2384 2412 inspicere

261 2439 448 2484 eum.

422 2531 488 2594 5.
571 2516 665 2583 Et
716 2538 905 2583 unus
955 2538 1042 2582 ex
1081 2514 1510 2585 Senioribus
1550 2513 1732 2584 dicit
1766 2512 1982 2599 mihi,
2037 2537 2131 2582 ne
2184 2510 2381 2597 sset0,

264 2636 448 2682 ecce
514 2613 693 2682 vicit
742 2615 897 2682 Leo
963 2612 1094 2708 qui
1162 2630 1275 2683 est
1337 2638 1424 2683 ex
1488 2613 1685 2684 tribu
1735 2610 2098 2700 Jehudae,
2179 2612 2384 2684 radix

250 2710 601 2799 Davidis,
671 2712 952 2809 aperire
1006 2711 1271 2782 librum
1336 2731 1412 2784 et
1460 2713 1739 2785 solvere
1808 2729 2089 2810 septem
2141 2713 2383 2810 sigilla

257 2813 443 2910 ejus.

416 2927 481 2990 6.
562 2914 657 2981 Et
708 2911 858 2982 vidi
911 2930 985 2983 et
1037 2936 1214 2982 ecce
1269 2913 1343 2982 in
1399 2912 1643 2985 medio
1698 2911 2012 3000 Thmui,
2070 2931 2143 2984 et
2198 2940 2378 3010 qua-

261 3029 432 3083 tuor
482 3010 960 3099 Animalium,
1025 3030 1101 3082 et
1169 3012 1246 3081 in
1297 3013 1543 3084 medio
1596 3009 2023 3099 Seniorum,
2091 3014 2382 3110 Agnum

258 3128 574 3181 stantem
626 3128 975 3208 tanquam
1029 3111 1390 3200 occisum,
1446 3112 1836 3183 habentem
1889 3137 2169 3183 cornua
2216 3138 2379 3211 sep-

258 3228 404 3281 tem
460 3228 535 3282 et
586 3210 844 3283 oculos
901 3229 1219 3310 septem,
1290 3213 1420 3309 qui
1475 3229 1644 3318 sunt
1706 3214 2175 3310 septem-Dei
2230 3214 2377 3312 spi-

256 3329 442 3382 ritus
496 3335 743 3382 emissl
793 3338 871 3381 m
924 3336 1218 3383 onmem
1260 3329 1547 3383 terram.

2417 948 2555 1013 [Ed.

2401 1023 2585 1078 Lond-

2410 1117 2566 1241 3522]

415 3426 480 3493 7.
559 3413 655 3481 Et
712 3412 912 3482 venit
989 3428 1065 3482 et
1132 3413 1424 3509 accepit
1486 3411 1751 3482 librum
1827 3435 1868 3480 e
1941 3410 2192 3482 dextra
2245 3411 2380 3482 Se·
2469 3411 2476 3420 ’

256 3510 499 3604 dentis
555 3535 775 3608 super
825 3512 1152 3582 Throno.

411 3625 475 3691 8.
558 3613 654 3681 Et
720 3636 888 3681 cum
955 3611 1367 3707 accepisset
1429 3608 1730 3698 librum,
1813 3626 2129 3707 quatuor
2192 3610 2375 3680 Ani-

258 3710 517 3797 malia,
608 3727 682 3780 et
740 3711 1016 3807 *viginti
1095 3727 1412 3807 quatuor
1475 3710 1821 3782 Seniores
1897 3708 2377 3807 prociderunt

259 3833 508 3879 coram
571 3812 824 3904 AgnO,
905 3810 1260 3881 habentes
1324 3811 1832 3907 unusquisque
1900 3809 2216 3881 citharas
2300 3829 2376 3882 et

258 3907 543 4005 phialas
597 3932 849 3981 aureas
898 3910 1155 4010 plenas
1212 3908 1604 3998 suffitibuS,
1662 3934 1848 4007 quae
1901 3926 2071 3981 sunt
2111 3934 2373 4008 preces

259 4024 692 4078 sanctorum.

414 4123 479 4188 9.
558 4109 654 4177 Et
729 4109 1090 4180 canebant
1158 4108 1542 4180 Canticum
1614 4134 1914 4196 novum,
2013 4107 2370 4196 dicentes,

253 4207 521 4305 dignus
576 4232 655 4278 es
711 4210 1049 4307 accipere
1101 4209 1370 4280 librum
1437 4226 1510 4280 et
1562 4209 1843 4307 aperire
1898 4208 2137 4304 sigilla
2188 4206 2369 4303 eju8‚

351 4333 782 4386 Swedenborffi
813 4333 1005 4389 Apocal.
1036 4335 1154 4389 expl.
1187 4335 1249 4376 11.
1995 4319 2025 4373 l
