<?xml version="1.0" encoding="UTF-8"?>
<!DOCTYPE html PUBLIC "-//W3C//DTD XHTML 1.0 Transitional//EN"
    "http://www.w3.org/TR/xhtml1/DTD/xhtml1-transitional.dtd">
<html xmlns="http://www.w3.org/1999/xhtml" xml:lang="en" lang="en">
 <head>
  <title>
</title>
<meta http-equiv="Content-Type" content="text/html;charset=utf-8" />
  <meta name='ocr-system' content='tesseract 3.04.00' />
  <meta name='ocr-capabilities' content='ocr_page ocr_carea ocr_par ocr_line ocrx_word'/>
</head>
<body>
  <div class='ocr_page' id='page_1' title='image "apocalypsisexpl03swedgoog_0098.png"; bbox 0 0 2791 4778; ppageno 0'>
   <div class='ocr_carea' id='block_1_1' title="bbox 489 336 2194 430">
    <p class='ocr_par' dir='ltr' id='par_1_1' title="bbox 489 336 2194 430">
     <span class='ocr_line' id='line_1_1' title="bbox 489 336 2194 430; baseline -0.004 -28"><span class='ocrx_word' id='word_1_1' title='bbox 489 352 560 402; x_wconf 80' lang='lat'>‘16</span> <span class='ocrx_word' id='word_1_2' title='bbox 925 338 1427 430; x_wconf 68' lang='lat' dir='ltr'>APOCALYPSIS</span> <span class='ocrx_word' id='word_1_3' title='bbox 1471 336 1907 395; x_wconf 75' lang='lat' dir='ltr'>ExPucA‘rA.</span> <span class='ocrx_word' id='word_1_4' title='bbox 1970 337 2019 406; x_wconf 61' lang='lat'>§2</span> <span class='ocrx_word' id='word_1_5' title='bbox 2062 343 2194 400; x_wconf 74' lang='lat'>324.</span> 
     </span>
    </p>
   </div>
   <div class='ocr_carea' id='block_1_2' title="bbox 289 487 2646 1080">
    <p class='ocr_par' dir='ltr' id='par_1_2' title="bbox 289 487 2646 1080">
     <span class='ocr_line' id='line_1_2' title="bbox 485 487 2646 579; baseline -0.003 -17"><span class='ocrx_word' id='word_1_6' title='bbox 485 495 717 561; x_wconf 81' lang='lat' dir='ltr'>Altare</span> <span class='ocrx_word' id='word_1_7' title='bbox 743 496 1098 579; x_wconf 57' lang='lat' dir='ltr'>«suffitionis</span> <span class='ocrx_word' id='word_1_8' title='bbox 1125 496 1479 578; x_wconf 71' lang='lat' dir='ltr'>suffimenti</span> <span class='ocrx_word' id='word_1_9' title='bbox 1496 541 1514 572; x_wconf 86' lang='lat'><em>,</em></span> <span class='ocrx_word' id='word_1_10' title='bbox 1551 500 1611 557; x_wconf 77' lang='lat' dir='ltr'>et</span> <span class='ocrx_word' id='word_1_11' title='bbox 1636 494 1901 557; x_wconf 70' lang='lat' dir='ltr'>obduoes</span> <span class='ocrx_word' id='word_1_12' title='bbox 1936 490 2110 556; x_wconf 75' lang='lat' dir='ltr'>illud</span> <span class='ocrx_word' id='word_1_13' title='bbox 2143 487 2303 554; x_wconf 81' lang='lat' dir='ltr'>auro&#39;</span> <span class='ocrx_word' id='word_1_14' title='bbox 2326 512 2533 572; x_wconf 74' lang='lat' dir='ltr'>pum,</span> <span class='ocrx_word' id='word_1_15' title='bbox 2580 501 2646 555; x_wconf 78' lang='lat' dir='ltr'>et</span> 
     </span>
     <span class='ocr_line' id='line_1_3' title="bbox 487 590 2642 678; baseline -0.002 -17"><span class='ocrx_word' id='word_1_16' title='bbox 487 598 676 661; x_wconf 71' lang='lat' dir='ltr'>dabie</span> <span class='ocrx_word' id='word_1_17' title='bbox 715 594 887 660; x_wconf 73' lang='lat' dir='ltr'>illud</span> <span class='ocrx_word' id='word_1_18' title='bbox 933 602 1079 659; x_wconf 77' lang='lat' dir='ltr'>ante</span> <span class='ocrx_word' id='word_1_19' title='bbox 1121 595 1341 660; x_wconf 81' lang='lat' dir='ltr'>Velum</span> <span class='ocrx_word' id='word_1_20' title='bbox 1384 595 1554 678; x_wconf 79' lang='lat' dir='ltr'>quod</span> <span class='ocrx_word' id='word_1_21' title='bbox 1610 614 1801 675; x_wconf 76' lang='lat' dir='ltr'>super</span> <span class='ocrx_word' id='word_1_22' title='bbox 1845 613 2002 656; x_wconf 78' lang='lat' dir='ltr'>area</span> <span class='ocrx_word' id='word_1_23' title='bbox 2044 590 2432 654; x_wconf 67' lang='lat' dir='ltr'>Testimoniz·</span> <span class='ocrx_word' id='word_1_24' title='bbox 2474 601 2642 657; x_wconf 75' lang='lat' dir='ltr'>ante</span> 
     </span>
     <span class='ocr_line' id='line_1_4' title="bbox 289 692 2642 779; baseline -0.004 -15"><span class='ocrx_word' id='word_1_25' title='bbox 289 703 449 765; x_wconf 86' lang='grc'><strong>[393]</strong></span> <span class='ocrx_word' id='word_1_26' title='bbox 490 697 1077 779; x_wconf 61' lang='grc' dir='ltr'>Ρνορίτίαιονὶαηυ</span> <span class='ocrx_word' id='word_1_27' title='bbox 1129 702 1188 760; x_wconf 79' lang='lat' dir='ltr'>et</span> <span class='ocrx_word' id='word_1_28' title='bbox 1236 697 1458 779; x_wconf 72' lang='lat' dir='ltr'>suffiet</span> <span class='ocrx_word' id='word_1_29' title='bbox 1497 715 1687 778; x_wconf 70' lang='lat' dir='ltr'>super</span> <span class='ocrx_word' id='word_1_30' title='bbox 1725 692 1839 756; x_wconf 76' lang='lat' dir='ltr'><em>illo</em></span> <span class='ocrx_word' id='word_1_31' title='bbox 1877 693 2145 756; x_wconf 62' lang='lat' dir='ltr'>Ahar-on</span> <span class='ocrx_word' id='word_1_32' title='bbox 2182 692 2642 773; x_wconf 68' lang='lat' dir='ltr'>suffimentum</span> 
     </span>
     <span class='ocr_line' id='line_1_5' title="bbox 486 789 2638 878; baseline -0.002 -18"><span class='ocrx_word' id='word_1_33' title='bbox 486 805 848 861; x_wconf 80' lang='lat' dir='ltr'>aromatum</span> <span class='ocrx_word' id='word_1_34' title='bbox 870 797 1094 878; x_wconf 73' lang='lat' dir='ltr'>quovis</span> <span class='ocrx_word' id='word_1_35' title='bbox 1120 817 1320 875; x_wconf 75' lang='lat' dir='ltr'>mane,</span> <span class='ocrx_word' id='word_1_36' title='bbox 1350 798 1421 859; x_wconf 78' lang='lat' dir='ltr'>in</span> <span class='ocrx_word' id='word_1_37' title='bbox 1438 795 1815 858; x_wconf 81' lang='lat' dir='ltr'>adornando</span> <span class='ocrx_word' id='word_1_38' title='bbox 1843 792 2133 858; x_wconf 70' lang='lat' dir='ltr'>lucernas</span> <span class='ocrx_word' id='word_1_39' title='bbox 2160 789 2372 872; x_wconf 72' lang='lat' dir='ltr'>suffiet</span> <span class='ocrx_word' id='word_1_40' title='bbox 2400 789 2596 855; x_wconf 75' lang='lat' dir='ltr'><em>illud</em></span> <span class='ocrx_word' id='word_1_41' title='bbox 2607 815 2638 867; x_wconf 91' lang='lat'><em>;</em></span> 
     </span>
     <span class='ocr_line' id='line_1_6' title="bbox 469 890 2638 985; baseline -0.003 -23"><span class='ocrx_word' id='word_1_42' title='bbox 469 905 547 985; x_wconf 11' lang='lat' dir='ltr'>*et</span> <span class='ocrx_word' id='word_1_43' title='bbox 569 899 641 960; x_wconf 78' lang='lat' dir='ltr'>in</span> <span class='ocrx_word' id='word_1_44' title='bbox 665 897 996 961; x_wconf 67' lang='lat' dir='ltr'>ascenden»</span> <span class='ocrx_word' id='word_1_45' title='bbox 1008 896 1314 977; x_wconf 76' lang='lat' dir='ltr'>faciendo</span> <span class='ocrx_word' id='word_1_46' title='bbox 1343 896 1633 960; x_wconf 59' lang='lat' dir='ltr'>luo-emas</span> <span class='ocrx_word' id='word_1_47' title='bbox 1659 898 1825 959; x_wconf 78' lang='lat' dir='ltr'>inter</span> <span class='ocrx_word' id='word_1_48' title='bbox 1842 914 2140 975; x_wconf 70' lang='lat' dir='ltr'>vesperas</span> <span class='ocrx_word' id='word_1_49' title='bbox 2168 893 2387 974; x_wconf 76' lang='lat' dir='ltr'>suffiet</span> <span class='ocrx_word' id='word_1_50' title='bbox 2416 890 2638 966; x_wconf 53' lang='lat' dir='ltr'>illuc&amp;</span> 
     </span>
     <span class='ocr_line' id='line_1_7' title="bbox 485 993 2636 1080; baseline -0.003 -19"><span class='ocrx_word' id='word_1_51' title='bbox 485 999 919 1080; x_wconf 68' lang='lat' dir='ltr'>suffimentum</span> <span class='ocrx_word' id='word_1_52' title='bbox 944 996 1111 1080; x_wconf 73' lang='lat' dir='ltr'>juye</span> <span class='ocrx_word' id='word_1_53' title='bbox 1162 1016 1376 1060; x_wconf 80' lang='lat' dir='ltr'>eoram</span> <span class='ocrx_word' id='word_1_54' title='bbox 1417 994 1705 1058; x_wconf 76' lang='lat' dir='ltr'>Jehovah</span> <span class='ocrx_word' id='word_1_55' title='bbox 1755 997 1825 1057; x_wconf 78' lang='lat' dir='ltr'>in</span> <span class='ocrx_word' id='word_1_56' title='bbox 1861 993 2294 1077; x_wconf 65' lang='lat' dir='ltr'>ymationee</span> <span class='ocrx_word' id='word_1_57' title='bbox 2331 998 2636 1054; x_wconf 61' lang='lat' dir='ltr'>vestras-.-</span> 
     </span>
    </p>
   </div>
   <div class='ocr_carea' id='block_1_3' title="bbox 485 1090 2751 1180">
    <p class='ocr_par' dir='ltr' id='par_1_3' title="bbox 485 1090 2751 1180">
     <span class='ocr_line' id='line_1_8' title="bbox 485 1090 2751 1180; baseline -0.004 -19"><span class='ocrx_word' id='word_1_58' title='bbox 485 1118 594 1161; x_wconf 79' lang='lat' dir='ltr'>neo</span> <span class='ocrx_word' id='word_1_59' title='bbox 626 1097 956 1160; x_wconf 72' lang='lat' dir='ltr'>ascendere</span> <span class='ocrx_word' id='word_1_60' title='bbox 982 1097 1253 1178; x_wconf 75' lang='lat' dir='ltr'>facietis</span> <span class='ocrx_word' id='word_1_61' title='bbox 1292 1099 1727 1180; x_wconf 66' lang='lat' dir='ltr'>suffimentum</span> <span class='ocrx_word' id='word_1_62' title='bbox 1761 1094 2043 1158; x_wconf 82' lang='lat' dir='ltr'>alienum</span> <span class='ocrx_word' id='word_1_63' title='bbox 2080 1100 2141 1155; x_wconf 84' lang='lat' dir='ltr'>et</span> <span class='ocrx_word' id='word_1_64' title='bbox 2177 1090 2636 1156; x_wconf 70' lang='lat' dir='ltr'>holocausta-m</span> <span class='ocrx_word' id='word_1_65' title='bbox 2749 1111 2751 1120; x_wconf 92' lang='lat'>·</span> 
     </span>
    </p>
   </div>
   <div class='ocr_carea' id='block_1_4' title="bbox 483 1193 2633 4293">
    <p class='ocr_par' dir='ltr' id='par_1_4' title="bbox 483 1193 2633 4293">
     <span class='ocr_line' id='line_1_9' title="bbox 487 1193 2629 1279; baseline -0.004 -19"><span class='ocrx_word' id='word_1_66' title='bbox 487 1206 547 1263; x_wconf 79' lang='lat' dir='ltr'>et</span> <span class='ocrx_word' id='word_1_67' title='bbox 582 1197 901 1261; x_wconf 74' lang='lat' dir='ltr'>minokam</span> <span class='ocrx_word' id='word_1_68' title='bbox 942 1204 1002 1259; x_wconf 77' lang='lat' dir='ltr'>et</span> <span class='ocrx_word' id='word_1_69' title='bbox 1038 1195 1312 1260; x_wconf 78' lang='lat' dir='ltr'>lihamen</span> <span class='ocrx_word' id='word_1_70' title='bbox 1347 1218 1539 1279; x_wconf 70' lang='lat' dir='ltr'>super</span> <span class='ocrx_word' id='word_1_71' title='bbox 1579 1201 1694 1258; x_wconf 86' lang='lat' dir='ltr'>eo“</span> <span class='ocrx_word' id='word_1_72' title='bbox 1770 1197 1976 1256; x_wconf 86' lang='lat' dir='ltr'>Exod:</span> <span class='ocrx_word' id='word_1_73' title='bbox 2013 1195 2234 1254; x_wconf 81' lang='lat' dir='ltr'>XXX:</span> <span class='ocrx_word' id='word_1_74' title='bbox 2290 1197 2319 1252; x_wconf 95' lang='lat' dir='ltr'>l</span> <span class='ocrx_word' id='word_1_75' title='bbox 2362 1193 2444 1252; x_wconf 86' lang='lat' dir='ltr'>ad</span> <span class='ocrx_word' id='word_1_76' title='bbox 2488 1197 2591 1253; x_wconf 82' lang='lat'>10</span> <span class='ocrx_word' id='word_1_77' title='bbox 2613 1215 2629 1269; x_wconf 88' lang='lat'>;</span> 
     </span>
     <span class='ocr_line' id='line_1_10' title="bbox 489 1293 2633 1378; baseline -0.003 -19"><span class='ocrx_word' id='word_1_78' title='bbox 489 1300 647 1378; x_wconf 85' lang='lat' dir='ltr'>quod</span> <span class='ocrx_word' id='word_1_79' title='bbox 682 1318 793 1377; x_wconf 88' lang='lat' dir='ltr'>per</span> <span class='ocrx_word' id='word_1_80' title='bbox 826 1300 943 1360; x_wconf 87' lang='lat' dir='ltr'>hoc</span> <span class='ocrx_word' id='word_1_81' title='bbox 970 1300 1179 1360; x_wconf 86' lang='lat' dir='ltr'>Altare</span> <span class='ocrx_word' id='word_1_82' title='bbox 1216 1306 1277 1358; x_wconf 88' lang='lat' dir='ltr'>et</span> <span class='ocrx_word' id='word_1_83' title='bbox 1310 1318 1422 1376; x_wconf 90' lang='lat' dir='ltr'>per</span> <span class='ocrx_word' id='word_1_84' title='bbox 1447 1300 1779 1359; x_wconf 87' lang='lat' dir='ltr'>suffitiones</span> <span class='ocrx_word' id='word_1_85' title='bbox 1817 1314 2001 1373; x_wconf 89' lang='lat' dir='ltr'>super</span> <span class='ocrx_word' id='word_1_86' title='bbox 2030 1313 2102 1355; x_wconf 89' lang='lat' dir='ltr'>eo</span> <span class='ocrx_word' id='word_1_87' title='bbox 2130 1293 2507 1371; x_wconf 80' lang='lat' dir='ltr'>significatus</span> <span class='ocrx_word' id='word_1_88' title='bbox 2550 1296 2633 1353; x_wconf 86' lang='lat' dir='ltr'>sit</span> 
     </span>
     <span class='ocr_line' id='line_1_11' title="bbox 488 1393 2627 1476; baseline -0.002 -17"><span class='ocrx_word' id='word_1_89' title='bbox 488 1399 685 1459; x_wconf 81' lang='lat' dir='ltr'>cultus</span> <span class='ocrx_word' id='word_1_90' title='bbox 724 1402 826 1476; x_wconf 88' lang='lat' dir='ltr'>qui</span> <span class='ocrx_word' id='word_1_91' title='bbox 862 1417 935 1457; x_wconf 79' lang='lat' dir='ltr'>ex</span> <span class='ocrx_word' id='word_1_92' title='bbox 971 1399 1124 1459; x_wconf 92' lang='lat' dir='ltr'>bono</span> <span class='ocrx_word' id='word_1_93' title='bbox 1162 1399 1495 1476; x_wconf 83' lang='lat' dir='ltr'><strong>spirituali,</strong></span> <span class='ocrx_word' id='word_1_94' title='bbox 1533 1406 1808 1459; x_wconf 78' lang='lat' dir='ltr'>constare</span> <span class='ocrx_word' id='word_1_95' title='bbox 1843 1402 2047 1474; x_wconf 90' lang='lat' dir='ltr'>potest</span> <span class='ocrx_word' id='word_1_96' title='bbox 2084 1411 2156 1454; x_wconf 83' lang='lat' dir='ltr'>ex</span> <span class='ocrx_word' id='word_1_97' title='bbox 2193 1412 2265 1455; x_wconf 91' lang='lat' dir='ltr'>eo</span> <span class='ocrx_word' id='word_1_98' title='bbox 2303 1393 2470 1471; x_wconf 88' lang='lat' dir='ltr'>quod</span> <span class='ocrx_word' id='word_1_99' title='bbox 2502 1393 2627 1454; x_wconf 81' lang='lat' dir='ltr'>hoe</span> 
     </span>
     <span class='ocr_line' id='line_1_12' title="bbox 484 1492 2627 1578; baseline -0.003 -19"><span class='ocrx_word' id='word_1_100' title='bbox 484 1502 746 1578; x_wconf 90' lang='lat' dir='ltr'>positum</span> <span class='ocrx_word' id='word_1_101' title='bbox 785 1500 964 1558; x_wconf 79' lang='lat' dir='ltr'>fuerit</span> <span class='ocrx_word' id='word_1_102' title='bbox 999 1502 1057 1557; x_wconf 93' lang='lat' dir='ltr'>in</span> <span class='ocrx_word' id='word_1_103' title='bbox 1095 1499 1380 1559; x_wconf 86' lang='lat' dir='ltr'>Tentorio</span> <span class='ocrx_word' id='word_1_104' title='bbox 1419 1499 1763 1560; x_wconf 82' lang='lat' dir='ltr'><strong>Conventus</strong></span> <span class='ocrx_word' id='word_1_105' title='bbox 1802 1505 1971 1556; x_wconf 82' lang='lat' dir='ltr'>extra</span> <span class='ocrx_word' id='word_1_106' title='bbox 2003 1495 2253 1569; x_wconf 88' lang='lat' dir='ltr'>Velum,</span> <span class='ocrx_word' id='word_1_107' title='bbox 2292 1492 2396 1554; x_wconf 90' lang='lat' dir='ltr'>ubi</span> <span class='ocrx_word' id='word_1_108' title='bbox 2435 1496 2627 1553; x_wconf 83' lang='lat' dir='ltr'>etiam</span> 
     </span>
     <span class='ocr_line' id='line_1_13' title="bbox 485 1596 2619 1678; baseline -0.003 -18"><span class='ocrx_word' id='word_1_109' title='bbox 485 1601 829 1674; x_wconf 75' lang='lat' dir='ltr'>Luem-nae,</span> <span class='ocrx_word' id='word_1_110' title='bbox 888 1606 949 1659; x_wconf 88' lang='lat' dir='ltr'>et</span> <span class='ocrx_word' id='word_1_111' title='bbox 997 1617 1106 1676; x_wconf 87' lang='lat' dir='ltr'>per</span> <span class='ocrx_word' id='word_1_112' title='bbox 1144 1599 1494 1660; x_wconf 86' lang='lat' dir='ltr'>Tentorium</span> <span class='ocrx_word' id='word_1_113' title='bbox 1538 1599 1936 1678; x_wconf 83' lang='lat' dir='ltr'>significatum</span> <span class='ocrx_word' id='word_1_114' title='bbox 1990 1603 2084 1657; x_wconf 88' lang='lat' dir='ltr'>est</span> <span class='ocrx_word' id='word_1_115' title='bbox 2116 1596 2389 1672; x_wconf 86' lang='lat' dir='ltr'>Regnum</span> <span class='ocrx_word' id='word_1_116' title='bbox 2427 1596 2619 1672; x_wconf 87' lang='lat' dir='ltr'>spiri-</span> 
     </span>
     <span class='ocr_line' id='line_1_14' title="bbox 487 1697 2622 1777; baseline -0.002 -19"><span class='ocrx_word' id='word_1_117' title='bbox 487 1699 650 1759; x_wconf 87' lang='lat' dir='ltr'>tuale</span> <span class='ocrx_word' id='word_1_118' title='bbox 686 1699 954 1773; x_wconf 88' lang='lat' dir='ltr'><strong>Domini,</strong></span> <span class='ocrx_word' id='word_1_119' title='bbox 1011 1707 1072 1757; x_wconf 86' lang='lat' dir='ltr'>at</span> <span class='ocrx_word' id='word_1_120' title='bbox 1132 1718 1243 1776; x_wconf 89' lang='lat' dir='ltr'>per</span> <span class='ocrx_word' id='word_1_121' title='bbox 1278 1701 1442 1759; x_wconf 87' lang='lat' dir='ltr'>illam</span> <span class='ocrx_word' id='word_1_122' title='bbox 1488 1710 1723 1777; x_wconf 88' lang='lat' dir='ltr'>partem</span> <span class='ocrx_word' id='word_1_123' title='bbox 1762 1700 2031 1761; x_wconf 84' lang='lat' dir='ltr'>Tentorii</span> <span class='ocrx_word' id='word_1_124' title='bbox 2080 1713 2235 1774; x_wconf 84' lang='lat' dir='ltr'>quae</span> <span class='ocrx_word' id='word_1_125' title='bbox 2285 1702 2418 1754; x_wconf 84' lang='lat' dir='ltr'>erat</span> <span class='ocrx_word' id='word_1_126' title='bbox 2455 1697 2622 1754; x_wconf 83' lang='lat' dir='ltr'>iutra</span> 
     </span>
     <span class='ocr_line' id='line_1_15' title="bbox 484 1798 2621 1879; baseline -0.002 -19"><span class='ocrx_word' id='word_1_127' title='bbox 484 1800 706 1860; x_wconf 88' lang='lat' dir='ltr'>Velum</span> <span class='ocrx_word' id='word_1_128' title='bbox 742 1798 1135 1876; x_wconf 82' lang='lat' dir='ltr'>significatum</span> <span class='ocrx_word' id='word_1_129' title='bbox 1176 1807 1268 1859; x_wconf 87' lang='lat' dir='ltr'>est</span> <span class='ocrx_word' id='word_1_130' title='bbox 1300 1801 1574 1879; x_wconf 86' lang='lat' dir='ltr'>Regnum</span> <span class='ocrx_word' id='word_1_131' title='bbox 1611 1801 1876 1861; x_wconf 87' lang='lat' dir='ltr'>coeleste</span> <span class='ocrx_word' id='word_1_132' title='bbox 1910 1798 2180 1871; x_wconf 86' lang='lat' dir='ltr'><strong>Domini,</strong></span> <span class='ocrx_word' id='word_1_133' title='bbox 2236 1803 2299 1855; x_wconf 88' lang='lat' dir='ltr'>ut</span> <span class='ocrx_word' id='word_1_134' title='bbox 2336 1802 2621 1856; x_wconf 80' lang='lat' dir='ltr'>constare</span> 
     </span>
     <span class='ocr_line' id='line_1_16' title="bbox 492 1896 2620 1977; baseline -0.001 -17"><span class='ocrx_word' id='word_1_135' title='bbox 492 1906 696 1977; x_wconf 82' lang='lat' dir='ltr'>potest</span> <span class='ocrx_word' id='word_1_136' title='bbox 734 1917 808 1959; x_wconf 80' lang='lat' dir='ltr'>ex</span> <span class='ocrx_word' id='word_1_137' title='bbox 837 1900 957 1959; x_wconf 86' lang='lat' dir='ltr'>illis</span> <span class='ocrx_word' id='word_1_138' title='bbox 998 1918 1152 1976; x_wconf 87' lang='lat' dir='ltr'>quae</span> <span class='ocrx_word' id='word_1_139' title='bbox 1191 1901 1263 1959; x_wconf 87' lang='lat' dir='ltr'>de</span> <span class='ocrx_word' id='word_1_140' title='bbox 1305 1901 1621 1973; x_wconf 87' lang='lat' dir='ltr'>Tentorio‚</span> <span class='ocrx_word' id='word_1_141' title='bbox 1659 1902 1760 1961; x_wconf 89' lang='lat' dir='ltr'>ubi</span> <span class='ocrx_word' id='word_1_142' title='bbox 1793 1901 2007 1962; x_wconf 84' lang='lat' dir='ltr'>Mensa</span> <span class='ocrx_word' id='word_1_143' title='bbox 2041 1914 2224 1974; x_wconf 90' lang='lat' dir='ltr'>super</span> <span class='ocrx_word' id='word_1_144' title='bbox 2264 1914 2386 1973; x_wconf 87' lang='lat' dir='ltr'>qua</span> <span class='ocrx_word' id='word_1_145' title='bbox 2412 1896 2620 1957; x_wconf 79' lang='lat' dir='ltr'>Panes</span> 
     </span>
     <span class='ocr_line' id='line_1_17' title="bbox 492 1997 2616 2079; baseline -0 -21"><span class='ocrx_word' id='word_1_146' title='bbox 492 2000 812 2072; x_wconf 83' lang='lat' dir='ltr'>facierum,</span> <span class='ocrx_word' id='word_1_147' title='bbox 862 2018 932 2061; x_wconf 86' lang='lat' dir='ltr'>ae</span> <span class='ocrx_word' id='word_1_148' title='bbox 969 2001 1068 2060; x_wconf 91' lang='lat' dir='ltr'>ubi</span> <span class='ocrx_word' id='word_1_149' title='bbox 1102 2002 1310 2061; x_wconf 82' lang='lat' dir='ltr'>Altare</span> <span class='ocrx_word' id='word_1_150' title='bbox 1348 2003 1615 2079; x_wconf 83' lang='lat' dir='ltr'>suffitus,</span> <span class='ocrx_word' id='word_1_151' title='bbox 1673 2019 1744 2060; x_wconf 86' lang='lat' dir='ltr'>ae</span> <span class='ocrx_word' id='word_1_152' title='bbox 1791 2001 1892 2060; x_wconf 90' lang='lat' dir='ltr'>ubi</span> <span class='ocrx_word' id='word_1_153' title='bbox 1929 1997 2368 2060; x_wconf 83' lang='lat' dir='ltr'>Candelabrum</span> <span class='ocrx_word' id='word_1_154' title='bbox 2421 2004 2616 2072; x_wconf 85' lang='lat' dir='ltr'>erant,</span> 
     </span>
     <span class='ocr_line' id='line_1_18' title="bbox 488 2100 2616 2174; baseline -0.002 -15"><span class='ocrx_word' id='word_1_155' title='bbox 488 2102 550 2161; x_wconf 86' lang='lat' dir='ltr'>in</span> <span class='ocrx_word' id='word_1_156' title='bbox 583 2100 861 2161; x_wconf 57' lang='lat' dir='ltr'>Ancaeus</span> <span class='ocrx_word' id='word_1_157' title='bbox 891 2100 1306 2162; x_wconf 63' lang='lat' dir='ltr'>contem-mus</span> <span class='ocrx_word' id='word_1_158' title='bbox 1335 2121 1401 2161; x_wconf 88' lang='lat' dir='ltr'>n:</span> <span class='ocrx_word' id='word_1_159' title='bbox 1441 2106 1651 2163; x_wconf 83' lang='lat'>9457.</span> <span class='ocrx_word' id='word_1_160' title='bbox 1688 2104 1900 2163; x_wconf 82' lang='lat'>9481.</span> <span class='ocrx_word' id='word_1_161' title='bbox 1940 2100 2152 2168; x_wconf 83' lang='lat'><strong>9485,</strong></span> <span class='ocrx_word' id='word_1_162' title='bbox 2180 2103 2426 2158; x_wconf 83' lang='lat' dir='ltr'>ostensa</span> <span class='ocrx_word' id='word_1_163' title='bbox 2452 2105 2616 2174; x_wconf 81' lang='lat' dir='ltr'>sunt3</span> 
     </span>
     <span class='ocr_line' id='line_1_19' title="bbox 491 2200 2617 2279; baseline -0.002 -18"><span class='ocrx_word' id='word_1_164' title='bbox 491 2207 551 2261; x_wconf 85' lang='lat' dir='ltr'>et</span> <span class='ocrx_word' id='word_1_165' title='bbox 587 2219 661 2261; x_wconf 85' lang='lat' dir='ltr'>ex</span> <span class='ocrx_word' id='word_1_166' title='bbox 697 2200 817 2261; x_wconf 86' lang='lat' dir='ltr'>illis</span> <span class='ocrx_word' id='word_1_167' title='bbox 852 2220 1004 2278; x_wconf 87' lang='lat' dir='ltr'>qnae</span> <span class='ocrx_word' id='word_1_168' title='bbox 1043 2201 1116 2262; x_wconf 90' lang='lat' dir='ltr'>de</span> <span class='ocrx_word' id='word_1_169' title='bbox 1152 2202 1340 2276; x_wconf 85' lang='lat' dir='ltr'>Arca,</span> <span class='ocrx_word' id='word_1_170' title='bbox 1397 2205 1456 2262; x_wconf 93' lang='lat' dir='ltr'>in</span> <span class='ocrx_word' id='word_1_171' title='bbox 1492 2221 1611 2279; x_wconf 91' lang='lat' dir='ltr'>qua</span> <span class='ocrx_word' id='word_1_172' title='bbox 1649 2202 2115 2276; x_wconf 86' lang='lat' dir='ltr'>Testimonium,</span> <span class='ocrx_word' id='word_1_173' title='bbox 2173 2203 2234 2258; x_wconf 91' lang='lat' dir='ltr'>et</span> <span class='ocrx_word' id='word_1_174' title='bbox 2268 2214 2453 2273; x_wconf 87' lang='lat' dir='ltr'>super</span> <span class='ocrx_word' id='word_1_175' title='bbox 2489 2215 2617 2275; x_wconf 83' lang='lat' dir='ltr'>qua</span> 
     </span>
     <span class='ocr_line' id='line_1_20' title="bbox 487 2294 2616 2379; baseline -0.001 -18"><span class='ocrx_word' id='word_1_176' title='bbox 487 2294 989 2379; x_wconf 71' lang='lat' dir='ltr'>Propitiatorium,</span> <span class='ocrx_word' id='word_1_177' title='bbox 1028 2322 1102 2361; x_wconf 89' lang='lat' dir='ltr'>n:</span> <span class='ocrx_word' id='word_1_178' title='bbox 1148 2305 1358 2363; x_wconf 84' lang='grc'><strong>9457.</strong></span> <span class='ocrx_word' id='word_1_179' title='bbox 1409 2305 1618 2363; x_wconf 87' lang='grc'><strong>9481.</strong></span> <span class='ocrx_word' id='word_1_180' title='bbox 1667 2304 1881 2364; x_wconf 86' lang='grc'><strong>9485.</strong></span> <span class='ocrx_word' id='word_1_181' title='bbox 1917 2302 2193 2375; x_wconf 84' lang='grc'><strong>10545;</strong></span> <span class='ocrx_word' id='word_1_182' title='bbox 2245 2296 2381 2356; x_wconf 86' lang='lat' dir='ltr'>inde</span> <span class='ocrx_word' id='word_1_183' title='bbox 2416 2304 2616 2374; x_wconf 82' lang='lat' dir='ltr'>patet,</span> 
     </span>
     <span class='ocr_line' id='line_1_21' title="bbox 486 2399 2611 2482; baseline -0.003 -19"><span class='ocrx_word' id='word_1_184' title='bbox 486 2403 644 2481; x_wconf 89' lang='lat' dir='ltr'>quod</span> <span class='ocrx_word' id='word_1_185' title='bbox 677 2423 791 2482; x_wconf 86' lang='lat' dir='ltr'>per</span> <span class='ocrx_word' id='word_1_186' title='bbox 823 2403 930 2465; x_wconf 88' lang='lat' dir='ltr'>illa</span> <span class='ocrx_word' id='word_1_187' title='bbox 963 2423 1118 2482; x_wconf 84' lang='lat' dir='ltr'>quae</span> <span class='ocrx_word' id='word_1_188' title='bbox 1160 2408 1218 2464; x_wconf 93' lang='lat' dir='ltr'>in</span> <span class='ocrx_word' id='word_1_189' title='bbox 1251 2405 1538 2465; x_wconf 85' lang='lat' dir='ltr'>Tentorio</span> <span class='ocrx_word' id='word_1_190' title='bbox 1576 2413 1746 2464; x_wconf 83' lang='lat' dir='ltr'>extra</span> <span class='ocrx_word' id='word_1_191' title='bbox 1776 2403 1994 2464; x_wconf 88' lang='lat' dir='ltr'>Velum</span> <span class='ocrx_word' id='word_1_192' title='bbox 2033 2409 2233 2474; x_wconf 86' lang='lat' dir='ltr'>erant,</span> <span class='ocrx_word' id='word_1_193' title='bbox 2274 2415 2421 2475; x_wconf 86' lang='lat' dir='ltr'>quae</span> <span class='ocrx_word' id='word_1_194' title='bbox 2457 2399 2611 2457; x_wconf 80' lang='lat' dir='ltr'>fue-</span> 
     </span>
     <span class='ocr_line' id='line_1_22' title="bbox 490 2495 2610 2578; baseline -0.004 -16"><span class='ocrx_word' id='word_1_195' title='bbox 490 2511 625 2563; x_wconf 86' lang='lat' dir='ltr'>runt</span> <span class='ocrx_word' id='word_1_196' title='bbox 674 2504 1144 2575; x_wconf 84' lang='lat' dir='ltr'>Candelabrum,</span> <span class='ocrx_word' id='word_1_197' title='bbox 1205 2507 1416 2566; x_wconf 87' lang='lat' dir='ltr'>Altare</span> <span class='ocrx_word' id='word_1_198' title='bbox 1466 2505 1731 2576; x_wconf 85' lang='lat' dir='ltr'>suffitus,</span> <span class='ocrx_word' id='word_1_199' title='bbox 1802 2512 1864 2565; x_wconf 88' lang='lat' dir='ltr'>et</span> <span class='ocrx_word' id='word_1_200' title='bbox 1910 2504 2121 2564; x_wconf 84' lang='lat' dir='ltr'>Mensa</span> <span class='ocrx_word' id='word_1_201' title='bbox 2167 2518 2278 2578; x_wconf 92' lang='lat' dir='ltr'>pro</span> <span class='ocrx_word' id='word_1_202' title='bbox 2325 2495 2610 2575; x_wconf 81' lang='lat' dir='ltr'>panibus,</span> 
     </span>
     <span class='ocr_line' id='line_1_23' title="bbox 488 2597 2613 2684; baseline -0.003 -21"><span class='ocrx_word' id='word_1_203' title='bbox 488 2597 819 2681; x_wconf 79' lang='lat' dir='ltr'>significata</span> <span class='ocrx_word' id='word_1_204' title='bbox 854 2607 972 2664; x_wconf 88' lang='lat' dir='ltr'>sint</span> <span class='ocrx_word' id='word_1_205' title='bbox 1006 2606 1150 2664; x_wconf 85' lang='lat' dir='ltr'>talia</span> <span class='ocrx_word' id='word_1_206' title='bbox 1187 2625 1341 2683; x_wconf 83' lang='lat' dir='ltr'>quae</span> <span class='ocrx_word' id='word_1_207' title='bbox 1374 2606 1571 2684; x_wconf 86' lang='lat' dir='ltr'>Regni</span> <span class='ocrx_word' id='word_1_208' title='bbox 1620 2605 1947 2684; x_wconf 85' lang='lat' dir='ltr'>spiritualis</span> <span class='ocrx_word' id='word_1_209' title='bbox 1995 2609 2161 2677; x_wconf 88' lang='lat' dir='ltr'>sunt,</span> <span class='ocrx_word' id='word_1_210' title='bbox 2218 2616 2373 2678; x_wconf 87' lang='lat' dir='ltr'>quae</span> <span class='ocrx_word' id='word_1_211' title='bbox 2407 2600 2613 2658; x_wconf 87' lang='lat' dir='ltr'>omnia</span> 
     </span>
     <span class='ocr_line' id='line_1_24' title="bbox 489 2699 2608 2783; baseline -0.002 -21"><span class='ocrx_word' id='word_1_212' title='bbox 489 2719 557 2762; x_wconf 88' lang='lat' dir='ltr'>se</span> <span class='ocrx_word' id='word_1_213' title='bbox 592 2703 860 2762; x_wconf 87' lang='lat' dir='ltr'>referunt</span> <span class='ocrx_word' id='word_1_214' title='bbox 895 2706 972 2764; x_wconf 89' lang='lat' dir='ltr'>ad</span> <span class='ocrx_word' id='word_1_215' title='bbox 1005 2706 1223 2764; x_wconf 85' lang='lat' dir='ltr'>bonum</span> <span class='ocrx_word' id='word_1_216' title='bbox 1263 2707 1572 2783; x_wconf 84' lang='lat' dir='ltr'>spirituale</span> <span class='ocrx_word' id='word_1_217' title='bbox 1622 2715 1684 2766; x_wconf 89' lang='lat' dir='ltr'>et</span> <span class='ocrx_word' id='word_1_218' title='bbox 1720 2706 1795 2765; x_wconf 87' lang='lat' dir='ltr'>ad</span> <span class='ocrx_word' id='word_1_219' title='bbox 1829 2724 2034 2764; x_wconf 85' lang='lat' dir='ltr'>verum</span> <span class='ocrx_word' id='word_1_220' title='bbox 2074 2703 2203 2781; x_wconf 90' lang='lat' dir='ltr'>ejus</span> <span class='ocrx_word' id='word_1_221' title='bbox 2215 2719 2232 2778; x_wconf 86' lang='lat'>3</span> <span class='ocrx_word' id='word_1_222' title='bbox 2285 2717 2396 2778; x_wconf 89' lang='lat' dir='ltr'>per</span> <span class='ocrx_word' id='word_1_223' title='bbox 2428 2699 2608 2758; x_wconf 90' lang='lat' dir='ltr'>Men-</span> 
     </span>
     <span class='ocr_line' id='line_1_25' title="bbox 492 2799 2612 2884; baseline -0.001 -22"><span class='ocrx_word' id='word_1_224' title='bbox 492 2821 650 2878; x_wconf 87' lang='lat' dir='ltr'>sam,</span> <span class='ocrx_word' id='word_1_225' title='bbox 706 2820 888 2881; x_wconf 87' lang='lat' dir='ltr'>super</span> <span class='ocrx_word' id='word_1_226' title='bbox 924 2824 1042 2882; x_wconf 87' lang='lat' dir='ltr'>qua</span> <span class='ocrx_word' id='word_1_227' title='bbox 1078 2807 1277 2865; x_wconf 87' lang='lat' dir='ltr'>Panes</span> <span class='ocrx_word' id='word_1_228' title='bbox 1313 2807 1632 2877; x_wconf 80' lang='lat' dir='ltr'>facierum,</span> <span class='ocrx_word' id='word_1_229' title='bbox 1667 2807 2001 2884; x_wconf 83' lang='lat' dir='ltr'>significata</span> <span class='ocrx_word' id='word_1_230' title='bbox 2038 2810 2130 2864; x_wconf 87' lang='lat' dir='ltr'>est</span> <span class='ocrx_word' id='word_1_231' title='bbox 2162 2802 2431 2876; x_wconf 80' lang='lat' dir='ltr'>receptio</span> <span class='ocrx_word' id='word_1_232' title='bbox 2467 2799 2612 2860; x_wconf 87' lang='lat' dir='ltr'>boni</span> 
     </span>
     <span class='ocr_line' id='line_1_26' title="bbox 489 2899 2603 2984; baseline -0.002 -19"><span class='ocrx_word' id='word_1_233' title='bbox 489 2904 770 2965; x_wconf 86' lang='lat' dir='ltr'>eoelestis</span> <span class='ocrx_word' id='word_1_234' title='bbox 823 2908 883 2964; x_wconf 90' lang='lat' dir='ltr'>in</span> <span class='ocrx_word' id='word_1_235' title='bbox 918 2906 1073 2966; x_wconf 91' lang='lat' dir='ltr'>bono</span> <span class='ocrx_word' id='word_1_236' title='bbox 1110 2905 1440 2984; x_wconf 83' lang='lat' dir='ltr'>spirituali,</span> <span class='ocrx_word' id='word_1_237' title='bbox 1493 2907 1770 2966; x_wconf 84' lang='lat' dir='ltr'>videatur</span> <span class='ocrx_word' id='word_1_238' title='bbox 1817 2926 1887 2965; x_wconf 86' lang='lat' dir='ltr'>n:</span> <span class='ocrx_word' id='word_1_239' title='bbox 1933 2908 2157 2980; x_wconf 78' lang='lat'>95273</span> <span class='ocrx_word' id='word_1_240' title='bbox 2210 2918 2322 2981; x_wconf 89' lang='lat' dir='ltr'>per</span> <span class='ocrx_word' id='word_1_241' title='bbox 2358 2899 2603 2961; x_wconf 85' lang='lat' dir='ltr'>Cande-</span> 
     </span>
     <span class='ocr_line' id='line_1_27' title="bbox 485 3001 2608 3090; baseline -0.002 -26"><span class='ocrx_word' id='word_1_242' title='bbox 485 3004 716 3076; x_wconf 79' lang='lat' dir='ltr'>labrum</span> <span class='ocrx_word' id='word_1_243' title='bbox 770 3023 903 3066; x_wconf 87' lang='lat' dir='ltr'>cum</span> <span class='ocrx_word' id='word_1_244' title='bbox 957 3007 1217 3066; x_wconf 86' lang='lat' dir='ltr'>lucernis</span> <span class='ocrx_word' id='word_1_245' title='bbox 1255 3007 1652 3082; x_wconf 84' lang='lat' dir='ltr'>significatum</span> <span class='ocrx_word' id='word_1_246' title='bbox 1704 3015 1795 3066; x_wconf 90' lang='lat' dir='ltr'>est</span> <span class='ocrx_word' id='word_1_247' title='bbox 1842 3010 2044 3090; x_wconf 84' lang='lat' dir='ltr'>ipsum</span> <span class='ocrx_word' id='word_1_248' title='bbox 2079 3001 2407 3081; x_wconf 84' lang='lat' dir='ltr'>Spirituale</span> <span class='ocrx_word' id='word_1_249' title='bbox 2441 3001 2608 3060; x_wconf 87' lang='lat' dir='ltr'>illius</span> 
     </span>
     <span class='ocr_line' id='line_1_28' title="bbox 486 3104 2608 3183; baseline -0.002 -17"><span class='ocrx_word' id='word_1_250' title='bbox 486 3105 703 3183; x_wconf 86' lang='lat' dir='ltr'>Regni,</span> <span class='ocrx_word' id='word_1_251' title='bbox 743 3125 813 3166; x_wconf 86' lang='lat' dir='ltr'>n:</span> <span class='ocrx_word' id='word_1_252' title='bbox 861 3109 1072 3166; x_wconf 89' lang='grc'><strong>9548.</strong></span> <span class='ocrx_word' id='word_1_253' title='bbox 1119 3107 1330 3166; x_wconf 85' lang='grc'><strong>9551.</strong></span> <span class='ocrx_word' id='word_1_254' title='bbox 1376 3107 1587 3167; x_wconf 89' lang='grc'><strong>9556.</strong></span> <span class='ocrx_word' id='word_1_255' title='bbox 1633 3107 1845 3169; x_wconf 88' lang='grc'><strong>9561.</strong></span> <span class='ocrx_word' id='word_1_256' title='bbox 1888 3109 2098 3167; x_wconf 79' lang='grc'><strong>9572.</strong></span> <span class='ocrx_word' id='word_1_257' title='bbox 2145 3104 2368 3178; x_wconf 68' lang='grc'><strong>97835</strong></span> <span class='ocrx_word' id='word_1_258' title='bbox 2407 3109 2608 3180; x_wconf 80' lang='lat' dir='ltr'>etper</span> 
     </span>
     <span class='ocr_line' id='line_1_29' title="bbox 487 3203 2610 3282; baseline -0.002 -18"><span class='ocrx_word' id='word_1_259' title='bbox 487 3206 696 3266; x_wconf 88' lang='lat' dir='ltr'>Altare</span> <span class='ocrx_word' id='word_1_260' title='bbox 747 3209 984 3267; x_wconf 87' lang='lat' dir='ltr'>suffitus</span> <span class='ocrx_word' id='word_1_261' title='bbox 1019 3208 1384 3281; x_wconf 84' lang='lat' dir='ltr'>significatus</span> <span class='ocrx_word' id='word_1_262' title='bbox 1451 3214 1545 3267; x_wconf 87' lang='lat' dir='ltr'>est</span> <span class='ocrx_word' id='word_1_263' title='bbox 1595 3207 1791 3267; x_wconf 84' lang='lat' dir='ltr'>cultus</span> <span class='ocrx_word' id='word_1_264' title='bbox 1846 3226 1915 3268; x_wconf 87' lang='lat' dir='ltr'>ex</span> <span class='ocrx_word' id='word_1_265' title='bbox 1965 3207 2122 3266; x_wconf 91' lang='lat' dir='ltr'>bono</span> <span class='ocrx_word' id='word_1_266' title='bbox 2163 3203 2460 3282; x_wconf 83' lang='lat' dir='ltr'>spirituali</span> <span class='ocrx_word' id='word_1_267' title='bbox 2472 3223 2489 3279; x_wconf 82' lang='lat'>3</span> <span class='ocrx_word' id='word_1_268' title='bbox 2545 3208 2610 3260; x_wconf 88' lang='lat' dir='ltr'>et</span> 
     </span>
     <span class='ocr_line' id='line_1_30' title="bbox 489 3296 2606 3385; baseline -0 -21"><span class='ocrx_word' id='word_1_269' title='bbox 489 3309 630 3383; x_wconf 80' lang='lat' dir='ltr'>quia</span> <span class='ocrx_word' id='word_1_270' title='bbox 665 3308 862 3367; x_wconf 87' lang='lat' dir='ltr'>cultus</span> <span class='ocrx_word' id='word_1_271' title='bbox 914 3324 991 3364; x_wconf 85' lang='lat' dir='ltr'>ex</span> <span class='ocrx_word' id='word_1_272' title='bbox 1036 3306 1525 3382; x_wconf 24' lang='lat' dir='ltr'>bonossspirituali</span> <span class='ocrx_word' id='word_1_273' title='bbox 1568 3326 1680 3385; x_wconf 88' lang='lat' dir='ltr'>per</span> <span class='ocrx_word' id='word_1_274' title='bbox 1723 3308 2080 3368; x_wconf 84' lang='lat' dir='ltr'>suffitionem</span> <span class='ocrx_word' id='word_1_275' title='bbox 2134 3321 2318 3382; x_wconf 89' lang='lat' dir='ltr'>super</span> <span class='ocrx_word' id='word_1_276' title='bbox 2353 3304 2455 3363; x_wconf 91' lang='lat' dir='ltr'>illo</span> <span class='ocrx_word' id='word_1_277' title='bbox 2488 3296 2606 3366; x_wconf 85' lang='lat' dir='ltr'>Al-</span> 
     </span>
     <span class='ocr_line' id='line_1_31' title="bbox 491 3404 2603 3486; baseline 0 -22"><span class='ocrx_word' id='word_1_278' title='bbox 491 3410 604 3465; x_wconf 85' lang='lat' dir='ltr'>tari</span> <span class='ocrx_word' id='word_1_279' title='bbox 654 3408 1024 3484; x_wconf 84' lang='lat' dir='ltr'>significatus</span> <span class='ocrx_word' id='word_1_280' title='bbox 1075 3413 1200 3480; x_wconf 86' lang='lat' dir='ltr'>est,</span> <span class='ocrx_word' id='word_1_281' title='bbox 1253 3413 1314 3466; x_wconf 88' lang='lat' dir='ltr'>et</span> <span class='ocrx_word' id='word_1_282' title='bbox 1360 3426 1473 3485; x_wconf 90' lang='lat' dir='ltr'>per</span> <span class='ocrx_word' id='word_1_283' title='bbox 1520 3408 1958 3470; x_wconf 87' lang='lat' dir='ltr'>Candelabrum</span> <span class='ocrx_word' id='word_1_284' title='bbox 2003 3411 2205 3486; x_wconf 88' lang='lat' dir='ltr'>ipsum</span> <span class='ocrx_word' id='word_1_285' title='bbox 2254 3404 2603 3482; x_wconf 70' lang='lat' dir='ltr'>spirituale,</span> 
     </span>
     <span class='ocr_line' id='line_1_32' title="bbox 483 3507 2601 3586; baseline 0 -19"><span class='ocrx_word' id='word_1_286' title='bbox 483 3507 618 3567; x_wconf 86' lang='lat' dir='ltr'>ideo</span> <span class='ocrx_word' id='word_1_287' title='bbox 680 3508 1024 3566; x_wconf 77' lang='lat' dir='ltr'>mandatum</span> <span class='ocrx_word' id='word_1_288' title='bbox 1089 3512 1181 3566; x_wconf 88' lang='lat' dir='ltr'>est</span> <span class='ocrx_word' id='word_1_289' title='bbox 1241 3514 1307 3566; x_wconf 86' lang='lat' dir='ltr'>ut</span> <span class='ocrx_word' id='word_1_290' title='bbox 1365 3509 1613 3570; x_wconf 88' lang='lat' dir='ltr'>Aharon</span> <span class='ocrx_word' id='word_1_291' title='bbox 1674 3512 1886 3586; x_wconf 85' lang='lat' dir='ltr'>quovis</span> <span class='ocrx_word' id='word_1_292' title='bbox 1947 3526 2120 3568; x_wconf 88' lang='lat' dir='ltr'>mane</span> <span class='ocrx_word' id='word_1_293' title='bbox 2195 3512 2258 3566; x_wconf 87' lang='lat' dir='ltr'>et</span> <span class='ocrx_word' id='word_1_294' title='bbox 2320 3522 2601 3586; x_wconf 85' lang='lat' dir='ltr'>vespere,</span> 
     </span>
     <span class='ocr_line' id='line_1_33' title="bbox 486 3607 2605 3687; baseline 0.001 -21"><span class='ocrx_word' id='word_1_295' title='bbox 486 3607 726 3685; x_wconf 88' lang='lat' dir='ltr'>quando</span> <span class='ocrx_word' id='word_1_296' title='bbox 782 3607 1101 3667; x_wconf 81' lang='lat' dir='ltr'>adornaret</span> <span class='ocrx_word' id='word_1_297' title='bbox 1145 3607 1454 3682; x_wconf 79' lang='lat' dir='ltr'>lucernaS,</span> <span class='ocrx_word' id='word_1_298' title='bbox 1520 3611 1704 3670; x_wconf 84' lang='lat' dir='ltr'>etiam</span> <span class='ocrx_word' id='word_1_299' title='bbox 1762 3627 1946 3687; x_wconf 89' lang='lat' dir='ltr'>snper</span> <span class='ocrx_word' id='word_1_300' title='bbox 1995 3609 2098 3668; x_wconf 89' lang='lat' dir='ltr'>illo</span> <span class='ocrx_word' id='word_1_301' title='bbox 2156 3607 2412 3683; x_wconf 84' lang='lat' dir='ltr'>suffiret3</span> <span class='ocrx_word' id='word_1_302' title='bbox 2491 3611 2605 3669; x_wconf 85' lang='lat' dir='ltr'>sed</span> 
     </span>
     <span class='ocr_line' id='line_1_34' title="bbox 483 3706 2598 3784; baseline 0.002 -18"><span class='ocrx_word' id='word_1_303' title='bbox 483 3708 637 3767; x_wconf 84' lang='lat' dir='ltr'>haec</span> <span class='ocrx_word' id='word_1_304' title='bbox 662 3706 902 3784; x_wconf 82' lang='lat' dir='ltr'>plenius</span> <span class='ocrx_word' id='word_1_305' title='bbox 918 3706 1232 3784; x_wconf 66' lang='lat' dir='ltr'>&#39;explicata</span> <span class='ocrx_word' id='word_1_306' title='bbox 1256 3717 1397 3770; x_wconf 86' lang='lat' dir='ltr'>sunt</span> <span class='ocrx_word' id='word_1_307' title='bbox 1424 3713 1486 3770; x_wconf 89' lang='lat' dir='ltr'>in</span> <span class='ocrx_word' id='word_1_308' title='bbox 1511 3710 1791 3773; x_wconf 75' lang='lat' dir='ltr'>AnoAms</span> <span class='ocrx_word' id='word_1_309' title='bbox 1821 3709 2236 3771; x_wconf 66' lang='lat' dir='ltr'>Contes&#39;rmns</span> <span class='ocrx_word' id='word_1_310' title='bbox 2263 3727 2320 3766; x_wconf 83' lang='lat' dir='ltr'>n:</span> <span class='ocrx_word' id='word_1_311' title='bbox 2357 3710 2387 3766; x_wconf 91' lang='lat'>1</span> <span class='ocrx_word' id='word_1_312' title='bbox 2405 3709 2444 3766; x_wconf 90' lang='grc'>0</span> <span class='ocrx_word' id='word_1_313' title='bbox 2460 3710 2488 3766; x_wconf 90' lang='lat' dir='ltr'>l</span> <span class='ocrx_word' id='word_1_314' title='bbox 2506 3713 2540 3767; x_wconf 79' lang='lat'>7</span> <span class='ocrx_word' id='word_1_315' title='bbox 2559 3712 2598 3770; x_wconf 83' lang='lat'><strong>6</strong></span> 
     </span>
     <span class='ocr_line' id='line_1_35' title="bbox 484 3806 2604 3888; baseline 0.001 -22"><span class='ocrx_word' id='word_1_316' title='bbox 484 3806 563 3866; x_wconf 86' lang='lat' dir='ltr'>ad</span> <span class='ocrx_word' id='word_1_317' title='bbox 608 3809 879 3883; x_wconf 79' lang='grc'><strong>10213,</strong></span> <span class='ocrx_word' id='word_1_318' title='bbox 931 3806 1034 3868; x_wconf 91' lang='lat' dir='ltr'>ubi</span> <span class='ocrx_word' id='word_1_319' title='bbox 1074 3809 1147 3868; x_wconf 91' lang='lat' dir='ltr'>de</span> <span class='ocrx_word' id='word_1_320' title='bbox 1189 3810 1440 3888; x_wconf 85' lang='lat' dir='ltr'>singulis</span> <span class='ocrx_word' id='word_1_321' title='bbox 1482 3817 1679 3870; x_wconf 88' lang='lat' dir='ltr'>actum</span> <span class='ocrx_word' id='word_1_322' title='bbox 1730 3817 1838 3871; x_wconf 87' lang='lat' dir='ltr'>est.</span> <span class='ocrx_word' id='word_1_323' title='bbox 1898 3811 1977 3870; x_wconf 89' lang='lat' dir='ltr'>Et</span> <span class='ocrx_word' id='word_1_324' title='bbox 2021 3812 2163 3888; x_wconf 88' lang='lat' dir='ltr'>quia</span> <span class='ocrx_word' id='word_1_325' title='bbox 2201 3808 2437 3869; x_wconf 88' lang='lat' dir='ltr'>Bonum</span> <span class='ocrx_word' id='word_1_326' title='bbox 2471 3813 2604 3886; x_wconf 89' lang='lat' dir='ltr'>spi-</span> 
     </span>
     <span class='ocr_line' id='line_1_36' title="bbox 483 3905 2602 3988; baseline 0.002 -22"><span class='ocrx_word' id='word_1_327' title='bbox 483 3905 703 3966; x_wconf 82' lang='lat' dir='ltr'>rituale</span> <span class='ocrx_word' id='word_1_328' title='bbox 755 3923 925 3967; x_wconf 88' lang='lat' dir='ltr'>suam</span> <span class='ocrx_word' id='word_1_329' title='bbox 986 3911 1270 3988; x_wconf 87' lang='lat' dir='ltr'>originem</span> <span class='ocrx_word' id='word_1_330' title='bbox 1324 3917 1386 3971; x_wconf 89' lang='lat' dir='ltr'>et</span> <span class='ocrx_word' id='word_1_331' title='bbox 1437 3912 1815 3973; x_wconf 78' lang='lat' dir='ltr'>existentiam</span> <span class='ocrx_word' id='word_1_332' title='bbox 1875 3912 2057 3970; x_wconf 88' lang='lat' dir='ltr'>trahit</span> <span class='ocrx_word' id='word_1_333' title='bbox 2110 3928 2187 3970; x_wconf 86' lang='lat' dir='ltr'>ex</span> <span class='ocrx_word' id='word_1_334' title='bbox 2235 3909 2406 3969; x_wconf 91' lang='lat' dir='ltr'>Bono</span> <span class='ocrx_word' id='word_1_335' title='bbox 2456 3927 2602 3970; x_wconf 88' lang='lat' dir='ltr'>coe-</span> 
     </span>
     <span class='ocr_line' id='line_1_37' title="bbox 483 4006 2601 4088; baseline 0.002 -23"><span class='ocrx_word' id='word_1_336' title='bbox 483 4006 661 4080; x_wconf 85' lang='lat' dir='ltr'>lesti,</span> <span class='ocrx_word' id='word_1_337' title='bbox 721 4013 788 4067; x_wconf 90' lang='lat' dir='ltr'>ut</span> <span class='ocrx_word' id='word_1_338' title='bbox 832 4025 1020 4087; x_wconf 85' lang='lat' dir='ltr'>supra</span> <span class='ocrx_word' id='word_1_339' title='bbox 1067 4011 1289 4071; x_wconf 87' lang='lat' dir='ltr'>dietum</span> <span class='ocrx_word' id='word_1_340' title='bbox 1326 4018 1452 4088; x_wconf 86' lang='lat' dir='ltr'>est,</span> <span class='ocrx_word' id='word_1_341' title='bbox 1507 4012 1643 4073; x_wconf 91' lang='lat' dir='ltr'>ideo</span> <span class='ocrx_word' id='word_1_342' title='bbox 1678 4011 1887 4071; x_wconf 87' lang='lat' dir='ltr'>Altare</span> <span class='ocrx_word' id='word_1_343' title='bbox 1921 4011 2071 4072; x_wconf 90' lang='lat' dir='ltr'>illud</span> <span class='ocrx_word' id='word_1_344' title='bbox 2118 4029 2237 4071; x_wconf 91' lang='lat' dir='ltr'>non</span> <span class='ocrx_word' id='word_1_345' title='bbox 2271 4010 2446 4070; x_wconf 90' lang='lat' dir='ltr'>modo</span> <span class='ocrx_word' id='word_1_346' title='bbox 2480 4027 2601 4087; x_wconf 90' lang='lat' dir='ltr'>po-</span> 
     </span>
     <span class='ocr_line' id='line_1_38' title="bbox 487 4109 2599 4190; baseline 0.001 -23"><span class='ocrx_word' id='word_1_347' title='bbox 487 4109 666 4168; x_wconf 87' lang='lat' dir='ltr'>situm</span> <span class='ocrx_word' id='word_1_348' title='bbox 704 4115 832 4169; x_wconf 88' lang='lat' dir='ltr'>erat</span> <span class='ocrx_word' id='word_1_349' title='bbox 857 4111 1034 4189; x_wconf 85' lang='lat' dir='ltr'>juxta</span> <span class='ocrx_word' id='word_1_350' title='bbox 1072 4111 1293 4172; x_wconf 89' lang='lat' dir='ltr'>Velum</span> <span class='ocrx_word' id='word_1_351' title='bbox 1329 4112 1492 4190; x_wconf 85' lang='lat' dir='ltr'>quod</span> <span class='ocrx_word' id='word_1_352' title='bbox 1539 4129 1723 4190; x_wconf 89' lang='lat' dir='ltr'>super</span> <span class='ocrx_word' id='word_1_353' title='bbox 1762 4113 2010 4188; x_wconf 87' lang='lat' dir='ltr'>Arcam,</span> <span class='ocrx_word' id='word_1_354' title='bbox 2063 4112 2173 4174; x_wconf 88' lang='lat' dir='ltr'>sed</span> <span class='ocrx_word' id='word_1_355' title='bbox 2210 4114 2390 4172; x_wconf 83' lang='lat' dir='ltr'>etiam</span> <span class='ocrx_word' id='word_1_356' title='bbox 2424 4128 2599 4170; x_wconf 87' lang='lat' dir='ltr'>man-</span> 
     </span>
     <span class='ocr_line' id='line_1_39' title="bbox 486 4208 2614 4293; baseline 0.002 -26"><span class='ocrx_word' id='word_1_357' title='bbox 486 4208 686 4270; x_wconf 89' lang='lat' dir='ltr'>datum</span> <span class='ocrx_word' id='word_1_358' title='bbox 727 4218 843 4289; x_wconf 77' lang='lat' dir='ltr'>est,</span> <span class='ocrx_word' id='word_1_359' title='bbox 902 4219 966 4272; x_wconf 91' lang='lat' dir='ltr'>ut</span> <span class='ocrx_word' id='word_1_360' title='bbox 1002 4229 1137 4274; x_wconf 86' lang='lat' dir='ltr'>cum</span> <span class='ocrx_word' id='word_1_361' title='bbox 1174 4213 1422 4273; x_wconf 86' lang='lat' dir='ltr'>Aharon</span> <span class='ocrx_word' id='word_1_362' title='bbox 1459 4215 1732 4291; x_wconf 86' lang='lat' dir='ltr'>expiaret</span> <span class='ocrx_word' id='word_1_363' title='bbox 1782 4231 1893 4290; x_wconf 90' lang='lat' dir='ltr'>pro</span> <span class='ocrx_word' id='word_1_364' title='bbox 1929 4231 1997 4274; x_wconf 89' lang='lat' dir='ltr'>se</span> <span class='ocrx_word' id='word_1_365' title='bbox 2034 4221 2095 4276; x_wconf 86' lang='lat' dir='ltr'>et</span> <span class='ocrx_word' id='word_1_366' title='bbox 2128 4232 2238 4293; x_wconf 86' lang='lat' dir='ltr'>pro</span> <span class='ocrx_word' id='word_1_367' title='bbox 2275 4230 2386 4274; x_wconf 88' lang='lat' dir='ltr'>sua</span> <span class='ocrx_word' id='word_1_368' title='bbox 2423 4212 2614 4273; x_wconf 29' lang='lat' dir='ltr'>domo*</span> 
     </span>
    </p>
   </div>
   <div class='ocr_carea' id='block_1_5' title="bbox 2748 1127 2752 1800">
    <p class='ocr_par' dir='ltr' id='par_1_5' title="bbox 2748 1127 2752 1800">
     <span class='ocr_line' id='line_1_40' title="bbox 2748 1127 2752 1800; baseline 0 0"><span class='ocrx_word' id='word_1_369' title='bbox 2748 1127 2752 1800; x_wconf 95' lang='lat' dir='ltr'> </span> 
     </span>
    </p>
   </div>
  </div>
 </body>
</html>
