2791 4778
473 314 712 372 CAPUT
752 312 1092 382 QUINTUM.
1878 313 2088 369 VERS:
2132 323 2184 376 5.
2367 327 2436 379 37

318 482 553 554 septem
608 474 809 552 sigilla
861 475 1022 554 ejus3
1075 474 1191 535 hoc
1238 476 1394 533 enim
1430 474 1614 548 scire,
1670 489 1887 550 nempe
1951 473 2110 550 quod
2144 472 2438 536 Dominus

318 576 499 638 Solus
545 578 622 635 sit
657 575 775 652 Qui
808 576 976 649 taliS,
1034 581 1127 635 est
1171 576 1506 652 sapientiae
1555 572 1925 650 Angelorum
1963 573 2158 650 Coeli,
2216 582 2277 634 et
2321 575 2437 638 hoc

314 680 516 738 sciunt
542 694 617 736 ex
635 679 1022 754 perceptione
1049 692 1159 737 seu
1189 693 1264 735 ex
1289 675 1517 734 influxu
1544 692 1581 733 a
1600 674 1852 733 Domino
1871 673 2205 735 Societates
2227 674 2435 753 Ange-

316 779 473 838 licae
500 779 562 836 in
579 777 784 836 Tertio
812 794 923 837 seu
949 776 1163 836 Intimo
1194 775 1412 852 Coelo;
1441 775 1709 853 reliquae
1738 776 1916 834 etiam
1941 776 2157 845 sciunt,
2183 775 2292 836 sed
2318 794 2438 837 non

321 897 398 938 ex
423 880 813 955 perceptione
836 895 1045 937 verum
1076 894 1150 936 ex
1173 875 1570 935 illustratione
1596 874 1964 951 intellectus;
2002 877 2311 954 perceptio
2340 882 2435 937 est

314 977 571 1055 Angelis
597 980 759 1037 tertii
784 995 897 1038 seu
920 978 1107 1037 intimi
1140 975 1325 1050 Coeli,
1362 976 1683 1035 illustratio
1708 975 2047 1037 intellectus
2077 981 2170 1036 est
2182 976 2434 1055 Angelis

312 1078 567 1139 secundi
612 1084 671 1136 et
717 1078 909 1136 ultimi
948 1077 1141 1152 Coeli,
1182 1077 1623 1153 distinguuntur
1658 1093 1770 1152 per
1804 1075 1894 1150 id,
1934 1077 2095 1154 quod
2121 1079 2434 1156 perceptio

313 1183 398 1238 sit
445 1179 810 1239 confirmatio
855 1178 1039 1254 plena
1081 1195 1155 1237 ex
1197 1177 1424 1236 influxu
1454 1194 1491 1235 a
1529 1177 1816 1251 Domino,
1871 1176 2189 1236 illustratio
2230 1184 2433 1237 autem

311 1279 659 1338 intellectus
700 1285 794 1337 est
836 1281 1005 1337 visus
1046 1276 1410 1356 spiritualis,
1466 1277 1562 1336 hic
1604 1282 1697 1336 est
1735 1276 1852 1335 illis
1899 1280 2001 1354 qui
2037 1280 2100 1337 in
2139 1278 2429 1338 charitate

321 1397 469 1454 erga
503 1381 840 1453 proximum
883 1384 946 1438 et
976 1378 1111 1437 inde
1136 1378 1254 1438 fide
1280 1383 1451 1451 sunt,
1489 1377 1595 1436 illa
1629 1382 1828 1436 autem
1865 1395 2079 1455 nempe
2117 1380 2430 1457 perceptio

321 1485 418 1537 est
443 1478 564 1537 illis
599 1479 784 1554 quiin
812 1495 1014 1537 amore
1049 1480 1111 1536 in
1139 1480 1469 1539 Dominum
1492 1483 1664 1537 sunta
1708 1494 1888 1554 porro
1919 1477 2062 1556 quid
2088 1479 2426 1557 Perceptio,

318 1578 595 1637 videatur
633 1580 695 1636 in
737 1579 1064 1638 Doc'rnnu
1107 1578 1322 1638 Novar.
1355 1577 1840 1637 Hmnosommnn
1879 1597 1952 1638 n„
2000 1580 2133 1639 135
2169 1586 2230 1638 et
2263 1581 2423 1638 140.

475 1679 636 1738 308..
699 1679 865 1738 Dicit
910 1679 1056 1737 mihi
1113 1695 1188 1738 ne
1237 1679 1413 1751 fleto,
1471 1677 1633 1754 quod
1677 1677 1971 1754 significet
2016 1694 2094 1738 ne
2136 1681 2215 1738 sit
2259 1679 2429 1739 dolor

309 1779 480 1854 inde,
537 1784 769 1838 constat
804 1796 878 1837 ex
917 1778 1349 1856 significatione
1383 1778 1566 1848 flere,
1598 1778 1757 1854 quod
1792 1780 1871 1838 sit
1906 1778 2074 1838 dolor
2110 1779 2323 1855 cordis,
2359 1785 2445 1839 ut·

309 1896 499 1956 supra
534 1897 602 1938 n:
647 1881 784 1938 306
803 1899 821 1955 3
865 1878 942 1937 ob
979 1895 1158 1956 quam
1195 1895 1459 1952 causam,
1498 1879 1775 1938 videatur
1808 1882 1988 1939 etiam
2020 1879 2122 1939 ibi.

468 1981 631 2039 309.
681 1978 842 2039 Ecce
876 1981 1022 2038 vicit
1054 1978 1211 2055 Leo,
1267 1978 1432 2055 quod
1458 1979 1755 2056 ’significet
1787 1980 2109 2041 Dominum
2156 1980 2316 2058 quod
2350 1998 2426 2041 ex

309 2082 555 2157 propria
586 2082 862 2157 potentia
909 2079 1326 2156 subjugaverit
1368 2079 1637 2150 inferna,
1674 2085 1735 2139 et
1766 2080 2069 2159 redegerit
2101 2083 2300 2141 omnia
2342 2081 2427 2143 ibi
2465 2093 2625 2160 [337]

310 2187 372 2241 et
404 2183 465 2239 in
495 2179 696 2241 Coelis
730 2182 793 2239 in
821 2179 1105 2255 ordinem,
1145 2184 1379 2239 constat
1416 2197 1490 2237 ex
1525 2179 1954 2257 significatione
1988 2184 2248 2257 vincere,
2288 2199 2424 2242 cum

308 2281 384 2340 de
419 2281 701 2356 Domino,
742 2280 927 2357 quod,
978 2297 1116 2339 cum
1165 2283 1227 2339 in
1262 2280 1481 2339 mundo
1516 2280 1630 2339 fuit
1648 2326 1667 2357 ,
1723 2280 2138 2359 subjugaverit
2170 2282 2419 2356 inferna,

307 2400 382 2442 ac
416 2381 718 2459 redegerit
750 2380 832 2439 ibi
869 2389 930 2440 et
963 2383 1022 2439 in
1054 2380 1242 2442 coelis
1271 2382 1471 2440 omnia
1502 2382 1564 2440 in
1592 2381 1878 2455 ordinem,
1913 2389 1975 2442 et
2005 2381 2121 2442 hoc
2146 2400 2259 2460 per
2284 2389 2421 2443 ten-

308 2484 570 2540 tationes
617 2484 676 2539 in
712 2482 1052 2541 Humanum
1105 2498 1289 2540 suum¹
1332 2483 1628 2543 admissas
1675 2488 1736 2542 et
1781 2499 1892 2558 per
1935 2484 2247 2542 continuas
2284 2489 2424 2544 tunc

313 2582 624 2652 victorias,
675 2581 749 2639 de
805 2598 924 2656 qua
973 2599 1038 2641 re
1072 2582 1350 2642 videatur
1383 2585 1442 2649 in
1480 2582 1813 2642 Doc'rnma
1850 2582 2070 2643 Noun
2103 2583 2420 2645 Hmnoso-

310 2683 542 2755 nima,
580 2699 650 2739 n:
695 2683 857 2740 293.
902 2685 1061 2744 294.
1107 2683 1264 2741 301.
1311 2685 1487 2750 3o2;
1524 2683 1637 2744 hoc
1671 2685 1875 2760 itaque
1910 2685 2278 2761 significatur
2310 2702 2423 2762 per

309 2779 602 2851 Vincere,
657 2799 791 2840 cum
841 2781 915 2841 de
951 2782 1238 2841 Domino:
1296 2791 1357 2841 et
1411 2786 1554 2859 quia
1586 2785 1879 2843 Dominus
1927 2784 2034 2844 illa
2077 2784 2306 2845 fecerat
2344 2802 2422 2845 ex

302 2884 548 2960 propria
581 2884 881 2960 potentia,
938 2883 1156 2943 dicitur
1189 2880 1346 2954 Leo,
1370 2900 1535 2942 ‘nam
1570 2884 1696 2944 Leo
1731 2884 2031 2961 significat
2069 2889 2417 2962 potentiam,

300 2981 580 3042 videatur
613 3000 800 3060 supra
834 3002 909 3043 n:
951 2986 1126 3043 278:
1167 2983 1329 3060 quod
1354 2983 1649 3044 Dominus
1683 2984 1789 3044 illa
1822 2986 2033 3045 fecerit
2068 3003 2141 3045 ex
2174 2988 2421 3064 propria

298 3084 601 3158 potentia,
636 3082 841 3142 n'otum
879 3071 1323 3159 estexverbo,
1361 3083 1472 3142 scd
1506 3087 1647 3161 quia
1680 3088 1859 3163 pauci
1892 3085 1953 3144 id
1987 3088 2199 3162 sciunt,
2237 3087 2420 3146 velim

298 3182 525 3260 aliquid
572 3182 646 3242 de
701 3201 773 3243 eo
828 3183 1060 3243 dicere:
1131 3184 1275 3243 fecit
1319 3183 1381 3242 id
1415 3184 1709 3244 Dominus
1746 3202 1820 3245 ex
1852 3187 2107 3260 Divino,
2165 3186 2324 3263 quod
2357 3189 2420 3245 in

296 3282 442 3360 Ipso
480 3301 556 3341 ex
593 3285 982 3360 conceptione
1021 3289 1181 3356 erat,
1234 3284 1394 3359 quod
1432 3291 1563 3345 erat
1595 3284 1725 3363 Ipsi
1758 3288 1914 3346 sieut
1948 3288 2145 3345 anima
2180 3293 2273 3345 est
2304 3287 2418 3345 ho-

296 3385 439 3442 mini
478 3399 554 3443 ex
582 3390 789 3460 patre,
828 3390 888 3443 et
922 3386 1119 3442 anima
1153 3383 1425 3461 cujusvis
1462 3391 1745 3462 operatur
1777 3403 1890 3464 per
1922 3401 2161 3462 corpuS,
2199 3402 2418 3463 corpus

296 3486 453 3543 enim
491 3493 584 3542 est
622 3484 754 3560 ejus
785 3483 1154 3544 obedientia:
1194 3484 1512 3560 Divinum,
1570 3486 1727 3561 quod
1763 3486 1890 3561 Ipsi
1924 3487 2118 3543 inerat
2153 3501 2230 3543 ex
2266 3501 2413 3543 con·

297 3585 605 3659 ceptione,
662 3591 791 3643 erat
827 3600 999 3643 suum
1035 3584 1346 3660 Divinum,
1405 3585 1564 3662 quod
1597 3587 1657 3643 in
1691 3585 1839 3644 Fide
1874 3583 2287 3643 Athanasiana
2321 3584 2415 3643 di·-

295 3683 452 3741 citur
504 3683 757 3759 aequale
792 3683 1047 3755 Divin0,
1100 3684 1257 3760 quod
1307 3685 1392 3743 ibi
1426 3684 1609 3745 Pater
1641 3691 1917 3761 vocatur3
1974 3683 2187 3744 dicitur
2239 3688 2412 3763 enim,

297 3780 462 3856 quod
494 3783 649 3841 sicut
680 3784 863 3842 Pater
899 3786 1077 3843 etiam
1113 3784 1334 3860 Filius,
1374 3784 1679 3855 InfinituS,
1712 3785 2054 3862 IncreatuS,
2092 3787 2415 3860 Aeternus,

296 3878 722 3958 Omnipotens,
755 3884 959 3958 Deus,
994 3884 1315 3960 Dominus,
1375 3892 1437 3945 et
1472 3885 1630 3961 quod
1662 3903 1837 3947 nemo
1878 3903 2083 3946 eorum
2118 3887 2414 3947 Maximus

292 3987 357 4041 et
391 3979 710 4055 Minimus,
767 4001 877 4044 nec
911 3985 1149 4044 Primus
1200 3991 1260 4043 et
1294 3983 1555 4045 Ultimus
1574 4030 1592 4061 ,
1647 3987 1759 4047 sed
1804 4004 2050 4066 prorsus
2093 3988 2412 4064 aequales-5

289 4088 356 4143 et
390 4098 632 4159 quoque
658 4083 888 4160 dicitur,
927 4085 1088 4167 quod
1111 4086 1397 4145 Divinum
1433 4091 1494 4146 et
1518 4073 1863 4147 Humanum
1886 4088 2128 4149 Domini
2152 4105 2268 4147 non
2296 4090 2416 4146 sint

286 4181 446 4254 duo,
499 4183 610 4244 sed
660 4177 839 4245 u'nica
872 4186 1169 4262 Persona,
1228 4191 1288 4247 ct
1326 4185 1487 4262 quod
1534 4189 1703 4287 sicutx
1725 4189 1921 4249 anima
1967 4194 2027 4249 et
2062 4204 2279 4263 corpus
2315 4186 2410 4244 fa·-
