2791 4778
483 328 591 382 368
807 317 1303 374 APOCALYPSIS
1350 314 1783 382 EXPLIOATA,
1867 316 1914 385 ᾗ.
1958 324 2084 377 396.
2129 323 2257 378 397.

481 477 668 538 VIII:
740 482 810 551 7,
900 476 1175 536 videatur
1226 479 1288 535 in
1339 477 1618 536 Ancmrs
1676 474 2102 537 consuamus
2161 492 2231 533 n:
2284 476 2457 534 9910
2505 476 2567 534 ad

491 581 700 638 9928.
1834 623 1837 624 .

641 680 802 739 396.
858 678 934 735 Et
971 678 1191 738 dictum
1235 680 1322 738 eis
1358 684 1428 737 ut
1463 678 1912 753 requiescerent
1951 675 2150 736 adhuc
2179 682 2412 753 tempus
2446 692 2566 753 par-

482 798 654 852 vum,
694 779 855 856 quod
890 778 1185 855 significet
1222 778 1420 838 adhuc
1458 777 1719 853 aliquam
1758 777 2144 836 durationem
2187 779 2247 835 in
2286 777 2385 835 illo
2417 785 2564 851 statu,

486 886 721 940 constat
756 878 983 963 absque
1032 879 1315 938 ulteriore
1361 878 1794 955 explicatione;
1853 877 2016 954 quod
2052 879 2114 935 in
2150 878 2252 936 illo
2287 884 2465 948 statu,
2493 882 2568 937 est

486 984 629 1060 qui'a
687 988 924 1057 tempus
979 980 1272 1057 significat
1319 987 1543 1039 statum
1555 999 1574 1054 3
1632 978 1792 1054 quod
1846 985 2089 1054 tempus
2141 978 2422 1054 significet
2461 984 2566 1035 sta-

485 1089 610 1141 tum
651 1084 842 1156 vitae,
896 1080 1172 1139 videatur
1204 1082 1264 1138 in
1301 1079 1502 1157 Opere
1539 1079 1614 1138 de
1653 1078 1864 1139 Coum
1904 1098 1984 1138 m*
2022 1079 2321 1152 Immo,
2349 1096 2411 1136 n:
2449 1080 2560 1136 162

487 1181 563 1240 ad
605 1183 767 1241 169.

647 1284 808 1340 397.
865 1279 1071 1357 Usque·¹
1110 1281 1247 1339 dum
1285 1280 1664 1357 complentur
1702 1286 1763 1340 et
1813 1282 2097 1338 conservi
2142 1297 2345 1339 eorum
2383 1285 2436 1337 et
2468 1276 2565 1335 fra-

486 1389 609 1441 tres
659 1398 863 1441 eorum
916 1384 1016 1456 qui
1064 1382 1247 1440 futuri
1294 1381 1546 1440 interfici
1601 1383 1756 1440 sicut
1805 1386 1866 1439 et
1916 1380 2039 1456 illi,
2109 1381 2271 1456 quod
2320 1378 2569 1455 significet

491 1484 631 1542 dum
669 1481 828 1540 mala
865 1488 1276 1540 consummata
1324 1487 1494 1551 sunt,
1549 1488 1783 1541 constat
1831 1498 1906 1539 ex
1945 1481 2381 1557 significatione
2413 1493 2567 1554 usque

489 1584 629 1643 dum
685 1581 1085 1657 complentur,
1158 1581 1318 1658 quod
1378 1585 1458 1641 sit
1511 1581 1652 1640 dum
1715 1590 2134 1643 consummata
2195 1589 2357 1641 sunt:
2420 1585 2568 1638 etex

489 1684 920 1762 significatione
958 1688 1019 1740 et
1072 1685 1347 1742 conservi
1402 1700 1608 1741 eorum
1657 1690 1716 1742 et
1750 1683 1968 1741 fratres
2022 1700 2236 1741 eorum
2288 1682 2383 1757 qui
2420 1677 2567 1738 futuri

485 1784 736 1844 interfici
787 1784 944 1841 sicut
991 1790 1051 1841 et
1101 1783 1220 1851 illi,
1283 1782 1446 1859 quod
1495 1785 1614 1842 sint
1656 1783 1843 1856 mala,
1899 1801 2038 1841 nam
2091 1782 2417 1846 interficere
2458 1777 2566 1836 illos

487 1892 583 1944 est
617 1883 869 1955 malum3
923 1901 1035 1960 per
1084 1900 1408 1944 conservos
1458 1883 1868 1960 intelliguntur
1905 1886 2010 1960 qui
2060 1885 2122 1941 in
2158 1885 2348 1956 veris,
2402 1885 2453 1938 et
2479 1893 2566 1955 per

485 1988 701 2045 fratres
738 1984 1149 2060 intelliguntur
1187 1986 1291 2060 qui
1324 1988 1385 2043 in
1421 1984 1629 2054 bonis,
1676 2002 1744 2042 ac
1781 2002 1893 2060 per
1933 1999 2265 2044 conservos
2302 1988 2359 2040 et
2390 1981 2565 2039 fratres

486 2086 663 2145 simul
697 2086 1109 2162 intelliguntur
1145 2087 1247 2161 qui
1281 2088 1340 2143 in
1379 2087 1542 2146 veris
1582 2102 1656 2143 ex
1691 2085 1848 2143 bono
1885 2091 2053 2157 sunt,
2111 2086 2174 2142 in
2222 2099 2394 2141 sensu
2441 2080 2564 2139 enim

491 2191 726 2247 interno
755 2186 872 2244 duo
905 2188 1343 2263 conjunguntur
1370 2188 1432 2244 in
1455 2204 1654 2243 unum.
1710 2184 2028 2261 Aliquibus
2058 2186 2120 2243 in
2146 2184 2295 2244 locis
2318 2184 2377 2240 in
2400 2177 2566 2240 Verbo

488 2289 702 2347 dicitur
764 2287 1226 2358 consummatio,
1303 2293 1428 2344 tum
1487 2285 1725 2361 quando
1788 2285 1948 2343 mala
1997 2288 2429 2355 consummata,
2476 2276 2562 2338 sed

484 2392 585 2448 vix
630 2389 846 2464 aliquis
898 2386 1074 2445 hodie
1124 2389 1322 2461 novit,
1379 2386 1521 2463 quid
1573 2404 1686 2463 per
1732 2386 1795 2444 id
1854 2385 2259 2463 significatur3
2313 2400 2480 2460 supra
2514 2379 2562 2437 in

481 2488 672 2548 tribus
704 2487 1018 2555 Articulis,
1070 2505 1140 2545 n:
1186 2489 1345 2545 391.
1393 2490 1553 2546 392.
1592 2488 1763 2561 394,
1805 2488 2025 2545 dictum
2073 2495 2201 2560 est,
2249 2483 2397 2562 quod
2426 2482 2560 2559 prius

483 2590 733 2650 Coelum
771 2590 1103 2647 constiterit
1150 2605 1224 2646 ex
1263 2588 1485 2651 talibus
1532 2589 1633 2664 qui
1676 2587 1962 2646 moralem
1999 2591 2189 2647 vitam
2228 2590 2285 2646 in
2336 2580 2561 2644 externis

482 2695 761 2767 egerunt,
803 2695 862 2747 et
891 2696 1091 2748 tamen
1124 2691 1184 2747 in
1237 2690 1487 2748 internis
1524 2668 1765 2745 fuerunt
1800 2687 1972 2758 mali,
2036 2698 2097 2746 et
2135 2687 2292 2766 quod
2324 2686 2382 2744 hi
2412 2679 2558 2741 habi-

481 2792 739 2848 taverint
772 2790 831 2844 in
869 2788 1004 2863 altis
1051 2787 1199 2846 locis
1235 2790 1297 2848 in
1325 2788 1549 2847 Mundo
1588 2787 1924 2863 spirituali,
1981 2794 2042 2847 et
2081 2789 2222 2848 inde
2258 2781 2560 2864 putaverint

482 2888 643 2967 quod
693 2894 897 2945 essent
944 2889 1003 2943 in
1061 2886 1277 2964 Coeloj
1348 2889 1413 2948 hi
1461 2890 1602 2964 quia
1649 2889 1899 2946 interius
1946 2889 2091 2947 mali
2143 2890 2407 2956 fuerunt,
2465 2895 2557 2939 non

481 2989 643 3065 apud
690 3004 755 3045 se
794 2987 1202 3045 toleraverunt
1236 2990 1378 3048 illos
1414 2990 1515 3065 qui
1563 2990 1810 3047 interius
1864 2989 2005 3047 boni
2059 2990 2330 3057 fuerunt,
2379 2990 2433 3043 et
2469 2981 2557 3038 hoc

478 3095 725 3167 propter
785 3086 1247 3163 discrepantiam
1314 3090 1695 3149 affectionum
1753 3096 1812 3147 et
1866 3092 2319 3166 cogitationum,
2387 3092 2552 3143 omnes

480 3190 634 3249 enim
678 3191 1147 3246 consociationes
1195 3193 1255 3248 in
1290 3189 1514 3249 Mundo
1566 3190 1860 3265 spirituali
1896 3191 2044 3248 fiunt
2080 3189 2403 3250 secundum
2437 3196 2552 3241 con-

477 3290 846 3350 cordantiam
882 3289 1260 3348 affectionum
1303 3298 1361 3349 et
1402 3289 1542 3348 inde
1585 3291 2045 3365 cogitationum,
2102 3309 2243 3349 nam
2285 3283 2476 3361 Angeli
2504 3282 2549 3335 et

478 3393 725 3469 spiritus
760 3407 879 3447 non
917 3398 1057 3448 sunt
1091 3393 1206 3449 nisi
1243 3408 1423 3473 quam
1459 3389 1804 3448 affectiones
1844 3397 1904 3449 et
1940 3391 2077 3449 inde
2115 3379 2547 3468 cogitationesin

379 3522 386 3527 ·
476 3493 668 3553 forma
699 3490 991 3562 humana,
1044 3497 1104 3549 et
1144 3493 1285 3568 quia
1336 3490 1425 3550 illi
1473 3492 1576 3566 qui
1621 3492 1681 3548 in
1719 3490 1854 3549 altis
1896 3496 2038 3550 tunc
2076 3499 2271 3565 erant,
2323 3502 2429 3545 non
2459 3494 2543 3556 po·

475 3598 717 3655 tuerunt
762 3578 1011 3650 sufferre
1060 3593 1467 3668 praesentiam
1502 3590 1738 3650 illorum
1788 3593 1893 3667 qui
1934 3593 2190 3651 interius
2227 3589 2361 3647 boni
2397 3580 2545 3644 erant,

473 3695 610 3753 ideo
648 3693 954 3768 ejecerunt
984 3691 1119 3751 illos
1159 3710 1196 3751 a
1237 3709 1337 3768 se,
1380 3699 1440 3752 et
1477 3692 1644 3764 illos,
1699 3692 2042 3767 ubicunque
2087 3690 2372 3760 viderunt,
2408 3677 2542 3741 malis

274 3800 431 3870 [588]
477 3801 536 3852 et
573 3792 808 3869 probris
853 3790 1205 3864 affecerunt,
1260 3800 1630 3870 quapropter
1666 3809 1703 3850 a
1745 3792 2005 3850 Domino
2046 3792 2121 3850 ab
2173 3791 2398 3849 illorum
2438 3782 2540 3838 vio·

472 3895 659 3954 lentia
703 3893 923 3949 exemti
972 3900 1141 3966 sunt,
1200 3900 1263 3951 et
1309 3893 1600 3951 reconditi
1654 3892 1767 3950 sub
1820 3891 2041 3964 Coelo,
2098 3909 2169 3951 ac
2221 3876 2538 3950 conservati?

476 4000 536 4053 et
580 3993 694 4048 hoc
743 3990 964 4045 factum
1010 3996 1104 4055 est
1152 4008 1189 4046 a
1224 3998 1493 4064 tempore
1547 4011 1727 4067 quum
1776 3992 2074 4050 Dominus
2110 3993 2218 4052 fuit
2258 3993 2316 4049 in
2363 3973 2540 4043 mundo

477 4087 556 4142 ad
587 4087 702 4140 hoc
737 4100 929 4158 usque
971 4092 1239 4157 tempus,
1297 4090 1534 4161 quando
1569 4090 1876 4150 Judicium
1916 4092 2141 4151 sactum
2180 4097 2293 4164 est,
2344 4091 2400 4145 et
2429 4087 2537 4138 tunc

476 4179 592 4249 1111,
658 4181 758 4249 qui
791 4195 976 4251 super
1014 4180 1149 4236 altis
1188 4191 1390 4253 erant,
1428 4178 1670 4262 'dejecti
1706 4199 1878 4258 sunt,
1927 4200 1986 4250 et
2020 4191 2105 4249 illi
2143 4194 2241 4266 qui
2277 4186 2380 4247 sub
2406 4180 2534 4240 Coe·
