2791 4778
532 341 603 392 46
950 325 1446 383 APOCALYPSIS
1487 323 1921 383 EXPLICATA.
2003 325 2062 393 §1
2097 326 2231 391 314.

525 495 585 550 et
625 488 860 568 Aquas
888 493 1154 568 pascent
1199 483 1428 561 simul,
1477 504 1604 547 non
1637 481 2149 566 malum-facient
2186 482 2258 545 in
2291 488 2424 545 toto
2446 490 2664 546 monte

529 586 948 650 sanctitatis“
988 588 1179 648 LXV:
1215 590 1327 649 25:
1365 603 1537 646 mons
1566 585 1900 645 sanctitatis
1929 591 2023 644 est
2052 583 2319 660 Coelum,
2355 586 2420 642 in
2445 588 2663 662 specie

532 689 782 749 Coelum
815 666 1111 747 intimum:
1170 697 1231 749 et
1277 688 1413 747 ideo
1450 687 1743 746 Dominus
1781 684 1920 744 dicit
1967 683 2046 743 ad
2079 687 2465 762 septuaginta
2503 702 2664 762 quos

531 791 760 861 emisit,
819 786 1012 869 „Eyo
1049 788 1232 849 mitto
1271 805 1382 848 vos
1421 786 1591 847 sicat
1628 803 1833 865 aynos
1872 785 1943 846 in
1979 783 2267 846 medium
2305 781 2660 864 luporum“

530 891 689 949 Luc:
726 890 809 949 X:
854 891 914 949 3.
987 888 1144 966 Quia
1181 890 1337 966 Agni
1372 887 1710 964 significant
1758 886 1892 947 illos
1944 888 2046 962 qui
2080 888 2141 944 in
2176 902 2380 945 amore
2418 887 2481 944 in
2518 886 2661 944 Do-

531 993 751 1049 minum
790 997 947 1064 sunt,
990 992 1092 1065 qui
1119 1006 1286 1048 amor
1310 1006 1495 1047 unum
1533 994 1627 1047 est
1655 1004 1788 1046 cum
1827 988 2182 1061 innocentia,
2220 993 2283 1046 et
2317 987 2459 1062 qula
2487 984 2665 1047 Oves

530 1090 867 1169 significant
898 1090 1039 1149 illos
1087 1092 1187 1167 qui
1222 1092 1284 1148 in
1322 1105 1527 1147 amore
1565 1105 1708 1165 erga
1743 1090 2078 1165 proximum
2115 1093 2286 1159 sunt,
2340 1087 2445 1162 qui
2485 1103 2663 1145 amor

533 1198 627 1251 est
663 1191 951 1265 charitaS,
1010 1190 1144 1249 ideo
1182 1190 1476 1249 Dominus
1527 1187 1674 1246 dixit
1720 1188 1799 1246 ad
1840 1188 2086 1248 Petrum
2140 1230 2179 1261 „
2212 1183 2438 1248 Simon
2477 1183 2666 1248 Jona

530 1309 790 1351 amasne
832 1288 971 1367 Me,
1024 1288 1187 1351 dicit
1223 1288 1384 1369 Ipsi,
1424 1287 1553 1348 imo
1587 1285 1895 1363 Domine,
1950 1284 2054 1347 Τιι
2088 1286 2219 1347 scis
2256 1284 2426 1366 quod
2446 1304 2664 1348 amem

537 1390 658 1464 Te,
714 1389 875 1451 dicit
928 1389 1069 1465 illi,
1129 1407 1325 1470 pasce
1369 1406 1574 1468 ayma
1631 1406 1826 1464 meos,
1895 1393 1957 1447 et
1994 1392 2224 1467 postea
2263 1404 2462 1468 pasce
2512 1405 2663 1448 ovea

533 1492 756 1551 meas“
810 1492 963 1551 Joh:
1001 1491 1185 1552 XXI:
1235 1491 1339 1550 15.
1389 1491 1495 1548 16.
1543 1492 1661 1563 173
1720 1489 1876 1565 quod
1909 1489 2064 1549 baec
2099 1488 2178 1547 ad
2211 1488 2457 1547 Petrum
2493 1486 2676 1561 dicta,

534 1594 682 1666 sint,
739 1598 867 1651 erat
902 1595 1041 1668 quia
1087 1609 1198 1668 per
1230 1591 1401 1650 illum
1448 1589 1893 1667 intelligebatur
1927 1589 2155 1649 Verum
2192 1605 2269 1648 ex
2298 1588 2487 1659 bono,
2543 1604 2663 1648 seu

334 1696 494 1757 [373]
537 1691 689 1751 fides
727 1710 800 1751 ex
837 1692 1153 1765 charitate,
1211 1709 1282 1751 ac
1316 1708 1525 1750 verum
1563 1708 1637 1749 ex
1670 1690 1826 1749 bono
1864 1690 2066 1766 docet,
2117 1705 2372 1767 pascere
2410 1694 2505 1748 est
2539 1687 2657 1748 do-

538 1792 693 1852 cere'.
747 1793 926 1869 Apud
963 1792 1338 1852 Ezechielem
1376 1789 1675 1866 „Arabia
1714 1795 1775 1850 et
1809 1809 2020 1851 omnes
2052 1787 2381 1870 principes
2405 1786 2658 1864 Kedar,

534 1892 606 1952 hi
642 1893 1066 1972 neyotiatores
1106 1911 1334 1952 manus
1377 1896 1526 1951 tuae
1560 1909 1681 1970 per
1718 1891 1972 1970 Agmos,
2026 1889 2257 1951 affetes
2293 1894 2354 1950 et
2391 1887 2655 1951 hirco-9⁴³

534 1992 811 2052 XXVII:
854 1996 978 2067 213
1034 1993 1187 2051 haec
1224 1991 1298 2050 de
1337 1992 1528 2068 Tyro,
1582 2010 1692 2067 per
1742 2009 1920 2068 quam
1965 1991 2381 2069 intelliguntur
2426 1991 2518 2052 illi
2553 1994 2661 2068 qui

534 2096 595 2151 in
632 2092 1067 2169 cognitionibus
1103 2094 1229 2151 veri
1268 2098 1328 2150 et
1359 2090 1504 2150 boui
1538 2097 1677 2150 sunt
1690 2112 1707 2167 3
1763 2110 1872 2169 per
1909 2092 2195 2152 Arabiam
2248 2096 2307 2165 et
2346 2095 2659 2171 principes

534 2194 758 2268 Kedar,
800 2196 901 2271 qui
935 2195 1337 2270 negotiatores
1364 2209 1576 2252 manus
1606 2193 1767 2270 ejus,
1815 2193 2224 2269 significantur
2259 2196 2361 2269 qui
2394 2196 2455 2253 in
2490 2196 2658 2253 veris

520 2303 594 2355 *et
627 2295 800 2354 bonis
839 2313 912 2353 ex
949 2294 1383 2372 cognitionibus
1422 2299 1585 2369 sunt,
1641 2300 1701 2353 et
1735 2311 1845 2370 per
1873 2298 2277 2371 negotiatores
2307 2296 2652 2372 significan-

530 2406 629 2457 tur
664 2399 763 2473 qui
797 2398 901 2478 illa
929 2399 1364 2457 communicant
1402 2406 1461 2454 et
1498 2394 1713 2455 docent
1725 2415 1742 2469 ς
1781 2413 1890 2472 per
1918 2411 2127 2474 agnos,
2167 2399 2409 2471 arietes,
2443 2396 2654 2457 hircos

530 2500 938 2576 significantur
996 2505 1120 2558 tres
1169 2497 1392 2574 gradus
1442 2497 1582 2555 boni
1628 2500 2037 2571 innocentiae,
2102 2497 2385 2556 similiter
2432 2513 2503 2556 ac
2537 2514 2655 2575 per

533 2616 752 2675 agnoS,
814 2601 1032 2657 arietes
1097 2605 1158 2657 et
1218 2598 1472 2673 vitulos;
1528 2597 1686 2674 quod
1734 2615 1844 2674 per
1903 2599 2015 2657 hos
2064 2597 2473 2674 significentur
2525 2604 2653 2657 tres

533 2697 753 2773 gradus
789 2698 927 2755 boni
962 2699 1373 2766 innocentiae,
1427 2697 1702 2756 videatur
1736 2716 1803 2755 n:
1851 2700 2107 2758 10042.
2156 2700 2417 2758 10132.
2474 2696 2657 2758 Simi-

531 2797 669 2855 liter
705 2796 866 2872 apud
901 2796 1114 2855 Mosen
1153 2839 1189 2870 „
1212 2795 1531 2875 Equitare
1555 2797 1719 2876 fecit
1744 2816 1885 2858 eum
1909 2817 2100 2878 super
2131 2795 2403 2860 excelsis
2429 2804 2654 2874 terrae,

534 2900 594 2956 et
631 2895 866 2957 cibavit
887 2901 1202 2976 proventu
1240 2914 1574 2976 ayrorum,
1626 2916 1851 2976 sugere
1881 2899 2046 2980 fecit
2081 2918 2224 2961 eum
2260 2896 2383 2960 mel
2420 2919 2453 2960 e
2476 2918 2655 2980 rupe,

533 3001 593 3056 et
632 2993 836 3058 oleum
881 3015 915 3055 e
962 3013 1125 3055 saxo
1171 3000 1393 3075 petrae
1405 3017 1434 3069 ;
1495 2996 1791 3077 butyrum
1837 2999 2111 3061 armenti
2158 3006 2218 3061 et
2264 2997 2366 3061 lac
2412 3000 2660 3081 yreyis,

535 3115 677 3158 cum
716 3095 907 3177 adipe
942 3115 1272 3175 agnorum,
1323 3097 1599 3159 arietum
1630 3096 2001 3161 Baschanis
2041 3106 2100 3160 et
2134 3099 2472 3178 hircorum,
2512 3120 2662 3163 cum

535 3196 727 3276 adipe
784 3216 1004 3258 renum
1053 3196 1284 3272 tritici,
1366 3204 1428 3259 et
1501 3198 1878 3278 sanquinem
1930 3220 2089 3262 uvae
2141 3200 2302 3262 bibis
2349 3201 2594 3263 merum
2614 3205 2654 3235 ‘⁸‘
2666 3235 2672 3238 ·

533 3298 727 3357 Deut:
767 3297 1046 3366 XXXII:
1093 3301 1202 3359 13.
1242 3301 1326 3358 14
1347 3320 1363 3375 3
1401 3300 1554 3359 haec
1590 3300 1750 3359 dicta
1779 3309 1923 3361 suut
1959 3300 2032 3362 de
2067 3304 2501 3364 instauratione
2528 3302 2655 3363 Ec-

534 3398 755 3459 clesiae
792 3401 1121 3478 Antiquae,
1160 3417 1316 3476 quae
1350 3401 1464 3460 suit
1497 3401 1772 3460 Ecclesia
1805 3406 2000 3479 prima
2034 3410 2174 3480 post
2208 3403 2532 3479 diluvium,
2595 3410 2658 3464 et

532 3518 641 3579 per
672 3502 776 3561 illa
811 3505 1008 3561 omnia
1045 3500 1461 3560 describuntur
1513 3502 1643 3578 ejus
1680 3506 1849 3562 varia
1884 3521 2107 3580 genera
2139 3504 2311 3580 boni:
2367 3505 2476 3565 sed
2514 3506 2660 3581 quia

533 3602 760 3679 absque
798 3601 1198 3678 explicatione
1262 3603 1358 3659 vix
1408 3603 1623 3680 aliquis
1676 3602 1782 3661 illa
1830 3603 2247 3663 intellecturus
2285 3612 2411 3681 est,
2467 3604 2657 3665 velim

531 3705 739 3778 paucis
768 3700 996 3759 dicere:
1036 3703 1304 3777 equitare
1335 3720 1521 3779 super
1549 3703 1808 3762 excelsis
1841 3711 2056 3776 terrae,
2095 3706 2389 3782 significat
2424 3705 2653 3765 intelli-

532 3802 793 3878 gentiam
831 3817 1035 3859 eorum
1073 3803 1172 3878 qui
1208 3803 1283 3861 ab
1319 3803 1425 3863 illa
1458 3804 1768 3880 Ecclesia,
1821 3805 1980 3882 quod
2033 3813 2197 3865 esset
2230 3809 2506 3883 interior3
2564 3810 2657 3867 ci·-

530 3900 695 3960 bavit
729 3907 1026 3977 proventu
1055 3919 1349 3980 agrorum,
1388 3905 1685 3982 significat
1721 3905 1880 3981 quod
1914 3908 2186 3966 instructi
2224 3908 2382 3967 omni
2408 3924 2555 3970 vero
2594 3913 2657 3967 et

531 4001 716 4077 bono:
774 4018 990 4078 sugere
1031 4003 1170 4063 fecit
1220 4005 1335 4064 mel
1388 4023 1423 4064 e
1470 4021 1655 4082 rupe,
1713 4006 2006 4082 significat
2068 4007 2229 4084 quod
2290 4010 2378 4068 eis
2426 4006 2655 4068 bonum

530 4101 802 4162 naturale
836 4120 947 4180 per
982 4122 1152 4182 vera3
1208 4105 1407 4165 oleum
1446 4123 1478 4163 e
1516 4121 1663 4163 saxo
1701 4113 1942 4183 petrae,
1998 4108 2297 4185 significat
2349 4108 2510 4186 quod
2561 4109 2652 4168 eis

530 4201 751 4264 bonum
787 4205 1098 4283 spirituale
1136 4207 1314 4264 etiam
1349 4222 1462 4281 per
1488 4223 1652 4278 vera,
1688 4207 1807 4266 mel
1844 4216 1904 4268 et
1939 4208 2138 4269 oleum
2174 4208 2512 4285 significant
2546 4209 2653 4268 illa
