2791 4778
1501 223 1540 250 l

476 425 581 480 164
921 410 1413 468 APOCALYPSIS
1459 409 1894 468 sxPucA'rA.
1951 411 1996 479 ς.
2041 413 2166 473 349.

469 573 647 650 Quod
682 574 920 633 unicum
949 573 1232 633 Divinum
1270 575 1367 642 sit,
1404 579 1465 632 et
1490 571 1622 632 Hoc
1660 590 1777 631 non
1813 572 2155 632 distinctum
2188 573 2247 628 in
2282 575 2391 628 tres
2413 567 2530 629 Per-

469 685 670 745 sonaS,
706 673 1035 733 secundum
1064 673 1241 733 fidem
1270 672 1605 744 Athanasii,
1644 679 1921 733 constare
1948 676 2150 748 potest
2186 688 2259 729 ex
2282 670 2387 729 illis
2413 685 2534 746 quae

467 791 654 851 supra
689 773 1007 848 aliquoties
1045 776 1205 833 dieta
1239 780 1405 846 sunt,
1447 779 1508 832 et
1531 775 1822 849 imprimis
1862 791 1937 831 ex
1963 772 2080 831 illis
2120 788 2270 848 quae
2299 771 2367 829 ad
2396 770 2538 829 finem

465 871 647 951 hujus
669 871 886 950 Operis
910 877 971 934 in
1000 877 1206 953 speeie
1237 873 1312 933 de
1338 873 1445 932 illa
1469 890 1534 932 re
1551 873 1855 932 dicentur:
1886 878 1947 931 et
1976 875 2118 950 quia
2144 872 2414 931 DivInum
2432 870 2536 929 Do-

467 975 627 1044 mini,
657 974 814 1050 quod
833 981 926 1034 est
946 977 1183 1033 unicum
1196 974 1500 1046 Divinum,
1524 975 1810 1032 assumsit
1824 973 2196 1045 Humanum,
2212 979 2270 1031 et
2284 972 2404 1030 Hoc
2422 985 2540 1046 quo-

467 1092 585 1153 que
602 1075 884 1134 Divinum
913 1075 1069 1149 fecit,
1100 1075 1237 1133 ideo
1260 1081 1577 1151 utrumque
1601 1072 1869 1147 estVita,
1901 1090 1977 1131 ex
1997 1075 2334 1149 quav1vunt
2357 1084 2540 1130 omnesz

469 1175 626 1253 quod
654 1177 738 1233 ita
775 1179 884 1250 sit,
923 1176 1061 1259 sciri
1088 1181 1293 1252 potest
1331 1193 1406 1233 ex
1433 1174 1635 1250 Ipsius
1662 1174 1902 1232 Domini
1937 1173 2140 1233 verbis
2188 1175 2248 1231 in
2285 1173 2373 1231 his
2405 1171 2538 1242 loeis;

469 1276 631 1352 apud
659 1274 699 1334 J
704 1275 996 1334 ohannem
1042 1273 1647 1351 „Quemadmodum
1676 1272 1878 1333 Pater
1904 1274 2179 1334 suscitat
2216 1279 2475 1334 mortuos
2500 1272 2543 1327 et

466 1374 768 1456 vivificat,
797 1377 895 1436 ita
919 1374 1112 1435 etiam
1129 1372 1349 1436 Filius
1374 1393 1530 1455 quos
1555 1371 1692 1434 vult
1717 1373 2031 1453 vivzflcat:
2065 1370 2545 1453 quemadmodum

467 1474 669 1536 Pater
692 1474 873 1536 habet
911 1473 1128 1537 Vitam
1154 1476 1225 1536 in
1250 1472 1332 1536 Se
1357 1473 1534 1555 Ip80,
1573 1474 1670 1534 ita
1699 1473 1877 1534 dedit
1910 1471 2088 1533 Filio
2131 1472 2343 1535 Vitam
2373 1472 2547 1534 habere

467 1575 538 1636 in
556 1574 638 1635 Se
654 1574 856 1655 Ipso“
888 1575 961 1636 V:
987 1575 1168 1653 [21.]
1204 1580 1240 1635 2
1258 1580 1316 1651 63
1345 1594 1455 1652 per
1474 1576 1717 1636 Patrem
1745 1573 1841 1633 hie
1869 1575 2220 1650 intelligitur
2242 1575 2440 1651 Ipsum
2458 1570 2544 1629 Di-

466 1678 668 1734 vinum
682 1676 923 1735 Domini
950 1675 1110 1752 quod
1138 1678 1423 1736 assumsit
1436 1676 1795 1749 Humanum,
1824 1676 1955 1734 Hoc
1984 1675 2140 1734 enim
2154 1674 2427 1733 Divinum
2450 1672 2549 1730 erat

469 1780 529 1835 in
554 1774 702 1852 Ipso
733 1793 807 1835 ex
835 1777 1242 1852 conceptione,
1292 1784 1351 1835 et
1379 1777 1518 1853 quia
1547 1794 1622 1836 ex
1649 1776 1752 1834 illo
1783 1781 2106 1850 conceptus
2137 1776 2269 1849 suit,
2299 1774 2425 1832 ideo
2448 1771 2548 1830 Hoc

466 1878 707 1938 vocavit
741 1876 1011 1947 Patrem,
1063 1882 1124 1936 et
1159 1894 1274 1936 non
1316 1876 1479 1936 aliud
1490 1898 1507 1952 3
1545 1894 1655 1953 per
1680 1874 1896 1935 Filium
1929 1875 2284 1951 intelligitur
2308 1874 2549 1933 Divinum

467 1974 810 2035 Humanum
836 1975 1093 2050 Domini,
1126 1976 1283 2052 quod
1308 1977 1441 2036 Hoc
1470 1977 1740 2036 similiter
1766 1975 1914 2051 Ipsa
1937 1973 2081 2035 Vita
2108 1979 2217 2048 sit,
2262 1977 2427 2035 docet
2449 1973 2549 2031 Do-

470 2077 666 2135 minus
694 2077 1025 2135 manifestis
1053 2077 1270 2152 vorbis,
1304 2077 1576 2147 dicendo,
1605 2076 2104 2154 quemadmodum
2120 2076 2308 2135 Pater
2332 2073 2553 2132 vivificat

472 2176 648 2235 etiam
675 2176 863 2237 Filius
904 2193 1054 2252 quos
1092 2177 1219 2235 vult
1247 2178 1509 2237 vivificat
1520 2198 1537 2254 3
1579 2183 1637 2237 et
1666 2176 2162 2252 quemadmodum
2190 2176 2377 2235 Pater
2407 2172 2554 2233 habet

269 2269 430 2338 [453]
471 2274 672 2337 Vitam
708 2280 769 2336 in
804 2276 885 2337 Se
920 2276 1096 2352 Ipso,
1151 2279 1238 2336 ita
1291 2276 1455 2336 dedit
1489 2277 1640 2336 Filio
1675 2276 1898 2337 habere
1936 2277 2140 2336 Vitam
2196 2277 2260 2335 in
2298 2276 2375 2336 Se
2407 2274 2550 2351 Ipso;

464 2378 649 2439 vitam
683 2377 907 2438 habere
957 2379 1017 2436 in
1055 2375 1135 2439 Se
1170 2377 1314 2454 Ipso
1371 2384 1467 2437 est
1520 2395 1656 2438 esse
1706 2377 1853 2454 Ipsa
1887 2377 2067 2454 Vita3
2124 2377 2343 2456 reliqui
2388 2380 2553 2435 autem

467 2496 586 2538 non
622 2487 762 2540 sunt
795 2479 977 2554 Vita,
1033 2479 1141 2538 sed
1180 2481 1363 2538 vitam
1401 2479 1539 2538 inde
1574 2479 1816 2538 habent.
1868 2478 2047 2556 Apud
2085 2478 2355 2538 Eundem
2396 2472 2555 2553 „Eyo

470 2599 614 2640 eum
650 2579 790 2654 via,
843 2579 1082 2641 veritas
1131 2584 1191 2638 et
1234 2578 1369 2640 vita
1385 2599 1414 2652 ;
1466 2597 1642 2639 nemo
1679 2577 1848 2638 venit
1886 2578 1978 2639 ad
2012 2577 2283 2638 Patrem
2318 2576 2446 2638 nisi
2469 2590 2558 2654 per

471 2679 621 2741 Me“
663 2679 835 2740 XIV:
887 2683 959 2755 63
1031 2681 1160 2758 Ego
1197 2697 1331 2740 snm
1366 2682 1495 2752 via,
1547 2682 1769 2739 veritas
1819 2686 1891 2739 et.
1915 2682 2072 2753 vita,
2131 2679 2294 2737 dicta
2342 2672 2557 2738 suntde

469 2781 745 2840 Humano
781 2781 1055 2855 Domini,
1095 2799 1231 2840 nam
1269 2780 1412 2841 dicit
1448 2781 1650 2849 etiam,
1686 2797 1861 2838 nemo
1888 2782 2054 2840 venit
2088 2779 2166 2837 ad
2199 2761 2441 2838 Patrem
2470 2772 2560 2834 nisi

469 2899 583 2960 per
616 2881 733 2954 Me,
772 2880 955 2940 Pater
990 2883 1146 2941 enim
1180 2881 1386 2958 Ipsius
1438 2888 1572 2940 erat
1601 2881 1883 2940 Divinum
1920 2882 1983 2939 in
2016 2864 2198 2955 Ipso,
2220 2879 2382 2955 quod
2415 2891 2559 2936 suum

468 2981 755 3041 Divinum
796 2987 924 3039 erat
938 2998 954 3054 ;
1008 2980 1165 3039 unde
1201 2987 1399 3057 patet,
1458 2981 1620 3059 quod
1653 2981 1949 3043 Dominus
2002 2983 2180 3039 etiam
2209 2979 2420 3054 quoad
2450 2975 2559 3036 Hu-

470 3098 713 3140 manum
748 3096 921 3141 suum
958 3081 1034 3138 sit
1069 3079 1241 3155 Vita,
1298 3087 1737 3158 consequenter
1773 3080 1932 3158 quod
1969 3075 2127 3139 Illud
2164 3080 2438 3139 similiter
2467 3074 2557 3134 Di-

472 3182 673 3239 vinum
704 3180 796 3237 sit.
836 3177 1017 3256 Apud
1043 3178 1313 3239 Eundem
1351 3224 1388 3256 „
1400 3179 1596 3242 Jesus
1622 3180 1828 3255 dixit,
1861 3179 2011 3260 Eyo
2040 3198 2183 3241 sum
2208 3173 2562 3240 reatum-ectio

471 3286 531 3340 et
570 3278 736 3353 vita,
797 3276 911 3359 qui
962 3278 1161 3340 credit
1210 3279 1280 3340 in
1314 3277 1423 3340 Im>
1463 3282 1587 3342 etsi
1628 3280 2186 3351 moriaturviveffl
2240 3278 2446 3340 omnis
2476 3268 2564 3357 qui

471 3377 631 3442 vivit
672 3386 734 3442 et
767 3377 968 3441 eredit
1004 3379 1074 3440 in
1112 3378 1246 3456 Me,
1301 3400 1423 3442 non
1458 3381 1764 3443 morietur
1798 3380 1867 3441 in
1902 3382 2269 3441 aetemum“
2320 3378 2433 3438 XI:
2471 3375 2561 3436 25.

475 3484 563 3542 26
583 3503 600 3558 ;
658 3482 807 3543 haec
870 3499 1108 3559 quoque
1161 3481 1453 3541 Dominus
1506 3482 1580 3542 de
1619 3481 1898 3540 Humano
1947 3498 2058 3540 suo
2105 3481 2275 3555 dixit,
2343 3486 2404 3539 et
2450 3477 2563 3555 quia

470 3578 611 3660 lpse
665 3591 757 3645 est
792 3583 964 3657 Vita,
1018 3589 1078 3642 et
1114 3598 1320 3641 omnes
1372 3600 1448 3642 ex
1482 3582 1627 3660 Ipso
1676 3580 1900 3640 habent
1934 3583 2154 3656 vitam,
2212 3587 2273 3641 et
2309 3582 2415 3656 qui
2450 3593 2562 3639 cre-

471 3683 617 3742 dunt
650 3685 711 3741 in
745 3671 955 3758 Ipsum
990 3683 1174 3740 vitam
1212 3678 1538 3752 aeternam,
1573 3682 1707 3741 ideo
1745 3682 1889 3740 dicit
1924 3679 2084 3757 quod
2119 3682 2197 3739 sit
2230 3675 2564 3740 resurrectio

474 3788 534 3842 et
573 3784 725 3856 vita,
785 3788 845 3840 et
891 3784 995 3857 qui
1042 3780 1229 3841 eredit
1275 3783 1335 3838 in
1374 3781 1471 3840 Me
1517 3799 1631 3841 non
1680 3782 1964 3840 morietur
1999 3783 2059 3840 in
2094 3788 2440 3851 aeternum,
2480 3790 2567 3854 per

362 3955 377 3965 .
473 3880 719 3941 credere
752 3883 813 3939 in
849 3880 1171 3939 Dominum
1219 3881 1585 3957 significatur
1618 3882 1748 3959 Ipsi
1797 3882 2076 3960 conjungi
2119 3896 2317 3940 amore
2359 3885 2420 3939 et
2451 3876 2564 3948 fide,

474 3986 535 4042 et
594 3997 703 4056 per
762 3997 887 4039 non·
944 3983 1093 4040 mori
1150 3981 1517 4059 significatur
1576 4000 1696 4041 non
1756 3984 1907 4041 mori
1984 3981 2407 4059 spiritualiter,
2471 3978 2566 4036 hoc

474 4087 598 4156 est,
653 4079 950 4150 damnari,
1008 4099 1146 4139 nam
1196 4083 1321 4141 vita
1374 4082 1785 4142 damnatorum
1832 4088 2086 4141 vocatur
2143 4098 2320 4141 morS.
2407 4071 2567 4155 Apud

470 4180 739 4242 Eundem
779 4178 908 4256 „In
931 4180 1258 4262 principio
1297 4187 1436 4244 erat
1492 4182 1786 4266 Verbum,
1824 4187 1885 4244 et
1936 4179 2205 4246 Verbum
2240 4182 2380 4240 erat
2413 4168 2568 4258 apud

473 4280 717 4359 Deum,
773 4286 832 4344 et
884 4281 1068 4345 Deus
1106 4287 1245 4345 erat
1294 4281 1592 4357 Verbum,
1649 4280 1719 4342 in
1757 4279 1911 4360 Ipso
1952 4280 2090 4343 vita
2128 4286 2295 4355 erat,
2354 4265 2416 4339 et
2451 4274 2567 4338 vita
