2791 4778
395 375 633 433 CAPUT
660 375 968 433 SEXTUM.
1728 375 1941 431 VERS:
1988 386 2080 439 16.
2238 387 2350 442 493

247 540 342 615 qui
387 540 451 595 in
510 535 678 595 falsis
734 536 877 594 mali
933 538 993 594 et
1035 536 1095 593 in
1143 534 1316 593 malis
1369 534 1506 594 falsi
1538 519 1718 609 sunt,
1793 552 1860 602 se
1918 536 2237 613 conjiciunt
2292 541 2354 597 iu

240 626 510 712 Inferna,
567 654 720 712 quae
770 642 908 693 sunt
951 637 1011 692 in
1064 637 1251 711 petris
1303 641 1363 693 et
1410 634 1521 695 sub
1560 638 1735 695 terris
1783 637 1843 693 in
1895 636 2119 695 Mundo
2169 640 2351 715 spiri-

242 739 416 798 tuali:
473 737 581 796 sed
615 736 766 794 haec
795 735 1050 811 amplius
1089 735 1333 792 diducta
1372 742 1431 793 et
1462 735 1761 811 explicata
1788 736 2103 794 videantur
2137 740 2198 797 in
2233 741 2353 797 Ar-

239 839 423 898 ticulo
463 837 882 914 praecedente.
972 835 1151 911 Apud
1198 834 1462 893 Hiobum
1512 834 1763 909 „Mons
1810 835 2041 896 cadens
2077 836 2349 919 dzffluit,

240 946 295 999 et
320 943 515 1017 petra
551 937 940 1016 transfertur
986 954 1018 993 e
1057 932 1236 995 Zoco“
1271 934 1455 993 XIV:
1505 940 1532 993 1
1554 940 1589 995 8
1608 956 1624 1011 3
1679 953 1790 1013 per
1825 937 2086 996 Montem
2123 939 2350 1016 signifi-

243 1046 410 1099 catur
450 1055 615 1096 amor
647 1038 813 1110 mali,
871 1042 931 1094 et
972 1054 1081 1111 per
1124 1044 1354 1112 petram
1410 1036 1558 1095 fides
1603 1037 1764 1109 falsi,
1831 1053 1901 1096 ac
1937 1055 2047 1113 per
2082 1038 2347 1100 diffluere
2388 1032 2551 1100 [669]

241 1147 298 1199 et
332 1139 648 1198 transferri
684 1154 716 1195 e
749 1137 880 1196 loco
919 1137 1284 1212 significatur
1310 1139 1527 1210 perire.
1605 1137 1786 1213 Apud
1821 1138 2113 1203 Davidem
2154 1139 2346 1214 „De-

224 1239 550 1322 jiciantur
591 1256 704 1317 per
747 1234 883 1297 loca
918 1243 1140 1315 petrae
1169 1233 1428 1316 judices
1485 1254 1699 1296 eorum
1720 1239 1754 1268 “
1816 1237 2054 1297 Psalm:
2118 1239 2347 1299 CXLI:

248 1343 281 1401 6
297 1361 314 1417 3
395 1357 509 1415 per
557 1337 794 1414 judices
846 1337 1254 1413 significantur
1301 1336 1388 1393 illi
1443 1339 1541 1412 qui
1597 1339 1661 1393 in
1711 1337 1879 1395 falsis
1934 1346 2103 1412 sunt,
2173 1345 2233 1399 et
2290 1343 2353 1398 in

242 1457 428 1500 sensu
465 1438 762 1497 abstracto
798 1437 952 1497 falsa
988 1438 1360 1513 cogitationis
1395 1444 1453 1493 et
1488 1436 1825 1512 doctrinae,
1882 1438 2073 1496 simile
2109 1457 2219 1516 per
2245 1441 2351 1516 ju..

241 1542 406 1602 dices
444 1542 502 1598 in
543 1537 746 1597 Verbo
784 1537 1149 1614 significatur
1186 1536 1343 1612 quod
1379 1555 1488 1612 per
1506 1537 1764 1612 judicia,
1808 1553 1877 1596 ac
1904 1538 2135 1614 judicia
2169 1542 2354 1616 signi-

243 1641 426 1701 ficant
476 1656 622 1699 vera
680 1656 754 1695 ex
808 1637 1024 1714 quibus
1063 1638 1318 1713 judicia,
1395 1645 1453 1696 et
1504 1638 1560 1695 in
1620 1640 1898 1714 opposito
1943 1655 2123 1697 sensu
2163 1641 2350 1717 salsa3

247 1744 388 1818 quia
428 1741 515 1798 illi
569 1740 668 1813 qui
719 1740 778 1795 in
827 1739 995 1797 falsis
1044 1744 1212 1811 sunt,
1266 1741 1328 1796 in
1367 1738 1591 1818 Mundo
1640 1739 1935 1813 spirituali
1975 1739 2247 1799 habitant
2290 1744 2352 1799 in

244 1844 464 1918 petris,
519 1840 655 1899 ideo
705 1838 951 1912 dicitur,
1009 1838 1362 1914 dejiciantur
1409 1855 1518 1914 per
1565 1838 1699 1897 loca
1743 1845 1984 1915 petrae,
2036 1858 2149 1916 per
2196 1842 2353 1917 quod

246 1942 632 2018 significatur,
672 1944 739 1997 ut
772 1940 1163 1997 immittantur
1196 1941 1256 1996 in
1283 1956 1395 1996 sua
1419 1939 1575 1997 salsa
1604 1945 1663 1995 et
1689 1939 2013 1998 secundum
2052 1941 2208 2000 falsa
2242 1958 2355 2001 sua

246 2044 306 2100 in
345 2043 589 2102 infernis
624 2038 910 2098 habitent.
979 2038 1162 2113 Apud
1196 2039 1454 2096 Hiobum
1504 2036 1632 2111 „In
1655 2038 1908 2118 fissura
1950 2036 2219 2100 vallium
2264 2038 2355 2100 ad
2402 2037 2431 2067 s

247 2140 688 2213 habitandum,
720 2137 1157 2219 foraminibus
1195 2142 1399 2197 terrae
1432 2142 1491 2195 et
1521 2136 1771 2215 petris“
1810 2138 2026 2197 XXX:
2071 2141 2106 2197 6
2127 2160 2143 2215 3
2199 2140 2351 2199 haec

253 2241 327 2300 de
371 2243 489 2300 illis
525 2244 626 2317 qui
672 2243 733 2298 in
778 2241 1022 2298 infernis
1059 2243 1199 2296 sunt
1251 2239 1389 2314 quia
1425 2239 1484 2295 in
1520 2238 1691 2295 malis
1730 2244 1790 2297 et
1828 2238 1963 2297 inde
2001 2238 2199 2314 falsis,
2252 2242 2348 2297 in-

254 2340 423 2398 ferna
454 2339 681 2400 illorum
719 2343 820 2418 qui
853 2342 913 2399 in
947 2340 1118 2399 malis
1158 2339 1355 2416 quoad
1393 2340 1576 2397 vitam
1612 2345 1779 2414 sunt,
1850 2339 1962 2398 sub
1997 2339 2256 2400 vallibus
2294 2345 2355 2400 et

256 2442 319 2497 in
353 2440 643 2517 speluncis
687 2442 769 2500 ibi
816 2447 990 2511 sunt,
1045 2447 1104 2499 et
1146 2442 1248 2515 qui
1295 2442 1356 2498 in
1392 2439 1560 2497 falsis
1613 2440 1778 2514 iude,
1833 2441 1895 2497 in
1941 2442 2126 2516 petris
2174 2446 2348 2517 sunt3

257 2539 386 2600 inde
420 2548 617 2618 patet,
672 2542 814 2617 quid
852 2541 1215 2617 significatur
1263 2558 1375 2616 per
1423 2543 1483 2598 in
1517 2539 1744 2598 fissura*
1770 2539 2014 2598 vallium
2053 2540 2131 2598 ad
2172 2540 2347 2600 habi-

252 2642 521 2712 tandum,
556 2641 940 2700 foraminibus
977 2647 1172 2699 terrae
1210 2649 1270 2698 et
1302 2641 1512 2716 petris3
1542 2640 1650 2698 sed
1686 2639 1759 2698 de
1796 2641 2069 2720 cavernis
2108 2647 2168 2700 et
2202 2657 2347 2718 spe·
2413 2720 2422 2724 Δ

240 2741 470 2814 ’1ιιιιοὶ5,
521 2744 582 2800 in
619 2742 833 2819 quibus
869 2740 1142 2799 habitant
1177 2741 1280 2822 qui
1317 2743 1379 2799 in
1420 2741 1663 2799 infernis
1693 2746 1861 2815 sunt,
1920 2746 1979 2799 ct
2013 2739 2085 2799 de
2114 2739 2347 2801 fissuris

248 2848 308 2900 et
344 2843 732 2902 foraminibus
769 2860 878 2919 per
904 2858 1058 2917 quae
1095 2840 1290 2899 aditus
1332 2842 1393 2898 in
1428 2839 1549 2915 illa,
1588 2840 1863 2899 videatur
1894 2843 1964 2903 in,
1990 2858 2128 2900 mox
2163 2858 2345 2918 prae-

240 2943 496 3002 cedente
532 2943 804 3001 Articulo
853 2961 919 3000 n:
966 2943 1126 2999 410.
1206 2941 1375 2999 Haec
1418 2940 1601 2998 allata
1648 2948 1790 2999 sunt
1832 2947 1897 3000 ut
1932 2943 2157 3000 sciatur
2193 2943 2351 3018 quod

242 3059 353 3119 per
384 3048 629 3119 petram
674 3044 734 3100 in
781 3043 1056 3118 opposito
1092 3057 1275 3099 sensu
1322 3041 1687 3117 significetur
1734 3042 1950 3101 falsum
1994 3043 2055 3099 in
2108 3059 2347 3119 genere,

243 3160 401 3218 quae
437 3142 787 3218 significatio
831 3148 1041 3219 petrae
1096 3146 1189 3200 est
1226 3158 1297 3200 ex
1335 3142 1892 3218 correspondentia,
1954 3148 2022 3200 ut
2071 3149 2347 3203 constare

239 3248 448 3320 potest
496 3260 570 3301 ex
618 3244 983 3319 apparentiis
1033 3248 1092 3300 et
1147 3242 1615 3316 aspectabilibus
1661 3244 1720 3299 in
1756 3242 1979 3300 Mundo
2030 3243 2345 3319 spirituali,

240 3345 344 3403 ubi
407 3358 610 3401 omnes
665 3343 940 3405 habitant
1000 3341 1328 3400 secuudum
1384 3342 1943 3416 correspondentias
2004 3345 2352 3423 interiorum

240 3460 402 3520 quae
438 3445 651 3502 mentis
691 3450 750 3502 et
786 3445 943 3501 vitae
975 3459 1206 3514 eorum,
1263 3458 1446 3515 quare
1481 3440 1569 3498 illi
1603 3442 1704 3514 qui
1738 3443 1800 3497 in
1835 3443 2131 3517 sapientia
2165 3449 2227 3502 et
2259 3444 2352 3500 in-

240 3545 578 3618 telligentia
625 3549 765 3601 sunt
815 3545 955 3619 quia
999 3544 1058 3599 in
1096 3542 1315 3599 Amore
1366 3541 1427 3596 in
1474 3540 1794 3598 Dominum
1841 3546 1898 3598 et
1947 3543 2005 3597 in
2059 3540 2351 3601 charitate

240 3660 392 3720 erga
433 3644 797 3719 proximum,
855 3649 916 3701 et
963 3641 1099 3699 inde
1149 3644 1208 3698 in
1248 3639 1557 3698 affectione
1610 3641 1737 3697 veri
1792 3640 2118 3715 spirituali,
2173 3641 2349 3699 habi-

239 3749 376 3802 tant
412 3758 594 3817 super
631 3743 931 3801 montibus
974 3748 1033 3799 et
1071 3740 1321 3799 collibus
1356 3758 1427 3799 ex
1463 3741 1673 3808 humo,
1708 3740 1811 3799 ubi
1844 3740 2136 3816 paradisi,
2174 3741 2349 3816 horti,

235 3850 447 3903 roseta
497 3850 557 3900 et
593 3846 810 3918 vireta3
865 3850 927 3901 at
968 3843 1164 3918 quiin
1209 3840 1324 3898 fide
1372 3840 1785 3899 doctrinalium
1840 3857 1985 3900 suae
2040 3841 2353 3900 Ecclesiae

239 3948 383 4001 sunt
429 3948 490 4000 et
528 3945 589 4000 in
639 3943 841 4020 aliqua
893 3944 1210 4016 charit-ate,
1276 3941 1363 3999 illi
1406 3941 1674 4017 habitant
1727 3958 1910 4018 super
1965 3943 2187 4016 petris,
2247 3941 2356 4003 ubi

239 4043 472 4119 campi,
525 4060 707 4119 super
756 4044 969 4120 quibus
1023 4043 1223 4119 aliqua
1266 4041 1513 4100 arbusta
1560 4048 1618 4099 et
1669 4042 1904 4118 aliquae
1944 4041 2186 4099 arbores
2207 4084 2223 4114 ‚
2281 4056 2354 4100 ac

239 4145 583 4218 graminosa
595 4164 612 4220 3
669 4145 768 4219 qui
805 4151 1003 4202 autem
1039 4145 1098 4200 in
1146 4142 1277 4201 sola
1310 4141 1458 4215 fide,
1497 4147 1565 4199 ut
1605 4143 1844 4212 dicitur,
1889 4135 2088 4215 quoad
2125 4141 2349 4200 doctri-

241 4258 378 4301 nam
415 4251 477 4302 et
525 4243 723 4319 quoad
762 4245 945 4308 vitam
989 4243 1257 4317 fuerunt,
1317 4248 1378 4301 et
1412 4240 1549 4299 inde
1594 4245 1653 4300 in
1690 4242 1857 4300 salsis
1900 4241 2040 4301 fidei
2086 4248 2146 4302 et
2180 4242 2353 4300 malis
