2791 4778
112 329 117 422 l
366 360 603 415 CAPUT
642 360 954 415 sssx‘rum.
1719 363 1927 418 ven&
1977 373 2064 425 15.
2224 377 2332 429 465

114 519 117 602 ξ
212 520 511 594 naturalis
567 521 745 582 homo
809 523 1041 581 dicatur
1090 539 1332 598 servus,
1404 527 1455 582 is
1522 527 1676 584 enim
1730 528 1978 585 inservit
2037 529 2336 604 spirituali

114 613 117 668 ἶ
222 621 532 680 efficiendo
571 624 731 697 quod
773 624 928 697 vult3
988 629 1047 682 et
1082 623 1216 682 inde
1256 642 1496 700 quoque
1533 626 1863 702 spiritualis
1905 627 2081 685 homo
2121 628 2337 687 dieitur

217 722 396 796 liber,
455 728 525 780 ut
566 731 625 780 et
652 724 974 800 -=d0minus;
1029 724 1144 783 hoc
1187 743 1424 802 quoque
1470 726 1819 802 intelligitur
1853 745 1963 802 per
1997 744 2238 787 servum
2275 737 2336 788 et

219 822 519 882 dominum
572 825 734 899 apud
790 825 1013 883 Lucam
1076 822 1362 898 „Nullus
1415 817 1632 887 servit-3
1662 833 1875 905 potest
1920 826 2165 888 duobus
2219 828 2334 887 do-

216 923 410 983 minis
460 924 728 998 servire,
785 930 900 983 aut
950 926 1117 985 enim
1167 944 1363 986 unum
1415 926 1561 986 odio
1609 926 1880 1000 habebit,
1949 935 2007 987 et
2057 925 2332 988 alterum

118 1013 119 1028 ³
214 1024 483 1098 amabit,
553 1030 671 1084 aut
722 1044 918 1085 unum
958 1026 1281 1105 praeferet
1333 1034 1392 1087 et
1440 1024 1712 1087 alterum
1762 1034 2130 1102 contemnet,
2208 1048 2334 1088 non

207 1125 480 1204 potestis
528 1123 676 1184 Deo
733 1125 968 1186 servire
1017 1134 1077 1187 et
1127 1146 1521 1187 mammonae
1544 1131 1579 1161 “
1629 1128 1815 1186 XVI:
1879 1131 1962 1186 13
1982 1150 1996 1204 3
2065 1129 2177 1188 hoc
2217 1147 2332 1187 non

214 1226 663 1308 ingelligendum
739 1233 832 1285 est
893 1227 965 1284 de
1018 1231 1210 1287 servis
1267 1231 1324 1286 iu
1388 1228 1638 1300 munde,
1725 1232 1998 1305 quoniam
2048 1229 2135 1287 illi
2184 1247 2329 1306 pos-

128 1397 131 1400 ·
212 1338 344 1386 sunt
381 1330 618 1386 servire
669 1327 902 1386 duobus
947 1328 1233 1400 dominis,
1303 1335 1365 1387 et
1417 1346 1607 1405 usque
1657 1347 1770 1387 non
1815 1329 1950 1388 odio
1997 1329 2221 1389 habere
2267 1328 2332 1388 'et

214 1437 595 1488 contemnere
643 1427 856 1506 unum',
922 1429 1032 1487 sed
1090 1430 1161 1488 de
1225 1430 1415 1488 servis
1468 1431 1527 1487 in
1578 1430 1873 1506 spirituali
1934 1446 2146 1504 sensu,
2229 1434 2332 1507 qui

212 1536 343 1587 sunt
383 1530 488 1606 qui
534 1528 741 1586 volunt
779 1546 981 1588 amare
1023 1530 1343 1588 Dominum
1390 1537 1451 1588 et
1486 1547 1679 1605 aeque
1713 1537 1929 1606 semet,
1977 1548 2047 1591 ac
2081 1529 2332 1589 Coelum

215 1637 270 1687 et
298 1647 496 1706 aeque
528 1629 841 1703 mundum3
881 1630 966 1688 illi
992 1637 1132 1690 sunt
1159 1634 1313 1689 sicut
1340 1633 1442 1707 qui
1470 1648 1587 1689 uno
1617 1631 1789 1691 oculo
1817 1631 2025 1690 volunt
2052 1636 2328 1707 spectare

212 1746 449 1788 sursum
480 1737 540 1787 et
566 1729 754 1788 altero
784 1730 1079 1805 deorsum,
1113 1748 1219 1791 seu
1254 1749 1370 1791 uno
1393 1732 1567 1791 oculo
1592 1731 1666 1789 ad
1695 1733 1926 1791 eoelum
1956 1739 2016 1791 et
2044 1732 2232 1791 altero
2255 1732 2331 1790 ad

214 1831 525 1904 infernum,
559 1833 728 1889 etsie
759 1832 1020 1907 pendere
1047 1833 1199 1891 inter
1224 1838 1571 1911 utrumque3
1609 1851 1739 1892 cum
1768 1841 1966 1894 tamen
1992 1832 2334 1911 praedomi-

211 1935 368 1989 nium
401 1934 515 1991 erit
540 1947 825 2004 amorum,
848 1934 1025 1990 unius
1053 1949 1200 2009 prae
1231 1933 1449 2007 alter03
1491 1941 1550 1991 et
1582 1934 1678 1991 ubi
1713 1935 2185 2009 praedominium
2218 1941 2329 2006 est,

210 2032 289 2090 ibi
324 2033 463 2091 odio
500 2031 755 2089 habetur
792 2039 851 2090 et
887 2035 1315 2107 contemnitur,
1373 2032 1531 2109 quod
1569 2050 1636 2090 se
1674 2036 1946 2108 opponit,
1991 2041 2052 2091 et
2081 2050 2215 2091 cum
2257 2051 2324 2093 se
2368 2034 2527 2096 [651]

218 2136 500 2209 opponit3
555 2148 690 2189 nam
733 2149 898 2191 amor
933 2135 1026 2192 sui
1063 2142 1121 2192 et
1159 2132 1363 2191 mundi
1400 2137 1492 2191 est
1529 2134 1837 2207 oppositus
1878 2134 2066 2189 amori
2099 2133 2158 2189 in
2194 2133 2331 2191 Do-

217 2235 441 2291 minum
478 2240 536 2290 et
570 2235 755 2291 amori
792 2251 935 2309 erga
969 2237 1332 2309 proximum3
1384 2232 1519 2292 inde
1550 2241 1671 2305 est,
1709 2232 1869 2307 quod
1905 2234 2005 2306 qui
2039 2233 2097 2288 in
2126 2249 2328 2293 amore

220 2332 476 2391 coelesti
508 2341 666 2409 sunt,
728 2336 925 2411 potius
981 2334 1161 2393 velint
1205 2336 1381 2407 mori,
1439 2351 1506 2394 ac
1557 2333 1857 2412 deprivari
1905 2332 2231 2392 honoribus
2270 2341 2331 2393 et

227 2431 599 2493 facultatibus
632 2437 690 2492 in
745 2437 993 2509 mundo,
1051 2453 1227 2512 quam
1265 2443 1330 2493 ut
1376 2454 1487 2511 per
1522 2436 1626 2493 illa
1662 2434 2083 2493 abstrahantur
2121 2452 2158 2492 a
2197 2434 2328 2491 Do-

218 2535 378 2592 mino
425 2541 557 2593 eta
612 2534 822 2605 Coelo,
876 2538 990 2595 hoc
1043 2538 1196 2593 enim
1262 2537 1641 2595 considerant
1697 2544 1762 2594 ut
1813 2552 1984 2593 omne
2041 2537 2181 2609 quia
2233 2541 2328 2593 est

215 2640 563 2708 aeternum,
616 2643 676 2693 at
723 2636 870 2695 illud
918 2644 985 2696 ut
1033 2637 1198 2695 nihili
1248 2639 1589 2713 respective
1634 2639 1772 2711 quia
1817 2635 1992 2717 finem
2031 2651 2166 2693 eum
2203 2636 2329 2691 vita

211 2737 269 2793 in
305 2737 529 2795 mundo
566 2736 776 2795 habet:
818 2740 1075 2797 vicissim
1114 2744 1314 2796 autem
1350 2737 1464 2809 illi,
1506 2739 1605 2813 qui
1640 2754 1705 2794 se
1745 2745 1805 2795 et
1834 2735 2116 2793 mundum
2144 2751 2329 2812 super

211 2839 407 2895 omnia
462 2844 690 2908 amant,
766 2838 1139 2915 vilipendunt
1186 2839 1521 2912 respective
1570 2837 1887 2896 Dominum
1943 2843 2004 2895 et
2058 2836 2326 2912 CoeImn,

208 2939 322 2996 imo
362 2940 546 2997 eiiam
589 2944 841 3014 negant,
901 2945 962 2997 et
998 2938 1235 3015 quando
1274 2939 1613 3020 oppositum
1653 2939 1712 2995 in
1747 2938 1865 2997 illis
1903 2938 2138 3013 vident,
2192 2937 2327 2997 odio

204 3037 461 3114 habent3
534 3039 647 3096 hoc
697 3040 1007 3098 manifeste
1054 3046 1306 3115 apparet
1355 3039 1516 3115 apud
1572 3057 1778 3099 omnes
1834 3039 1989 3099 tales
2035 3041 2093 3097 in
2139 3039 2331 3098 altera

204 3140 360 3197 vita:
421 3139 588 3213 apud
626 3138 763 3196 illos
803 3142 904 3216 qui
940 3139 1257 3198 Dominum
1289 3146 1348 3198 et
1375 3137 1621 3198 Coelum
1651 3157 1837 3217 super
1873 3142 2070 3199 omnia
2107 3144 2325 3212 amant,

204 3243 604 3311 esirinternus
635 3256 751 3309 seu
780 3240 1107 3323 spiritualis
1145 3240 1321 3298 homo
1353 3250 1620 3317 apertus,
1661 3249 1719 3298 et
1756 3244 1810 3299 ei
1846 3242 2095 3299 inservit
2124 3246 2325 3298 exter-

200 3356 308 3399 nus
334 3356 458 3398 seu
485 3339 771 3397 naturalis
802 3339 998 3415 homo,
1035 3341 1131 3399 hic
1167 3348 1306 3398 tunc
1338 3347 1436 3400 est
1462 3357 1672 3398 servus
1703 3343 1842 3415 quia
1879 3340 2231 3407 inserviens,
2269 3344 2331 3395 et

199 3440 315 3500 ille·
330 3446 435 3499 est
472 3439 740 3498 dominus
771 3443 910 3517 quia
946 3441 1188 3517 volen53
1230 3448 1291 3499 at
1324 3439 1485 3516 apud
1512 3438 1666 3511 illos,
1708 3439 1808 3513 qui
1846 3454 1911 3495 ee
1951 3443 2010 3495 et
2043 3437 2333 3497 mundum

201 3556 392 3619 super
422 3544 619 3600 omnia
655 3548 873 3616 amant,
914 3548 1008 3600 est
1031 3544 1302 3599 internus
1332 3556 1443 3607 seu
1469 3536 1795 3613 spiritualis
1822 3535 1998 3593 homo
2027 3535 2332 3607 occlusus,

202 3648 259 3699 et
310 3647 603 3702 externus
657 3658 767 3700 seu
817 3642 1108 3700 naturalis
1147 3641 1323 3698 homo
1361 3646 1624 3715 apertus,
1662 3643 1721 3697 et
1747 3636 1982 3712 quando
2012 3634 2106 3692 hie
2144 3651 2327 3710 aper-

198 3747 290 3800 tus
338 3747 402 3801 et
438 3741 541 3800 ille
596 3741 875 3800 occlusus
926 3748 1045 3814 est,
1100 3746 1455 3799 tunc=amat
1495 3757 1675 3798 unum
1727 3737 2055 3809 dominum,
2109 3751 2327 3810 nempe

197 3858 260 3901 se
301 3849 369 3903 et
409 3842 726 3917 mundum,
784 3859 854 3901 ac
902 3843 1038 3901 odio
1078 3840 1263 3899 habet
1310 3840 1595 3914 alterum,
1651 3855 1866 3913 nempe
1909 3837 2228 3895 Dominum
2268 3840 2330 3893 et

199 3941 487 4025 Coelium3
542 3943 697 4001 idem
736 3960 973 4018 quoque
1012 3943 1221 4000 testari
1260 3956 1514 4017 possum
1549 3940 1624 3998 ab
1666 3939 2068 4020 experientia,
2123 3951 2329 3994 omnes

201 4047 359 4102 enim
399 4046 501 4118 qui
538 4042 652 4101 sibi
690 4050 751 4102 et
785 4043 1003 4101 mundo
1049 4044 1356 4113 vixerunt,
1412 4048 1471 4100 et
1505 4058 1654 4114 non,
1697 4042 1852 4099 sicut
1888 4043 2156 4113 oportet,
2196 4035 2331 4094 Deo

201 4149 259 4201 et
314 4143 535 4217 Coele,
592 4147 650 4201 in
696 4142 888 4202 altera
922 4145 1048 4201 vita
1092 4142 1415 4200 Dominum
1473 4141 1607 4201 odio
1657 4140 1905 4213 habent,
1963 4144 2024 4197 et
2057 4137 2192 4196 illos
2232 4137 2334 4215 qui

197 4240 403 4317 Ipsius
443 4251 584 4302 sunt
628 4250 1106 4321 persequuntur,
1163 4243 1660 4320 qualitercunque
1714 4243 1772 4298 in
1832 4239 2049 4298 mundo
2099 4238 2333 4316 loquuti

307 4358 746 4413 Swedenborg,
792 4358 983 4412 Apocal.
1016 4357 1130 4411 expl.
1167 4358 1228 4396 11.
1934 4344 2020 4400 30
