2791 4778
377 400 611 456 CAPUT
651 399 997 466 QUINTUM.
1726 399 1937 455 VERS:
1984 409 2075 463 14.
2235 414 2343 466 161

230 560 528 620 Rationem
565 564 625 617 et
660 559 1021 635 agnitionem
1057 574 1132 617 ex
1160 556 1340 634 corde
1375 560 1638 617 omnium
1674 561 1777 637 qui
1809 561 1873 617 in
1896 561 2059 620 veris
2089 576 2166 621 ex
2187 562 2351 624 bono

235 667 394 734 sunt,
450 659 611 735 quod
643 659 936 717 Dominus
974 657 1154 718 Solus
1204 660 1399 731 vivat,
1455 664 1517 717 et
1565 658 1723 736 quod
1784 659 1860 718 ab
1908 658 2050 736 Ipso
2089 659 2230 722 Solo
2267 664 2349 723 sit

232 763 352 819 vita
376 767 639 832 aeterna,
672 765 907 818 constat
934 776 1008 818 ex
1038 758 1468 835 significatione
1497 753 1707 836 viginti
1732 766 1994 836 quatuor
2019 764 2344 838 seniorum,

234 860 388 939 quod
436 862 555 918 sint
595 875 800 918 omnes
843 862 945 934 qui
996 860 1056 917 in
1100 859 1260 919 veris
1314 875 1389 918 ex
1428 858 1584 918 bono
1627 866 1798 933 sunt,
1858 860 1933 920 de
1985 878 2104 938 qua
2158 878 2347 941 supra

231 980 303 1020 n:
345 962 480 1018 270
500 980 517 1037 3
575 977 652 1018 ex
686 958 1116 1035 significatione
1155 958 1467 1036 procidere
1505 964 1567 1017 et
1600 959 1884 1035 adorare,
1925 960 2085 1037 quod
2118 964 2198 1021 sit
2230 963 2348 1021 hu.

231 1061 473 1120 miliatio
510 1067 571 1118 et
607 1062 828 1136 agnitio
866 1060 1077 1133 corde,
1135 1059 1294 1136 quod
1328 1076 1503 1120 omne
1536 1058 1758 1117 bonum
1796 1067 1855 1118 et
1890 1078 2137 1133 verum,
2186 1078 2346 1139 quae

234 1163 415 1220 vitam
437 1163 498 1218 in
527 1176 594 1218 se
622 1159 863 1234 habent,
902 1162 1020 1219 sint
1047 1177 1084 1217 a
1109 1160 1385 1232 Domino,
1415 1158 1489 1218 de
1520 1177 1638 1236 qua
1666 1161 1844 1219 etiam
1872 1178 2057 1237 supra
2083 1180 2142 1221 nx
2177 1165 2342 1223 290.

236 1263 395 1335 2913
435 1266 496 1318 et
528 1278 604 1319 ex
640 1260 1073 1337 significatione
1102 1260 1411 1336 ViventiS,
1451 1277 1583 1318 cum
1622 1260 1696 1318 de
1725 1259 2012 1336 Domino,
2071 1262 2232 1339 quod
2265 1265 2346 1323 sit

231 1360 391 1439 quod
425 1359 600 1419 Solus
636 1362 830 1426 vivat,
889 1366 948 1419 et
983 1361 1143 1437 quod
1191 1377 1268 1418 ex
1302 1359 1447 1436 Ipso
1501 1360 1580 1418 sit
1611 1362 1737 1418 vita
1772 1369 2045 1437 aeterna,
2102 1362 2177 1422 de
2226 1379 2348 1441 qua

231 1464 408 1526 etiam
444 1477 626 1537 supra
672 1480 743 1519 n:
788 1463 897 1521 82.
944 1462 1055 1519 84.
1098 1461 1259 1519 186.
1305 1462 1466 1519 289.
1511 1461 1673 1518 291.
1726 1459 2020 1537 Quoniam
2068 1462 2247 1523 hodie
2283 1465 2346 1524 in

227 1560 451 1621 Mundo
487 1560 780 1633 creditur,
817 1560 976 1637 quod
1010 1563 1164 1634 vita,
1221 1577 1375 1636 quae
1415 1566 1509 1620 est
1544 1561 1793 1637 cuique,
1846 1564 1924 1620 sit
1955 1562 2100 1621 data
2145 1579 2218 1623 ac
2252 1565 2348 1622 in..

226 1662 387 1735 dita,
424 1667 485 1720 et
521 1663 607 1721 sic
642 1663 918 1739 proprIa,
957 1667 1018 1719 et
1053 1660 1212 1738 quod
1248 1678 1369 1718 non
1403 1660 1610 1719 influat
1647 1662 1955 1739 continue,
2010 1662 2194 1723 velim
2230 1661 2348 1723 ali-

232 1759 375 1841 quid
423 1762 496 1820 de
534 1779 606 1820 eo
654 1763 882 1820 dicere:
940 1762 1100 1838 quod
1149 1760 1427 1820 credatur
1477 1760 1637 1837 quod
1686 1762 1813 1819 vita
1859 1763 1938 1821 sit
1978 1765 2041 1822 in
2084 1762 2346 1839 homine,

228 1861 383 1922 adeo
418 1868 486 1920 ut
519 1864 595 1920 sit
620 1861 893 1932 hominiS,
933 1868 1027 1921 est
1060 1861 1235 1919 modo
1272 1863 1628 1937 apparentia
1663 1861 1912 1921 oriunda
1948 1881 2020 1923 ex
2048 1870 2349 1941 perpetua
2418 1920 2422 1925 .

226 1964 576 2042 praesentia
600 1963 856 2036 Domini,
897 1968 957 2021 et
992 1980 1065 2021 ex
1094 1961 1298 2037 Ipsius
1327 1962 1544 2020 Divino
1572 1957 1790 2023 Amore
1829 1964 1987 2039 quod
2020 1964 2171 2023 velit
2196 1980 2345 2023 cou-

211 2063 398 2142 jungi
450 2062 702 2132 homini,
754 2068 815 2121 et
849 2078 986 2122 esse
1038 2063 1096 2120 in
1130 2060 1266 2131 illo,
1318 2068 1380 2121 et
1425 2062 1566 2122 dare
1615 2065 1672 2122 ei
1721 2079 1890 2121 suam
1934 2067 2152 2138 vitam,
2206 2062 2348 2122 talis

227 2166 388 2225 enim
424 2169 519 2221 est
550 2163 811 2221 Divinus
839 2163 1054 2239 Amor3
1099 2169 1159 2220 et
1196 2164 1335 2238 quia
1368 2162 1482 2220 hoc
1517 2169 1876 2239 perpetuum
1911 2172 1973 2222 et
2006 2166 2351 2223 continuum

225 2271 358 2334 est,
411 2268 585 2340 putat
616 2262 794 2321 homo
832 2263 993 2338 quod
1026 2265 1151 2321 vita
1194 2264 1334 2320 insit
1369 2263 1426 2321 ei
1474 2269 1540 2321 ut
1575 2264 1852 2339 propria3
1906 2269 2112 2322 notum
2147 2269 2355 2322 tamen

224 2370 353 2439 est,
400 2363 559 2440 quod
584 2380 756 2423 omne
790 2362 1012 2423 bonum
1055 2369 1117 2424 et
1150 2380 1324 2422 omne
1351 2379 1559 2422 verum
1596 2380 1713 2422 non
1747 2364 1824 2420 sit
1856 2365 1919 2422 in
1945 2363 2201 2436 homine,
2240 2360 2354 2421 sed

231 2464 399 2543 quod
430 2466 634 2524 veniat
668 2464 947 2541 desuper,
987 2467 1072 2524 ita
1107 2464 1267 2541 quod
1301 2463 1541 2538 influat3
1578 2463 1850 2522 similiter
1884 2480 2050 2521 amor
2086 2470 2146 2523 et
2179 2460 2352 2536 fideS,

227 2582 375 2623 nam
410 2581 575 2624 omne
610 2566 830 2624 amoris
864 2565 1117 2624 hominis
1156 2571 1248 2624 est
1285 2582 1358 2622 ex
1394 2564 1569 2638 bono,
1611 2569 1671 2623 et
1705 2581 1877 2623 omne
1912 2563 2053 2623 fidei
2088 2563 2217 2640 ejus
2256 2567 2355 2623 est

227 2683 309 2725 ex
344 2680 524 2737 vero,
577 2665 737 2741 quod
773 2667 929 2725 enim
963 2665 1138 2724 homo
1177 2670 1336 2723 amat
1382 2664 1498 2723 hoc
1548 2667 1603 2722 ei
1648 2670 1743 2724 est
1777 2663 2032 2737 bouum,
2087 2669 2149 2723 et
2184 2661 2348 2742 quod

216 2765 408 2825 homo
455 2766 642 2823 credit
686 2765 802 2824 hoc
853 2767 910 2824 ei
959 2773 1051 2824 est
1100 2782 1347 2842 verum3
1420 2764 1556 2824 inde
1603 2766 1860 2842 primum
1906 2770 2108 2843 patet,
2187 2761 2351 2840 quod

214 2883 346 2925 non
378 2863 601 2924 bonum
662 2871 724 2924 et
755 2884 871 2923 non
906 2884 1143 2937 verum,
1200 2867 1355 2924 sicut
1404 2880 1517 2924 nec
1568 2882 1734 2923 amor
1795 2871 1857 2924 et
1888 2866 2065 2941 fideS,
2122 2865 2241 2923 siut
2285 2867 2349 2924 in
2388 2875 2550 2943 [451]

220 2966 503 3036 homine,
538 2966 650 3026 sed
675 2966 835 3048 quod
868 2967 1118 3024 influant
1153 2982 1191 3023 a
1214 2966 1493 3034 Domino,
1530 2967 1591 3023 in
1624 2965 1780 3025 bono
1819 2972 1879 3025 et
1914 2983 2057 3026 vero
2095 2972 2189 3025 est
2213 2967 2350 3043 ipsa

212 3070 378 3142 vita,
436 3072 498 3124 et
532 3083 650 3126 non
687 3067 862 3125 alibi:
916 3065 1366 3143 receptaculum
1418 3065 1559 3123 boni
1595 3068 1812 3125 amoris
1848 3067 2008 3143 apud
2043 3066 2347 3127 hominem

214 3173 320 3228 est
359 3166 673 3241 voluntas,
730 3173 792 3226 et
825 3165 1275 3243 receptaculum
1327 3168 1460 3224 veri
1516 3165 1655 3224 fidei
1707 3165 1868 3242 apud
1913 3167 2079 3226 illum
2118 3171 2213 3226 est
2246 3169 2346 3225 iu-

210 3266 532 3342 telleetuS,
574 3275 635 3327 et
660 3267 817 3326 velle
852 3268 1078 3326 bonum
1113 3283 1228 3325 non
1265 3273 1360 3326 est
1386 3266 1658 3345 hominiS‚
1697 3283 1809 3325 nec
1845 3267 2091 3326 credere
2119 3281 2349 3342 verum,

211 3366 370 3427 illae
404 3365 584 3426 binae
620 3367 937 3426 facultates
975 3372 1143 3441 sunt,
1198 3369 1260 3426 in
1297 3365 1512 3444 quibus
1551 3366 1739 3425 omnis
1787 3368 1911 3424 vita
1942 3366 2197 3425 hominis
2236 3368 2348 3439 est,

211 3473 401 3527 extra
434 3464 571 3526 illas
608 3474 704 3527 est
736 3467 904 3526 nulla
916 3487 932 3544 3
989 3467 1125 3526 inde
1163 3469 1343 3527 etiam
1378 3472 1577 3542 patet,
1632 3465 1795 3543 quod
1826 3466 1952 3523 vita
1982 3462 2224 3522 illarum
2257 3460 2354 3520 fa-

211 3564 545 3641 cultatum,
583 3554 832 3644 proinde
868 3569 990 3626 vita
1024 3570 1205 3626 totius
1240 3567 1522 3640 hominiS,
1577 3583 1696 3624 non
1728 3567 1809 3624 sit
1858 3566 1920 3622 in
1967 3561 2207 3620 homine
2242 3557 2355 3621 sed
2423 3630 2430 3635 ‚

142 3728 150 3734 ,
208 3666 467 3726 influat:
521 3668 683 3745 quod
718 3676 920 3728 autem
957 3667 1179 3726 malum
1227 3677 1287 3726 et
1322 3667 1574 3739 falsum,
1627 3681 1739 3726 seu
1771 3663 2051 3724 voluntas
2090 3666 2150 3721 et
2184 3677 2354 3720 amor

205 3765 366 3825 mali
403 3783 477 3824 ac
511 3768 852 3826 intellectus
892 3774 952 3826 et
985 3767 1134 3827 fides
1171 3767 1311 3827 falsi
1346 3769 1467 3826 sint
1502 3766 1666 3842 apud
1698 3753 2029 3838 hominem,
2071 3767 2163 3822 est
2199 3779 2355 3840 quo-

210 3883 344 3945 que
382 3883 459 3926 ex
492 3868 754 3942 influxu,
807 3868 918 3927 sed
952 3869 1005 3926 is
1039 3869 1301 3926 influxus
1364 3874 1459 3926 est
1512 3884 1588 3925 ex
1631 3865 1872 3924 Inserno
1887 3884 1903 3941 3
1956 3864 2133 3923 homo
2197 3865 2357 3925 enim

210 3974 469 4027 tenetur
502 3969 564 4026 in
598 3968 789 4028 libero
817 3967 1095 4045 eligendi,
1132 3967 1248 4027 hoc
1276 3973 1387 4042 est,
1427 3965 1755 4043 recipiendi
1788 3965 2012 4025 bonum
2047 3970 2109 4024 et
2139 3981 2355 4025 verum

207 4084 249 4125 a
274 4066 577 4144 Domino,
618 4074 722 4127 aut
755 4068 1085 4146 recipiendi
1119 4068 1342 4127 malum
1379 4074 1441 4127 et
1474 4067 1697 4126 falsum
1731 4066 1809 4126 ab
1844 4066 2106 4139 Inferno,
2140 4066 2203 4123 in
2236 4064 2354 4125 hoe

200 4173 465 4227 tenetur
495 4168 674 4229 homo
712 4176 959 4246 propter
992 4169 1495 4241 reformationem,
1537 4173 1780 4227 tenetur
1814 4169 1972 4226 enim
2005 4168 2164 4225 inter
2190 4163 2351 4224 Coe-

195 4267 341 4326 lum
381 4274 447 4327 et
479 4267 814 4345 Infernum,
883 4275 943 4329 et
993 4268 1129 4329 inde
1166 4271 1226 4328 in
1264 4267 1622 4344 aequilibrio
1673 4265 2002 4342 spirituali,
2062 4262 2222 4340 quod
2260 4266 2354 4322 est

317 4382 762 4436 Swedenborg,
808 4384 998 4435 Apocal.
1032 4383 1143 4437 expl.
1181 4385 1242 4422 11.
1953 4369 1978 4419 1
2004 4369 2029 4419 l
