2791 4778
375 360 615 418 CAPUT
658 359 951 416 SEXTUM
961 405 972 417 .
1733 362 1911 417 VERS
1929 385 1939 415 ε
1990 375 2076 425 lo.
2235 376 2343 428 477

232 523 559 582 secundum
586 522 763 598 quale
788 522 928 580 mali
951 527 1010 579 et
1035 520 1172 578 falsi
1203 524 1313 596 sui,
1339 523 1576 596 quidam
1600 525 1657 580 in
1681 523 1880 581 hiatus
1913 530 1972 582 et
1999 525 2342 601 speluncaS,

237 616 467 700 qnidam
500 623 880 681 in2f0ramina
913 629 973 680 et
999 627 1225 697 petraS,
1249 639 1401 697 quae
1434 630 1572 681 tnnc
1601 629 1762 681 stant
1790 640 1986 682 coram
2016 626 2140 685 illis
2162 643 2343 703 aper·

230 732 313 800 ta3
366 731 427 783 et
463 731 781 799 postquam
831 722 970 779 illuc
1012 738 1077 778 se
1123 723 1533 799 conjecerunt,
1591 724 1951 782 clauduntur
1988 735 2343 802 aperturae:

229 825 333 903 hq'c
355 825 535 883 modo
556 824 620 882 fit
651 825 863 900 ejectio
894 822 1181 891 malorum
1209 825 1627 898 spirituum,ex
1658 825 1953 884 montibus
1985 834 2043 884 et
2071 827 2342 904 collibuS,

232 943 372 1002 quos
406 930 875 1001 occupaverunt,
914 923 1185 979 videatur
1213 940 1398 999 supra
1427 944 1483 982 n:
1517 926 1679 983 391.
1718 927 1877 984 392.
1915 928 2074 1003 3943
2106 929 2343 1002 quando

226 1029 276 1084 in
312 1025 624 1102 speluncis
670 1032 729 1082 et
767 1027 822 1081 in
859 1025 1046 1100 petris
1085 1030 1257 1096 sunt,
1314 1032 1455 1082 tunc
1509 1032 1747 1083 cessant
1788 1044 2041 1102 angores
2094 1035 2154 1086 et
2201 1045 2341 1087 cru-

226 1128 447 1200 ciatus,
505 1141 654 1201 quos
693 1125 766 1182 ab
814 1125 1039 1183 influxu
1091 1123 1242 1181 lucis
1284 1124 1449 1182 Cocli
1501 1128 1937 1198 sustinuerunt,
2001 1146 2133 1186 nam
2173 1132 2342 1206 quies

224 1227 336 1286 illis
376 1233 474 1286 est
513 1228 573 1283 in
611 1213 736 1283 suis
793 1225 964 1283 malis
1013 1230 1073 1281 et
1126 1224 1259 1281 inde
1308 1224 1507 1299 falsis,
1564 1228 1701 1302 quia
1740 1226 1889 1284 haec
1929 1226 2044 1285 illis
2073 1229 2345 1306 jucunda

225 1328 463 1387 fuerunt
478 1347 494 1403 3
543 1326 813 1401 jucunda
856 1328 1009 1383 enim
1045 1326 1205 1383 vitae
1243 1329 1698 1401 unumquemvis
1737 1334 1974 1384 manent
2009 1335 2149 1403 post
2182 1347 2342 1388 mor-

226 1435 369 1501 tem,
404 1426 680 1505 jucunda
717 1429 875 1488 vitae
913 1432 1049 1484 sunt
1083 1425 1352 1501 jucunda
1380 1444 1645 1484 amorum
1682 1427 1915 1484 illorum
1938 1472 1953 1499 ‚
1993 1447 2128 1487 nam
2167 1445 2340 1489 omne

221 1529 563 1606 jucundum
589 1530 746 1586 vitae
787 1534 877 1586 est
914 1527 1160 1601 amoris3
1199 1526 1336 1584 inde
1375 1535 1650 1585 constare
1692 1534 1917 1603 potest,
1974 1530 2113 1604 quid
2149 1533 2338 1607 signi-

225 1630 434 1689 {icatur
482 1647 594 1705 per
642 1627 801 1705 quod
837 1627 1033 1685 dicant
1078 1627 1376 1685 montibus
1430 1636 1489 1685 et
1534 1632 1720 1704 petris
1771 1635 1836 1686 nt
1889 1629 2103 1688 cadant
2156 1648 2341 1707 super

226 1731 386 1806 illos,
462 1729 737 1789 similiter
788 1728 926 1803 qnid
985 1726 1349 1803 significatur
1410 1730 1570 1805 apud
1638 1729 1979 1788 Hoscheam
2053 1730 2343 1805 „Dicent

227 1831 545 1892 montibu-s·
591 1828 823 1908 operite
857 1847 1001 1902 noc,
1058 1833 1115 1887 et
1151 1824 1415 1889 collibus
1450 1829 1660 1890 cadite
1695 1849 1883 1909 super
1927 1834 2087 1891 nos“
2127 1833 2220 1892 Xe
2267 1835 2340 1892 8:

230 1939 285 1990 et
337 1931 500 2009 apud
550 1932 776 1989 Lucam
844 1927 1074 2002 „Tunc
1124 1928 1430 2007 incipient
1493 1930 1697 1990 dicere
1759 1933 2075 1992 montibus
2132 1932 2343 1994 cadite

229 2052 411 2113 super
448 2050 594 2104 noe,
652 2035 710 2088 et
746 2025 1007 2089 collibus
1035 2026 1338 2089 occultate
1363 2033 1526 2089 nos“
1569 2029 1817 2088 XXIII:
1864 2033 1983 2106 303
2040 2033 2119 2090 ibi
2162 2035 2339 2091 etiam

231 2136 417 2210 agitur
479 2132 552 2191 de
612 2130 833 2191 Ultimo
893 2131 1166 2189 Judici0:
1254 2130 1382 2188 Lux
1437 2129 1631 2203 Coeli,
1707 2147 1859 2205 quae
1916 2139 2008 2189 cst
2055 2130 2340 2191 Divinum

230 2233 452 2291 Verum
500 2234 726 2291 unitum
777 2231 995 2289 Divino
1044 2232 1242 2304 Bono,
1302 2248 1337 2287 a
1387 2230 1834 2316 cnjus‘influxu
1891 2237 1948 2288 et
1994 2235 2339 2307 praesentia

238 2339 527 2407 anguntur
560 2340 615 2391 et
650 2334 988 2392 cruciantur
1027 2332 1163 2391 mali
1203 2333 1303 2409 qui
1349 2349 1416 2389 se
1455 2332 1772 2408 dejiciunt,
1838 2332 2335 2410 intelligitur‘pcr

239 2430 415 2490 verba
447 2450 575 2490 mox
622 2435 934 2508 sequentia
984 2437 1042 2491 in
1079 2433 1190 2491 hoc
1229 2433 1455 2506 Versu,
1513 2431 1873 2493 abscondite
1907 2452 2022 2492 noe
2079 2453 2120 2492 a
2154 2433 2338 2514 facie

232 2530 513 2593 Sedentis
539 2553 726 2613 super
753 2533 1001 2594 Thr-ono
1029 2539 1087 2592 et
1113 2535 1189 2593 ab
1217 2533 1320 2593 ira
1345 2518 1563 2614 Ayni}
1616 2537 1705 2593 ira
1733 2534 1891 2609 Agni
1923 2534 2155 2608 dicitur,
2198 2536 2339 2611 quia

231 2638 560 2694 cruciantur
574 2655 589 2710 ;
628 2653 835 2693 verum
864 2637 1159 2695 cruciatus
1197 2652 1402 2693 eorum
1431 2654 1551 2694 non
1583 2641 1674 2694 est
1709 2634 1873 2708 inde,
1913 2634 2020 2692 sed
2058 2653 2132 2692 ex
2165 2635 2338 2693 malis

227 2754 489 2794 amorum
518 2742 577 2794 et
598 2753 669 2793 ex
702 2736 868 2794 falsis
894 2736 1032 2795 fidei
1063 2742 1301 2811 eorum3
1334 2736 1483 2796 haec
1514 2739 1651 2812 quia
1669 2737 1997 2794 formarunt
2020 2737 2217 2794 omnia
2240 2737 2334 2794 in-

222 2840 440 2896 teriora
473 2839 688 2895 mentis
732 2854 966 2908 eorum,
1009 2854 1146 2894 nam
1184 2836 1452 2912 cujusvis
1500 2853 1666 2895 mens
1696 2836 1983 2894 formatur
2017 2855 2091 2895 ex
2130 2850 2333 2896 amore

221 2954 328 2996 suo
358 2943 419 2996 et
445 2938 581 2996 inde
617 2936 732 2996 fide
769 2955 959 3013 usque
989 2944 1054 2994 ut
1090 2939 1167 2995 sit
1201 2939 1388 2995 instar
1418 2937 1546 3013 ejus
1576 2940 1637 2996 in
1666 2939 1872 3009 forma,
1914 2945 1972 2996 et
2009 2940 2149 3015 quia
2174 2940 2332 2996 inte·-

219 3040 375 3097 riora
408 3041 618 3096 mentis
657 3038 888 3096 illorum
923 3040 1021 3114 qui
1050 3039 1108 3095 in
1135 3037 1306 3096 malis
1341 3046 1401 3096 et
1428 3039 1564 3097 inde
1601 3039 1770 3097 salsis
1807 3045 1948 3097 sunt
1981 3056 2161 3098 versa
2196 3044 2335 3097 sunt

219 3141 275 3196 in
311 3146 551 3217 partem
583 3142 938 3197 contrariam
968 3156 1076 3197 seu
1119 3142 1177 3197 in
1219 3139 1460 3216 plagam
1489 3143 1827 3218 oppositam
1870 3138 2041 3198 bonis
2080 3146 2140 3199 et
2176 3141 2334 3200 veris

217 3237 483 3314 Divinis,
547 3239 683 3297 ideo
735 3257 866 3296 cum
919 3239 1202 3298 Divinum
1260 3238 1486 3297 Verum
1536 3242 1752 3314 influit,
1829 3247 1887 3297 et
1935 3246 2183 3298 conatur
2232 3257 2333 3298 re-

218 3346 495 3418 troagere
557 3342 842 3398 interiora
893 3357 1046 3416 quae
1100 3341 1312 3397 mentis
1375 3357 1609 3413 eorum,
1668 3347 1728 3398 et
1774 3357 1883 3415 per
1927 3340 1987 3396 id
2035 3340 2333 3398 adducere

215 3440 347 3500 illos
388 3443 449 3497 in
499 3439 781 3509 coelum,
832 3441 946 3498 hoc
986 3442 1136 3497 enim
1173 3439 1458 3498 Divinum
1494 3439 1719 3496 Verum
1755 3439 2089 3513 procedens
2130 3456 2166 3495 a
2200 3440 2332 3496 Do·

217 3545 381 3600 mino
430 3540 654 3616 ubique
701 3541 846 3600 facit
893 3540 995 3597 ubi
1036 3542 1254 3612 influit,
1312 3546 1370 3596 et
1408 3538 1496 3597 illi
1546 3555 1662 3595 non
1713 3537 1919 3594 volunt
1963 3537 2245 3595 recedere
2296 3554 2332 3597 a
2373 3542 2532 3606 [659]

214 3657 462 3699 snorum
520 3658 788 3700 amorum
832 3640 1151 3718 jucundis,
1228 3639 1364 3698 inde
1412 3639 1527 3697 illis
1576 3654 1828 3714 angores
1885 3643 1946 3695 et
2006 3639 2325 3712 cruciatus,

215 3745 319 3817 qui
364 3738 606 3800 cessant
649 3759 778 3800 cum
820 3742 1066 3800 veniunt
1107 3742 1168 3797 in
1220 3740 1454 3798 inferna
1500 3739 1602 3797 ubi
1649 3738 1865 3797 similia
1902 3737 2170 3814 jucunda
2220 3754 2331 3796 seu

215 3841 440 3900 similes
479 3859 711 3900 amores
749 3850 1020 3919 regnant.
1103 3839 1401 3915 Quoniam
1442 3857 1627 3917 supra
1674 3857 1740 3897 n:
1795 3841 1967 3913 405,
2027 3846 2335 3897 ostensum

216 3949 341 4013 est,
396 3942 539 4018 quid
574 3943 808 4001 Montes
848 3949 907 4000 et
949 3940 1148 4000 Colles
1200 3940 1551 4016 significant,
1590 3941 1722 3999 ideo
1761 3943 1820 3998 in
1868 3956 2024 3998 nunc
2066 3955 2330 4014 sequen-

215 4043 377 4101 tibus
417 4043 765 4101 ostendetur
813 4041 954 4118 quid
988 4043 1241 4116 Petrae,
1300 4041 1459 4118 quod
1488 4059 1702 4118 nempe
1740 4040 2071 4118 significent
2107 4038 2336 4098 Verum

217 4160 289 4200 ex
324 4143 483 4200 bono
522 4143 819 4218 spirituali
873 4159 942 4201 ac
993 4160 1198 4200 verum
1240 4148 1296 4200 et
1333 4141 1555 4201 bonum
1610 4142 1777 4213 fidei,
1844 4148 1902 4198 at
1947 4143 2009 4198 in
2058 4141 2336 4218 opposito

216 4246 397 4302 sensu
434 4243 649 4302 falsum
687 4244 864 4303 fidei:
921 4241 1080 4318 quod
1115 4242 1330 4300 Petrae
1381 4242 1717 4316 significent
1763 4241 1903 4313 illa,
1969 4248 2060 4301 est
2098 4257 2336 4317 quoque
