2791 4778
464 368 574 423 248
909 351 1402 411 APOCALYPSIS
1445 354 1879 414 EXPLICATA.
1942 356 1989 424 ὑ.
2031 363 2152 417 3³14.

463 517 774 590 Jehovae,
835 514 912 573 ad
955 517 1245 590 triticum,
1302 514 1380 573 ad
1415 521 1712 586 mustum,
1764 521 1825 573 et
1860 515 1933 572 ad
1970 513 2193 584 oleum,
2229 519 2283 571 et
2316 512 2377 569 ad
2399 512 2520 571 lilios

463 619 664 695 gregis
710 622 770 674 et
807 617 1062 675 armenti
1082 659 1100 688 ,
1154 631 1369 675 canere
1409 618 1473 674 in
1506 614 1823 673 altitudine
1855 616 2061 675 Zionis
2110 612 2381 691 significat
2407 630 2525 689 gau-

463 717 632 777 dium
667 717 969 774 internum
1017 715 1287 776 coeleste
1335 732 1447 776 seu
1495 714 1673 793 quale
1712 722 1808 775 est
1841 717 1904 774 in
1930 715 2141 791 Regno
2177 713 2400 773 coelesti
2426 712 2526 771 Do-

463 819 644 889 mini,
695 833 913 876 canere
949 816 1234 893 gaudium
1260 814 1440 891 illud,
1495 815 1771 874 videatur
1798 796 2091 893 supra‘n:
2139 816 2295 888 326,
2330 811 2526 871 altitudo

451 920 796 988 internum,
851 922 910 977 et
954 917 1107 976 Zion
1141 917 1417 994 Regnum
1476 915 1771 991 coeleste,
1842 917 2107 975 triticum
2151 913 2416 991 significat
2443 912 2526 970 bo-

461 1036 603 1077 num
639 1016 930 1076 naturalis
982 1016 1269 1091 hominiS,
1324 1023 1587 1075 mustum
1634 1034 1845 1076 verum
1895 1016 2060 1094 ejuS,
2119 1015 2313 1075 oleum
2358 1014 2532 1071 bonum

465 1117 796 1197 spiritualis
852 1117 1137 1192 hominis,
1192 1116 1297 1176 filii
1346 1120 1546 1195 gregis
1592 1134 1740 1175 vera
1794 1117 2165 1194 spiritualia,
2229 1115 2288 1173 et
2328 1113 2418 1172 filii
2456 1128 2529 1169 ar·

463 1221 649 1278 menti
703 1235 849 1277 vera
882 1218 1208 1292 naturalia3
1262 1217 1414 1276 haec
1467 1222 1608 1294 quia
1654 1217 2096 1294 significantur,
2153 1221 2424 1274 vocantur
2449 1213 2534 1269 bo-

465 1336 609 1377 num
647 1318 690 1378 J
694 1318 924 1378 ehovae
935 1338 953 1394 3
1000 1318 1160 1395 quod
1193 1317 1313 1376 illis
1348 1317 1489 1377 inde
1513 1317 1910 1395 intelligentia
1945 1323 2005 1375 et
2039 1317 2361 1395 sapientia,
2394 1314 2537 1389 signi-

461 1418 676 1477 ficatur
704 1436 816 1496 per
841 1417 944 1478 fiet
972 1419 1169 1476 anima
1196 1434 1404 1476 eorum
1439 1422 1599 1478 sicut
1632 1418 1841 1477 hortus
1877 1420 2173 1493 irriguus,
2209 1434 2317 1492 per
2346 1414 2538 1472 hortum

464 1520 621 1579 enim
658 1522 720 1578 in
755 1518 959 1578 Verbo
996 1518 1365 1595 significatur
1400 1514 1826 1595 intelligentia,
1874 1525 1934 1577 et
1968 1535 2079 1594 per
2114 1519 2395 1593 irriguum
2425 1529 2537 1572 con-

460 1621 627 1678 tinue
670 1635 985 1679 crescens:
1041 1619 1200 1693 quod
1241 1636 1361 1677 non
1395 1618 1481 1677 ibi
1520 1618 1928 1695 intelligantur
1962 1620 2259 1691 triticum,
2309 1620 2540 1679 mustum,

462 1718 694 1794 oleum,
741 1718 845 1778 filii
893 1720 1095 1795 gregis
1125 1727 1187 1777 et
1213 1722 1495 1789 armenti,
1531 1724 1729 1795 patet,
1769 1736 1906 1777 nam
1935 1719 2155 1777 dicitur
2190 1716 2428 1775 redemit
2456 1712 2542 1772 Je-

457 1818 660 1879 hovah
703 1819 1035 1893 Jacobum‚
1096 1826 1156 1877 et
1197 1819 1356 1896 quod
1389 1819 1494 1878 fiet
1534 1820 1733 1877 anima
1769 1837 1974 1878 eorum
2008 1821 2167 1877 sicut
2201 1818 2401 1876 hortus
2434 1814 2542 1871 irri-

461 1935 638 1995 guus„
725 1917 906 1995 Apud
959 1917 1197 1977 Joe‘lem
1253 1918 1709 1994 „Devastatus
1764 1926 1861 1979 eat
1919 1937 2103 1998 ayer,
2166 1916 2341 1978 luxit
2393 1921 2543 1983 terra,

455 2017 612 2097 qaia
646 2017 1050 2078 devastatum
1081 2024 1176 2078 est
1209 2020 1634 2098 frumentum,
1674 2018 1937 2081 manauit
1974 2025 2283 2091 mustum,
2325 2014 2546 2094 lanquet

460 2114 685 2194 oleum,
715 2117 1058 2200 pudefacti
1092 2128 1243 2180 aunt
1281 2117 1626 2199 ayricolae,
1668 2117 1990 2203 ejularunt
2024 2119 2352 2192 vinitores,
2395 2131 2548 2196 super

458 2218 673 2281 tritico
724 2225 784 2280 et
820 2238 1010 2298 super
1048 2218 1310 2295 hordeo,
1371 2239 1440 2280 eo
1493 2219 1665 2299 quod
1688 2219 1959 2300 perierit
2011 2220 2252 2280 messia
2290 2216 2467 2297 ayo-W
2499 2212 2546 2273 1:

465 2323 576 2379 10.
616 2324 722 2380 11.
776 2323 892 2395 123
946 2320 1096 2380 haec
1144 2338 1261 2379 non
1307 2320 1469 2380 dicta
1502 2328 1643 2378 sunt
1679 2322 1753 2379 de
1791 2337 1934 2399 agro
1976 2328 2039 2379 et
2076 2321 2213 2398 ejus
2251 2318 2546 2386 sterilitate,

454 2423 566 2482 sed
602 2422 678 2482 de
704 2421 978 2482 Ecclesia
1013 2428 1074 2480 et
1101 2422 1231 2498 ejus
1268 2424 1633 2496 vastatione,
1692 2439 1877 2498 quare
1923 2439 2049 2498 per·
2074 2440 2306 2498 agrum,
2345 2426 2548 2486 terram,

454 2523 814 2582 frumentum
836 2566 852 2597 ,
894 2527 1151 2580 mustum
1189 2528 1248 2581 et
1285 2522 1509 2596 oleum,
1565 2539 1683 2581 non
1710 2522 1816 2580 illa
1849 2522 2284 2599 intelliguntur,
2331 2519 2434 2579 sed
2462 2533 2550 2594 per

456 2639 666 2698 agrum
705 2629 766 2682 et
799 2639 911 2699 per
949 2628 1165 2681 terram
1203 2622 1497 2696 Ecclesia,
1547 2639 1659 2699 per
1694 2641 1902 2699 agrum
1928 2622 2207 2682 Ecclesia
2251 2619 2440 2698 quoad
2470 2633 2547 2675 re·

461 2723 800 2797 ceptionem
844 2728 904 2781 et
937 2725 1418 2799 procreationem
1461 2727 1591 2783 veri
1637 2729 1697 2782 et
1731 2723 1902 2799 boni,
1960 2730 2021 2782 et
2054 2741 2166 2800 per
2206 2718 2549 2782 terram‘Ec-

458 2820 652 2880 clesia
689 2822 886 2896 quoad
923 2830 1159 2898 gentem
1197 2823 1310 2897 ibi,
1366 2841 1476 2899 per
1513 2824 1872 2882 frumentum
1907 2824 2128 2882 bonum
2165 2825 2357 2881 omnis
2393 2833 2551 2897 gene·

453 2922 539 2979 ris
595 2922 655 2979 in
705 2927 953 2983 externo
1007 2923 1274 2997 homine,
1329 2941 1442 3000 per
1488 2931 1752 2982 mustum
1813 2941 2023 2982 verum
2078 2925 2258 2981 etiam
2312 2922 2417 2996 ibi,
2465 2931 2554 2995 per

454 3020 658 3080 oleum
691 3021 908 3079 bonum
945 3025 1005 3080 in
1035 3025 1269 3083 interno
1305 3024 1577 3100 homine3
1632 3041 1745 3100 per
1779 3023 2075 3099 agricolas
2105 3026 2207 3098 qui
2248 3016 2551 3100 pudefacti,

455 3127 516 3180 et
552 3137 663 3196 per
697 3122 983 3181 vinitores
1021 3127 1124 3199 qui
1160 3124 1487 3200 ejularunt,
1548 3141 1735 3200 super
1775 3125 1969 3182 tritico
2014 3131 2075 3183 et
2112 3141 2299 3200 super
2334 3121 2549 3187 hordeo,

453 3221 864 3297 significantur
900 3222 988 3281 illi
1024 3226 1127 3299 qui
1161 3224 1236 3282 ab
1271 3225 1568 3297 Ecclesia,
1624 3231 1683 3282 et
1729 3212 1841 3300 per
1875 3226 2135 3283 triticum
2174 3231 2235 3284 et
2280 3241 2391 3300 per
2433 3222 2550 3279 hor·

456 3321 636 3382 deum
671 3323 1039 3401 significatur
1073 3324 1293 3383 bonum
1334 3325 1467 3401 ejus
1506 3332 1565 3383 et
1599 3342 1808 3383 verum
1847 3325 2007 3400 ejus3
2075 3331 2134 3383 et
2170 3341 2280 3400 per
2321 3334 2550 3381 messem

453 3425 585 3499 agri
613 3442 769 3500 quae
804 3424 941 3482 inde
977 3426 1186 3500 periit,
1242 3423 1611 3501 significatur
1638 3427 1828 3502 omnis
1867 3426 2061 3483 cultus
2100 3442 2175 3482 ex
2209 3424 2347 3482 illis.
2398 3414 2552 3497 Apud
2653 3424 2654 3427 ’

450 3522 777 3585 Jeremiam
821 3521 1079 3602 „Super
1128 3541 1339 3584 omnes
1377 3521 1567 3583 colle-9
1614 3524 1685 3584 in
1721 3524 1965 3584 deserto
2008 3528 2307 3584 venerunt
2355 3523 2548 3585 vasta-

446 3628 635 3701 tores,
691 3625 845 3705 quia
879 3620 1150 3703 ⁸elladius
1188 3622 1464 3684 Jehovae
1512 3622 1821 3683 devorans
1866 3644 1909 3685 a
1936 3625 2072 3705 fine
2127 3629 2336 3684 terrae
2386 3634 2555 3699 usque

447 3722 538 3782 ad
575 3727 774 3804 finem
811 3729 1050 3784 tem-ae:
1100 3744 1227 3784 non
1253 3742 1401 3804 pam
1448 3720 1575 3784 ulli
1618 3723 1827 3800 carni,
1884 3730 2173 3786 severunt
2213 3724 2459 3797 tritica,
2504 3719 2551 3776 et

449 3821 676 3899 spinas
727 3829 1170 3884 messuerunt“
1223 3824 1379 3885 XII:
1454 3827 1562 3883 12.
1612 3826 1698 3883 13
1720 3845 1737 3900 3
1808 3827 1986 3883 etiam
2025 3824 2178 3884 haec
2229 3825 2389 3882 dicta
2437 3824 2552 3879 sunt

447 3918 524 3978 de
563 3919 840 3982 Ecclesia
876 3929 937 3981 et
988 3926 1120 4002 ejus
1173 3927 1538 4000 vastatione3
1593 3943 1706 4001 per
1756 3926 1943 3985 colles
1993 3927 2053 3984 in
2102 3925 2342 3984 deserto
2392 3934 2552 3997 super

446 4035 598 4095 quos
636 4032 927 4080 venerunt
963 4031 1331 4096 vastatores,
1369 4025 1738 4101 significatur
1767 4027 1927 4102 quod
1964 4043 2135 4086 omne
2164 4025 2384 4084 bonum
2423 4022 2549 4081 cha-

445 4117 638 4176 ritatis
676 4122 924 4194 perierit
964 4140 1074 4198 per
1118 4125 1276 4183 mala
1312 4132 1371 4184 et
1419 4126 1600 4200 falsa,
1659 4126 1845 4185 colles
1888 4129 1947 4184 in
1992 4126 2195 4186 Verbo
2234 4124 2550 4202 significant

443 4217 547 4279 ubi
580 4217 800 4279 bonum
829 4219 1154 4296 charitatis,
1196 4230 1254 4282 et
1280 4226 1338 4282 in
1370 4241 1553 4283 sensu
1585 4226 1894 4286 abstracto
1919 4229 2120 4304 ipsum
2148 4226 2296 4285 illud
2322 4224 2547 4291 bouum,
