2791 4778
362 317 600 407 CAPUT
638 352 942 409 sEx'rUM.
1744 356 1955 412 VERs=
1998 361 2051 418 4.
2208 365 2317 419 235

214 533 254 574 a
283 510 595 593 propheta
641 529 838 589 usque
874 509 965 572 ad
1007 512 1395 574 sacerdotem
1435 514 1649 593 quivis
1689 514 1865 595 facit
1898 514 2316 590 mendacium,

210 618 266 673 et
301 617 536 674 sanant
586 612 1073 691 confractionem
1099 610 1287 693 filiae
1317 612 1545 694 populi
1582 614 1840 694 meiper
1873 612 2122 676 nullius
2147 634 2316 694 pon-

211 713 374 775 deris
415 713 700 783 verbum,
752 710 1014 773 dicendo
1046 731 1191 792 pax
1217 731 1393 792 pax,
1449 719 1587 775 cmm
1631 734 1756 775 non
1794 714 1886 776 ait
1917 718 2105 795 paoe“
2146 716 2317 775 VIII:

217 815 316 873 10.
358 816 436 871 11
465 821 492 871 :'
539 811 704 891 apud
749 812 1018 872 Eundem
1062 858 1105 888 „
1124 811 1264 876 Vox
1318 811 1621 876 clamoris
1649 822 2020 895 pastorum,
2077 822 2136 874 et
2178 815 2314 898 eju-

209 910 371 974 latus
422 913 790 993 potentium
830 913 1080 993 yreyis,
1143 898 1298 993 quia
1361 922 1629 976 vastam
1680 915 1964 976 Jehoval:
1996 934 2318 996 pascuum

209 1032 402 1084 suum,
450 1012 626 1075 unde
667 1013 1033 1074 devastatae
1073 1019 1223 1074 sunt
1256 1013 1481 1098 caulae
1509 1016 1701 1095 pacis
1718 1021 1983 1095 propter
2022 1014 2317 1076 ardorem

207 1113 336 1174 irae
372 1112 703 1174 Jelzovae“
759 1113 980 1174 XXV:
1040 1117 1151 1175 36.
1196 1116 1281 1175 37
1306 1137 1321 1175 :
1376 1117 1539 1191 apud
1579 1117 1871 1175 Davidem
1915 1114 2111 1190 „Non
2151 1115 2313 1176 inte-

206 1189 405 1293 ,orizae
465 1212 541 1274 in
598 1233 785 1275 eamne
831 1232 975 1274 mea
1037 1222 1297 1298 propter·
1346 1214 1856 1296 indignationem
1920 1222 2125 1287 tuam,
2192 1233 2317 1276 non

201 1332 327 1392 paco
394 1314 467 1375 in
532 1313 790 1375 ossibus
848 1313 1009 1374 meis
1055 1323 1318 1395 propter
1365 1324 1694 1395 peecatum
1755 1319 2008 1376 meum“'
2073 1316 2312 1375 Psalm:

205 1413 572 1474 XXXVIII:
644 1419 718 1473 4:
783 1418 844 1474 in
902 1414 1157 1474 Threnis
1214 1415 1546 1491 „Satiavz't
1601 1436 1699 1498 me
1749 1415 2311 1490 amaritudinibus,

202 1512 529 1575 inebriavit
567 1534 669 1575 ‘me
699 1513 1016 1576 absinthio
1029 1534 1057 1587 ,·
1109 1522 1170 1577 et
1205 1523 1449 1578 remota
1487 1525 1583 1579 est
1619 1537 1661 1578 a
1691 1507 1851 1597 paee
1894 1516 2116 1577 anima
2152 1535 2312 1592 mea,

206 1611 424 1676 oblitus
457 1634 609 1675 sum
648 1616 836 1676 boni“
873 1616 996 1674 111:
1042 1619 1151 1675 15.
1199 1622 1225 1675 l
1249 1624 1316 1678 7:
1370 1625 1614 1694 praeter
1649 1618 1805 1677 alibi.
1862 1617 2157 1694 Quoniam
2185 1618 2315 1676 Pax

202 1716 258 1771 in
297 1731 405 1774 sua
449 1719 654 1792 prima
699 1720 924 1794 origine
963 1722 1057 1776 est
1107 1734 1179 1775 ex
1233 1721 1450 1779 unione
1490 1719 1691 1796 Ipsius
1743 1720 1948 1780 Divini
1987 1735 2057 1776 ac
2106 1719 2313 1778 Divini

205 1813 451 1874 Humani
484 1820 551 1875 in
592 1817 880 1887 Domino,
929 1823 988 1874 et
1023 1816 1160 1875 inde
1196 1836 1233 1877 a
1265 1819 1523 1878 Domino
1563 1822 1624 1878 in
1659 1820 2070 1895 conjunctione
2106 1819 2309 1895 Ipsius

204 1930 325 1972 cum
365 1915 555 1976 Coelo
601 1924 661 1976 et
707 1935 837 1976 cum
888 1917 1194 1993 Ecclesia,
1250 1926 1310 1978 et
1357 1917 2052 1996 apud'unumquemque
2108 1919 2190 1977 ibi
2250 1921 2311 1977 in

204 2017 612 2093 conjunctione
642 2018 781 2077 boni
810 2024 869 2077 et
895 2019 1040 2092 veri,
1070 2017 1205 2079 ideo
1234 2019 1633 2094 Summum,
1672 2019 1834 2096 quod
1857 2019 1966 2078 suit
1991 2021 2304 2079 sanctissi-

200 2131 349 2174 mum
398 2117 717 2177 Ecclesiae
772 2122 1385 2195 repraesentativum,
1442 2121 1665 2180 dictum
1718 2126 1810 2179 est
1868 2137 1906 2176 a
1954 2122 2153 2194 quiete
2203 2137 2312 2179 seu

202 2233 374 2291 pace:
432 2225 492 2277 et
530 2219 669 2278 ideo
718 2235 958 2295 quoque
1001 2217 1377 2292 Sacamum,
1432 2238 1587 2297 quae
1640 2221 1801 2278 dict-a
1853 2219 2091 2278 suerunt
2125 2220 2309 2278 Pact-

206 2332 366 2392 uca,
418 2318 705 2378 mandata
751 2327 920 2395 sunt,
976 2320 1050 2378 de
1105 2320 1319 2397 quibus
1365 2321 1640 2380 videatur
1682 2319 1886 2379 Exod:
1938 2318 2188 2378 XXIV:
2247 2314 2343 2378 5.'

209 2414 357 2491 Cap:
394 2418 676 2479 XXXII:
722 2422 781 2479 6.
835 2421 1038 2480 Levit:
1081 2420 1205 2480 III:
1258 2423 1319 2481 3.
1378 2420 1537 2498 Cap:
1582 2420 1699 2480 IV:
1745 2422 1855 2478 20.
1900 2423 2010 2479 26.
2049 2421 2160 2479 31.
2195 2421 2307 2477 35.

209 2512 362 2592 Cap:
396 2517 514 2578 VI:
563 2522 619 2580 5.
677 2520 834 2596 Cap:
876 2520 1029 2580 VII:
1076 2524 1184 2582 11.
1239 2521 1386 2597 Cap.
1434 2522 1620 2581 XIV:
1665 2522 1777 2580 20.
1813 2524 1923 2578 21.
1969 2522 2078 2579 33.
2139 2519 2306 2595 Cap:

202 2613 408 2676 XVII:
449 2622 503 2678 5.
566 2620 725 2698 Cap:
760 2620 952 2681 XIX:
997 2624 1055 2682 5.
1105 2621 1440 2682 Num:V1=
1495 2626 1605 2681 17.
1661 2620 1897 2680 Ezech:
1935 2620 2140 2680 XLV:
2192 2621 2299 2679 15.

200 2715 373 2776 Amos
412 2719 497 2780 V:
548 2725 674 2797 22,
730 2728 790 2779 et
839 2721 1011 2780 alibi:
1077 2728 1137 2781 et
1170 2724 1305 2783 ideo
1355 2722 1430 2782 de
1465 2723 1746 2783 Jehovah
1782 2722 1994 2780 dicitur
2031 2721 2190 2797 quod
2226 2738 2300 2780 ex
2348 2716 2510 2777 [501]

200 2815 573 2880 Holocaustis
610 2823 894 2882 odoratus
931 2824 1009 2881 sit
1045 2821 1314 2883 Ononem
1349 2840 1617 2899 oure-ns,
1661 2823 1864 2882 Exod:
1900 2821 2150 2882 XXIX:
2197 2825 2226 2880 1
2248 2825 2305 2881 8.

205 2918 306 2976 25.
339 2922 450 2979 41.
509 2922 718 2983 Levit:
770 2927 830 2983 9.
869 2925 1135 2983 13.17.
1193 2922 1341 3001 Cap:
1383 2924 1465 2984 H:
1509 2930 1570 2983 2.
1603 2926 1663 2983 9.
1718 2922 1879 3000 Cap:
1917 2922 2042 2981 VI:
2094 2925 2303 2998 8.14.

201 3015 345 3095 Cap:
397 3021 652 3083 XXIII:
724 3025 830 3081 12.
885 3025 997 3084 13.
1056 3026 1169 3081 18.
1255 3025 1447 3085 Num:
1491 3024 1649 3085 XV:
1710 3027 1772 3085 3.
1835 3029 1892 3084 7.
1960 3026 2067 3084 13.
2139 3022 2303 3100 Cap:

198 3114 489 3181 XXVIII:
541 3127 599 3182 6.
639 3129 699 3185 8.
739 3126 847 3184 13.
907 3124 1070 3201 Cap:
1106 3124 1357 3184 XXIX:
1402 3129 1462 3183 2.
1501 3128 1560 3185 6.
1602 3128 1663 3185 8.
1703 3128 1807 3184 13.
1849 3126 1971 3200 363
2009 3143 2120 3201 per
2156 3124 2307 3183 odo-

197 3233 310 3277 rem
356 3225 575 3297 quietis
613 3225 979 3302 significatur
1012 3229 1322 3302 perceptio
1357 3229 1545 3302 pacis.

339 3323 500 3383 366.
575 3325 656 3386 Ut
693 3326 795 3384 alii
831 3327 982 3385 alios
1026 3326 1336 3404 occidant,
1394 3326 1554 3403 quod
1589 3327 1882 3403 significet
1928 3325 2302 3385 falsificatio-

195 3434 319 3477 nem
368 3439 478 3482 seu
536 3429 989 3487 exstinctionem
1036 3428 1387 3501 veritatum,
1463 3433 1696 3485 constat
1738 3443 1809 3485 ex
1870 3424 2303 3500 significatione

199 3520 489 3598 occidere,
550 3527 712 3601 quod
759 3529 837 3586 sit
889 3529 1263 3603 exstinguere
1314 3544 1493 3597 vera,
1562 3545 1698 3585 nam
1751 3542 1861 3602 per
1914 3524 2187 3582 occidere
2243 3525 2304 3580 in

197 3614 384 3680 Verbo
434 3626 808 3701 significatur
854 3627 1127 3688 occidere
1175 3628 1599 3703 spiritualiter,
1653 3644 1763 3686 seu
1809 3623 2080 3684 occidere
2118 3624 2302 3699 spiri-

195 3719 346 3779 tuale
395 3724 652 3785 hominis
688 3734 793 3786 aut
848 3731 1108 3787 animum
1156 3727 1317 3804 ejus,
1382 3727 1544 3804 quod
1581 3734 1674 3787 est
1711 3727 2086 3802 exstinguere
2122 3742 2300 3800 vera3

194 3821 341 3891 quod
391 3828 571 3883 etiam
629 3829 710 3887 sit
762 3827 1111 3902 falsificare,
1194 3834 1288 3887 est
1341 3830 1481 3904 quia
1525 3845 1672 3887 vera
1724 3844 1855 3886 cum
1912 3825 2305 3885 falsificentur

195 3920 361 3978 etiam
409 3929 897 4005 exstinguuntur3
953 3946 1064 4005 per
1115 3928 1592 3988 falsificationem
1629 3931 1785 3987 enim
1825 3926 1894 3986 fit
1928 3926 2081 3986 alius
2119 3928 2299 3987 intel-

194 4013 373 4081 lectus
404 4042 629 4103 eorum,
667 4046 738 4088 ac
763 4047 973 4089 verum
1001 4036 1096 4087 est
1121 4046 1330 4088 verum
1360 4030 1551 4089 cm‘vis
1580 4029 1909 4090 secundum
1936 4028 2300 4089 intellectum

194 4115 263 4174 de
303 4137 400 4195 eo,
456 4142 621 4187 amor
661 4133 817 4189 enim
866 4137 926 4189 et
970 4131 1360 4206 principium,
1427 4148 1583 4206 quae
1635 4136 1888 4207 regnant
1933 4130 1994 4187 in
2046 4130 2301 4198 homine,

190 4218 423 4282 trahunt
461 4231 655 4290 omnia
691 4231 769 4291 ad
794 4248 880 4304 sc,
920 4237 980 4290 et
1008 4230 1313 4310 applicant
1349 4229 1480 4307 sibi,
1520 4233 1700 4291 etiam
1737 4233 1873 4308 ipsa
1912 4246 2072 4303 vera,
2114 4245 2298 4304 quare
