2791 4778
365 386 602 444 CAPUT
640 387 954 443 SEXTUM.
1734 385 1943 441 VERS:
1989 398 2057 450 9,.
2214 400 2321 464 353

217 565 319 608 seu
385 550 491 623 qui
548 549 730 605 vitam
790 548 965 622 quasi
1030 545 1407 622 spiritualem
1466 549 1717 620 egerunt
1783 546 1975 606 solum
2041 566 2114 609 ex
2173 549 2322 610 affe-

210 652 403 708 ctione
446 664 558 706 seu
594 663 795 706 amore
843 647 1069 720 famae,
1108 646 1382 721 honoris,
1436 645 1696 722 gloriae,
1741 646 1922 719 lucri,
1961 651 2043 708 ita
2077 657 2326 727 propter

212 750 660 827 apparentiam3
713 746 778 806 hi
812 748 1051 807 tametsi
1090 748 1342 805 interius
1379 745 1521 805 mali
1557 747 1814 821 suerunt,
1865 766 2056 825 usque
2088 751 2328 810 tolerati

214 859 374 924 sunt,
418 856 484 907 et
519 850 952 907 constituerunt
987 850 1306 906 societates
1342 850 1404 906 in
1438 846 1585 905 locis
1625 848 1971 908 editioribus
2006 852 2068 908 in
2102 851 2327 910 Mundo
2366 835 2385 858 ²

213 949 513 1026 spirituali
529 969 546 1025 3
601 948 717 1007 hae
767 950 1086 1007 societates
1135 947 1314 1006 simul
1361 953 1595 1006 sumtae
1644 947 1839 1008 dictae
1890 950 2129 1009 suerunt
2165 950 2324 1011 Coe-

210 1049 357 1126 lum,
417 1048 535 1108 sed
585 1052 752 1125 prius
792 1048 1040 1108 Coelum
1078 1048 1236 1123 quod
1290 1055 1504 1125 postea
1554 1051 1829 1107 transivit
1846 1071 1862 1126 3
1917 1051 2054 1110 inde
2103 1052 2329 1113 factum

213 1159 326 1224 est,
386 1149 558 1227 quod
603 1166 807 1208 omnes
855 1149 942 1207 illi
991 1150 1093 1224 qui
1144 1148 1490 1225 spirituales
1543 1149 1812 1223 fuerunt,
1867 1152 1982 1211 hoc
2038 1158 2156 1223 est,
2208 1170 2328 1212 non

212 1252 400 1312 solum
438 1253 710 1309 exterius
748 1250 858 1309 sed
908 1251 1087 1307 etiam
1136 1250 1385 1307 interius
1435 1248 1605 1325 boni,
1661 1267 1777 1308 non
1823 1251 2001 1311 simul
2036 1270 2171 1311 cum
2207 1252 2327 1312 illis

212 1369 337 1412 esse
377 1354 728 1428 potuerint,
785 1351 893 1409 sed
935 1350 1012 1408 ab
1046 1350 1166 1408 illis
1203 1352 1569 1408 secesserint
1616 1350 1714 1409 vel
1762 1369 1875 1411 sua
1917 1359 2170 1429 sponte,
2228 1353 2327 1414 vel

213 1454 549 1529 profugati,
620 1469 691 1509 ac
752 1450 856 1511 ubi
906 1452 1130 1509 inventi
1187 1452 1688 1527 persequutiones
1735 1455 1903 1527 passi
1955 1455 2105 1528 sint,
2170 1472 2327 1531 qua-

211 1560 460 1630 propter
501 1552 588 1610 illi
634 1570 669 1609 a
703 1553 961 1611 Domino
1009 1551 1192 1609 abditi
1240 1558 1407 1624 sunt,
1466 1568 1535 1610 ac
1584 1554 1643 1609 in
1687 1555 1813 1611 suis
1847 1553 1997 1613 locis
2033 1556 2330 1615 reservati

213 1655 284 1713 ad
318 1655 486 1714 diem
521 1652 773 1726 Judicii‚
826 1658 893 1709 ut
929 1669 1147 1710 novum
1201 1651 1450 1710 Coelum
1498 1655 1989 1714 constituerem?
2015 1655 2075 1712 hi
2124 1656 2330 1731 itaque

213 1761 377 1829 sunt,
443 1755 548 1829 qui
582 1753 993 1828 intelliguntur
1028 1769 1139 1828 per
1187 1755 1416 1811 animas
1468 1756 1796 1812 occisorum
1847 1756 2009 1814 visas
2053 1755 2164 1814 sub
2212 1755 2327 1815 Al-

212 1858 348 1930 tari3
406 1854 552 1913 inde
591 1860 760 1929 patet
797 1853 950 1928 quod
989 1870 1099 1928 per
1144 1854 1373 1911 occisos
1412 1854 1817 1930 significentur
1860 1858 1962 1931 qui
2012 1857 2220 1933 rejecti
2268 1862 2331 1916 et

215 1954 423 2031 abditi3
504 1961 672 2012 erant
719 1956 876 2011 enim
923 1953 1056 2011 odio
1111 1951 1300 2011 habiti
1349 1972 1384 2011 a
1434 1955 1679 2029 reliquis
1742 1962 1989 2032 propter
2046 1956 2330 2016 Divinum

217 2054 443 2114 Verum
486 2061 546 2113 et
591 2060 838 2131 propter
887 2054 1323 2113 consessionem
1365 2053 1634 2127 Domini3
1692 2062 1752 2113 et
1788 2059 1888 2130 qui
1923 2056 2058 2113 odio
2091 2056 2326 2116 haben-

167 2155 176 2164 '
216 2161 306 2213 tur
339 2156 433 2214 illi
472 2155 745 2213 dicuntur
780 2156 989 2226 occisi,
1046 2171 1182 2211 nam
1221 2155 1355 2213 odio
1390 2154 1616 2212 habere
1656 2162 1750 2213 est
1786 2156 2179 2230 spiritualiter
2222 2173 2329 2215 oc-

218 2255 447 2315 cidere:
504 2253 664 2331 quod
716 2252 798 2314 illi
851 2255 1260 2329 intelligantur
1307 2272 1419 2331 per
1471 2254 1697 2312 animas
1750 2257 2113 2329 occisorum,
2179 2273 2326 2315 con-
2365 2255 2526 2319 [578]

217 2362 376 2416 stare
417 2358 594 2416 etiam
629 2362 832 2432 potest
869 2373 943 2414 ex
980 2355 1095 2415 illis
1133 2372 1287 2431 quae
1324 2361 1658 2432 sequuntur
1712 2356 1769 2413 in
1818 2355 1971 2414 binis
2009 2355 2327 2429 VersibuS,

219 2457 320 2513 ubi
370 2457 445 2515 (le
478 2456 590 2515 illis
628 2459 710 2515 ita
746 2456 959 2515 dieitur
997 2455 1141 2530 „Et
1191 2453 1551 2516 clamabant
1592 2474 1734 2515 voce
1774 2474 2015 2535 mayna
2032 2501 2049 2531 ,
2106 2456 2327 2517 dicen-

222 2560 348 2631 tes,
405 2575 594 2635 usque
628 2576 748 2635 quo
799 2555 1106 2632 Domine,
1160 2555 1273 2635 qui
1315 2555 1592 2617 Sanctus
1641 2563 1700 2617 et
1764 2555 1993 2630 Verus,
2046 2576 2171 2617 non
2205 2556 2328 2639 ju-

218 2655 401 2718 dicas
436 2662 497 2716 et
544 2656 837 2718 vindicas
884 2658 1260 2737 sanquinem
1297 2664 1585 2718 nostrum
1625 2654 1704 2716 de
1745 2655 2178 2718 habitantibus
2213 2659 2329 2719 δαὶ·

209 2778 323 2838 per
360 2764 572 2819 terra.-
636 2765 697 2819 et
738 2757 929 2819 datae
968 2756 1255 2837 sinyulis
1295 2755 1502 2818 stolae
1548 2756 1758 2835 albae,
1813 2762 1872 2818 et
1929 2757 2172 2819 dictum
2213 2757 2328 2833 eis,

217 2866 285 2919 ut
321 2859 779 2938 requiescerent
820 2858 1030 2919 adhuc
1070 2866 1317 2938 tempus
1345 2878 1653 2938 parvum,
1717 2878 1915 2938 usque
1960 2858 2115 2920 dum
2158 2878 2327 2920 com-

209 2957 468 3038 plentur
520 2964 579 3017 et
648 2959 930 3022 conservi
975 2978 1190 3022 eorum
1241 2968 1303 3021 et
1360 2961 1614 3039 fratres
1676 2979 1891 3020 eorum
1949 2961 2064 3039 qui
2103 2957 2333 3039 futuri

220 3059 490 3141 interfici
532 3061 701 3122 sicat
746 3067 806 3120 et
855 3056 963 3120 illi
982 3063 1050 3119 .·“
1108 3062 1266 3137 quod
1312 3061 1429 3135 illi,
1497 3061 1569 3119 de
1624 3061 1840 3136 quibus
1889 3078 2046 3123 nunc
2108 3062 2331 3120 dictum

222 3168 333 3236 est,
394 3178 507 3237 per
558 3164 787 3219 occisos
836 3160 1277 3238 intelligantur,
1345 3179 1519 3221 nemo
1567 3162 1722 3221 scire
1775 3169 2007 3239 potest,
2066 3164 2182 3221 nisi
2234 3162 2333 3219 cui

222 3262 551 3321 revelatum
589 3269 708 3336 est3
749 3265 882 3337 quis
921 3264 1074 3320 enim
1112 3265 1254 3334 scit,
1305 3264 1422 3320 nisi
1458 3279 1531 3320 ex
1568 3262 1964 3333 revelatione,
2002 3281 2075 3321 ex
2115 3262 2330 3338 quibus

220 3365 380 3436 prius
434 3360 716 3435 Coelum,
788 3363 863 3422 de
916 3380 1031 3439 quo
1077 3365 1137 3421 in
1188 3363 1562 3439 Apocalypsi
1611 3362 1770 3438 Cap:
1824 3358 2010 3420 XXI:
2069 3366 2125 3436 1,
2182 3377 2329 3419 con-

224 3464 482 3535 stiterat,
560 3468 619 3521 et
677 3481 750 3522 ex
815 3463 1030 3539 quibus
1093 3481 1310 3523 novum
1374 3463 1620 3522 Coelum
1680 3462 1996 3520 formatum
2062 3466 2153 3519 est
2168 3479 2185 3534 ;
2271 3465 2334 3518 ot

224 3563 378 3637 quod
411 3563 528 3631 illi,
583 3580 659 3622 ex
695 3563 911 3640 quibus
949 3580 1166 3621 novum
1204 3562 1452 3622 Coelum
1503 3561 1874 3621 formandum
1919 3567 2039 3635 est,
2100 3561 2333 3617 interea

224 3678 257 3719 a
306 3664 566 3723 Domino
615 3664 907 3739 reconditi
963 3671 1023 3722 et
1075 3667 1369 3723 reservati
1423 3665 1642 3722 fuerint
1656 3682 1673 3736 3
1734 3667 1796 3720 et
1843 3663 1959 3719 nisi
2003 3659 2107 3719 illa
2152 3657 2334 3717 alicui

224 3763 484 3822 revelata
518 3765 799 3837 fuissent,
850 3764 1172 3823 latuissent
1208 3766 1407 3823 omnia
1441 3764 1546 3822 illa
1581 3779 1735 3837 quae
1772 3763 1831 3819 in
1864 3754 2235 3837 Apocalypsi
2268 3759 2333 3818 in

226 3878 398 3923 sensu
435 3868 668 3923 interno
706 3867 1112 3940 continentur,
1167 3882 1303 3923 nam
1341 3865 1424 3922 ibi
1450 3866 1647 3940 agitur
1674 3860 2085 3939 principaliter
2120 3859 2195 3918 de
2230 3864 2331 3918 ta-

224 3960 373 4022 libus
420 3982 578 4042 quae
633 3966 835 4024 futura
884 3973 1054 4025 erant
1105 3968 1164 4024 in
1216 3965 1439 4024 Mundo
1492 3963 1790 4040 spirituali
1851 3971 1987 4020 ante
2044 3959 2336 4022 Ultimum

226 4061 551 4132 Judicium.
604 4073 729 4124 tum
766 4083 921 4142 quae
959 4068 1020 4124 in
1052 4066 1185 4139 illo,
1244 4082 1316 4125 ac
1353 4071 1493 4142 post
1530 4063 1697 4122 illud.
1782 4062 1959 4139 Quod
1986 4080 2094 4140 per
2126 4060 2332 4120 Testi-

228 4168 480 4224 monium
509 4168 879 4263 significetur
915 4167 1210 4225 confessio
1246 4165 1491 4224 Domini
1527 4171 1587 4223 et
1629 4164 1771 4241 Ipse
1807 4164 2131 4237 Dominus,
2186 4179 2334 4222 con-

227 4267 376 4324 stare
412 4275 616 4345 potest
653 4284 729 4327 ex
761 4267 912 4326 locis
952 4270 1011 4324 in
1049 4267 1285 4338 Verbo,
1351 4282 1505 4342 quae
1560 4272 1923 4340 sequuntur-3
1979 4262 2334 4338 significatio

321 4379 752 4434 Snedenborg‚
797 4381 986 4433 Apocal.
1020 4379 1132 4433 expl.
1169 4381 1231 4417 11.
1934 4364 2020 4421 23
