2791 4778
321 361 559 417 -CAPUT
601 361 910 419 SEXTUM.
1693 361 1874 415 VERS
1896 384 1908 416 :
1955 371 2009 421 8.
2171 373 2280 425 319

210 528 352 581 terna
382 537 526 596 quae
566 526 655 578 est
697 521 944 596 spiritus
994 535 1149 594 quae
1199 523 1293 576 est
1342 533 1453 594 pro
1491 517 1709 577 mundo
1745 517 1848 576 ubi
1894 518 2124 595 angeli,
2183 523 2286 597 qui

209 621 426 679 mundus
460 621 784 697 spiritualis
831 626 1117 693 vocatur3
1173 618 1349 677 homo
1392 621 1546 677 enim
1600 618 1798 695 quoad
1843 635 2092 695 corpuS,
2149 619 2283 697 ejus

209 727 384 798 gestus
422 728 480 780 et
517 721 820 796 loquelam
860 726 953 778 est
988 722 1046 777 in
1083 717 1302 776 mundo
1339 719 1616 791 naturali,
1658 727 1716 777 at
1754 719 1953 794 quoad
1988 722 2280 797 spiritum,

207 838 388 897 nempe
429 819 628 897 quoad
663 822 1081 895 cogitationem
1117 825 1176 876 et
1213 818 1583 877 affectionem
1623 826 1717 877 est
1750 821 1810 877 in
1846 820 2064 881 mundo
2101 823 2281 897 spiri-

207 922 350 997 tuali3
403 924 624 998 quippe
664 923 819 979 sicut
855 922 1019 978 visus
1059 921 1322 994 corporis
1367 921 1774 978 extensionem
1809 919 1991 978 habet
2025 922 2085 978 in
2108 938 2286 980 mun-

207 1021 317 1079 dum
351 1021 717 1090 naturalem,
766 1027 828 1079 et
871 1021 955 1078 ibi
1002 1020 1445 1093 circumfertur,
1501 1022 1586 1078 ita
1634 1022 1800 1079 visus
1848 1022 2126 1097 spiritus,
2185 1025 2285 1098 qui

209 1128 283 1180 cst
334 1124 608 1198 cogitatio
666 1139 738 1180 ex
788 1121 1130 1192 affectione,
1202 1121 1606 1178 extensionem
1660 1120 1843 1180 habet
1889 1123 1951 1178 in
2001 1122 2286 1206 mundum

205 1222 568 1297 spiritualem,
628 1229 688 1281 et
733 1222 817 1280 ibi
863 1221 1309 1280 circumfertur:
1367 1220 1528 1295 quod
1575 1223 1658 1278 ita
1693 1223 1801 1290 sit,
1853 1224 2032 1297 pauci
2066 1225 2281 1297 sciunt,

202 1327 251 1378 et
278 1323 398 1381 inde
434 1328 655 1399 putant
690 1322 849 1396 quod
885 1323 1146 1397 cogitare
1197 1320 1352 1379 male
1401 1327 1463 1379 et
1503 1320 1662 1380 velle
1710 1322 1866 1381 male
1901 1322 2046 1379 nihil
2085 1323 2284 1393 faciat,

200 1422 346 1481 modo
392 1440 510 1481 non
567 1423 749 1480 faciat
800 1420 957 1479 male
1010 1428 1070 1479 et
1118 1422 1398 1495 loquatur
1452 1421 1639 1496 male3
1696 1422 1804 1479 sed
1851 1439 2043 1498 usque
2093 1425 2282 1482 omnis

199 1525 446 1598 cogitatio
497 1529 568 1583 et
620 1520 896 1579 voluntas
948 1522 1130 1580 afficit
1179 1504 1455 1596 spiritum
1504 1520 1789 1592 hominis,
1853 1529 1914 1581 et
1961 1522 2103 1580 facit
2150 1524 2282 1601 ejus

199 1623 352 1681 vitam
385 1630 532 1700 post
568 1629 834 1680 mortem.
910 1621 1085 1696 Quod
1121 1622 1286 1679 ferae
1323 1621 1518 1679 malae
1556 1621 1889 1697 significent
1924 1622 2282 1698 cupiditates

202 1727 250 1778 et
277 1722 397 1783 inde
435 1723 734 1782 falsitates
773 1722 1054 1781 oriundas
1093 1739 1166 1780 ex
1219 1738 1420 1780 amore
1457 1723 1550 1780 sui
1592 1728 1651 1781 et
1690 1723 1922 1797 mundi,
1977 1740 2130 1799 quae
2167 1739 2279 1781 va-

197 1829 334 1881 stant
366 1825 567 1882 omnia
601 1823 912 1881 Ecclesiae
948 1821 1110 1898 apud
1146 1820 1477 1897 hominem,
1535 1829 1594 1881 et
1631 1840 1866 1898 quoque
1902 1825 1963 1880 in
2005 1825 2281 1900 opposito

201 1937 354 1980 sensu
400 1925 752 1983 affectiones
790 1925 916 1981 veri
955 1939 1107 1997 quae
1149 1921 1455 1980 vivificant
1504 1925 1700 1980 omnia
1734 1922 2076 1997 Ecclesiae,
2134 1942 2278 1983 con-

196 2028 332 2081 stare
366 2030 632 2100 potesta
659 2022 1050 2098 sequentibus
1083 2022 1178 2080 his
1213 2022 1361 2081 locis
1397 2023 1460 2080 in
1493 2022 1727 2098 Verb03
1767 2022 1926 2098 apud
1953 2024 2283 2085 Jeremiam

199 2120 332 2195 „Ita
361 2131 736 2205 cmtyreyate
762 2141 1002 2182 omnem
1022 2122 1241 2202 feram
1269 2121 1440 2201 ayri,
1468 2123 1667 2182 venite
1691 2120 1782 2181 ad
1807 2122 2281 2196 comedendum;

183 2230 443 2299 pastores
498 2222 695 2285 multi
733 2222 1156 2304 perdiderunt
1205 2221 1451 2282 vineam
1512 2240 1715 2280 meam
1741 2265 1758 2296 ,
1835 2220 2280 2284 conculcarunt

193 2338 397 2402 cyrum
418 2343 649 2402 meum,
677 2325 1050 2404 redeyerunt
1081 2341 1313 2404 ayrum
1337 2321 1647 2383 desiderii
1674 2312 1844 2411 [mei]
1864 2321 1935 2381 in
1960 2322 2279 2384 desertum

193 2420 589 2487 solitudinis“
635 2428 791 2488 XII:
839 2428 898 2484 9.
946 2427 1068 2484 1οε
1126 2426 1320 2502 agitur
1353 2424 1451 2483 hic
1488 2424 1562 2483 de
1598 2426 1931 2482 vastatione
1965 2425 2277 2484 Ecclesiae

198 2525 380 2598 quoad
414 2528 539 2603 ejus
570 2545 717 2588 vera
764 2535 826 2586 et
854 2525 1049 2601 quoad
1082 2525 1212 2601 ejus
1255 2526 1442 2598 bona,
1482 2525 1740 2582 vastatio
1786 2524 2143 2583 describitur
2167 2543 2278 2601 per

192 2625 336 2698 quod
373 2640 643 2702 pastores
690 2627 1060 2705 perdiderint
1101 2629 1333 2685 vineam
1368 2625 1638 2700 Domini,
1697 2631 1757 2684 et
1796 2625 2279 2684 conculcaverint

187 2740 372 2799 agrum
393 2728 612 2805 Ipsius,
651 2746 761 2805 per
788 2735 1064 2805 pastores
1096 2726 1508 2802 intelliguntur
1538 2727 1640 2802 qui
1668 2726 1880 2786 docent
1901 2743 2044 2785 vera
2072 2732 2132 2785 et
2164 2743 2276 2804 per

185 2823 275 2881 illa
295 2827 520 2888 ducunt
560 2830 638 2887 ad
662 2829 883 2888 bonum
910 2831 1088 2897 vitae,
1123 2827 1217 2885 hic
1247 2828 1347 2903 qui
1371 2826 1587 2885 docent
1608 2827 1764 2885 falsa
1792 2833 1851 2885 et
1879 2845 1988 2903 per
2019 2827 2124 2886 illa
2160 2828 2273 2888 du·-

185 2933 307 2984 cunt
327 2929 401 2988 ad
425 2930 646 2987 malum
665 2931 849 3006 vitae3
890 2947 1001 3006 per
1025 2930 1258 2986 vineam
1278 2926 1629 3003 intelligitur
1647 2927 1920 2986 Ecclesia
1947 2929 2143 3004 quoad
2161 2945 2271 2989 ve-

183 3041 252 3098 ra,
280 3036 335 3086 et
358 3048 472 3106 per
503 3047 709 3106 agrum
737 3030 1013 3089 Ecclesia
1040 3028 1236 3104 quoad
1266 3028 1507 3103 bonum3
1546 3031 1800 3087 vastatio
1829 3028 1958 3105 ejus
1985 3029 2271 3107 intelligi·
2312 3035 2472 3099 [556]

183 3128 262 3183 tur
283 3147 390 3205 per
430 3130 591 3205 quod
630 3130 997 3206 perdiderint
1025 3135 1084 3188 et
1108 3128 1620 3202 conculcaverint,
1675 3136 1801 3186 tum
1834 3147 1944 3205 per
1980 3131 2140 3207 quod
2174 3148 2274 3190 re·
2367 3195 2373 3201 ‚

182 3223 434 3303 degerint
459 3249 664 3306 agrum
703 3233 763 3288 in
800 3230 1101 3289 desertum
1134 3228 1502 3302 solitudinis3
1554 3236 1611 3288 et
1648 3231 1790 3305 quia
1826 3232 2184 3307 cupiditates
2215 3236 2275 3290 et

180 3323 458 3389 falsitates
502 3331 788 3389 oriundae
828 3349 894 3390 ex
925 3347 1125 3388 amore
1163 3330 1255 3387 sui
1285 3335 1343 3387 et
1383 3330 1587 3388 mundi
1622 3337 1861 3388 vastant
1897 3349 2059 3402 eam,
2120 3332 2272 3389 dici-

178 3431 260 3485 tur
289 3432 390 3504 ite,
446 3438 803 3507 congregate
841 3445 1074 3490 ornnem
1113 3431 1300 3487 feram
1348 3431 1505 3505 agri,
1577 3432 1775 3489 venite
1816 3431 1893 3488 ad
1946 3429 2270 3489 comeden-

180 3524 329 3604 dum,
387 3534 577 3589 omnis
627 3533 754 3591 fera
790 3533 915 3608 agri
953 3529 1247 3607 significat
1300 3529 1597 3588 falsitates
1637 3537 1698 3588 et
1735 3528 2096 3605 cupiditates
2131 3528 2271 3587 inde

177 3631 471 3704 oriundae,
526 3638 586 3690 et
622 3631 933 3690 comedere
972 3630 1267 3707 significat
1306 3637 1546 3689 vastare
1585 3636 1644 3688 et
1679 3645 2029 3687 consumere
2042 3649 2058 3704 3
2110 3628 2272 3704 quod

175 3744 273 3802 per
319 3733 508 3789 feram
544 3735 672 3807 agri
710 3750 824 3791 non
863 3732 1226 3807 intelligatur
1266 3730 1398 3788 fera
1443 3733 1572 3806 agri
1606 3735 1807 3806 patet,
1864 3747 2000 3787 nam
2054 3729 2270 3788 dicitur

177 3830 322 3903 qnod
353 3841 627 3907 pastores
665 3832 1033 3909 perdiderint
1069 3833 1337 3899 vineam,
1394 3836 1456 3888 et
1508 3829 1991 3890 conculcaverint
2040 3848 2269 3907 agrum,

175 3933 229 3985 et
262 3948 365 4005 per
398 3940 675 4008 pastores
720 3932 1131 4009 intelliguntur
1178 3937 1454 4006 pastores
1503 3931 1841 4004 Ecclesiae,
1909 3938 1969 3989 et
2003 3949 2121 3990 non
2157 3950 2273 4008 pa-

171 4036 348 4091 stores
386 4036 605 4109 gregis
661 4032 845 4109 Apud
880 4034 1173 4092 Davidem
1215 4030 1487 4106 „Quare
1521 4028 1840 4092 conculcat
1874 4030 2064 4093 vitem
2093 4039 2275 4093 taam

169 4146 308 4207 aper
352 4153 386 4191 e
458 4130 676 4214 sylva,
739 4141 799 4194 et
840 4135 992 4214 sera
1045 4150 1350 4210 ayrorum
1401 4130 1685 4211 depascit
1735 4128 1969 4193 τ’ἰίαφη(δν
2037 4132 2274 4193 Psalm:

169 4226 426 4293 LXXX:
479 4237 596 4311 143
675 4253 786 4312 per
851 4238 1036 4296 vitem
1095 4234 1191 4302 hic
1255 4231 1448 4291 simile
1519 4233 1886 4310 significatur
1949 4234 2108 4311 quod
2164 4252 2277 4309 per
