2791 4778
393 348 629 412 CAPUT
673 348 985 405 SEXTUM.
1746 351 1954 406 VERS:
2002 363 2089 414 16.
2248 364 2357 416 479

237 526 406 582 num,
464 511 562 567 cui
596 507 731 567 ideo
768 527 885 568 non
904 511 1132 570 ‘verum
1171 517 1230 569 et
1262 510 1486 569 bonum
1510 556 1525 583 ‚
1582 512 1692 570 sed
1736 528 1941 580 verum
1981 513 2359 575 falsificatum

238 610 395 685 quod
429 613 490 668 in
527 626 592 667 se
641 616 732 668 est
770 611 1020 682 falsum,
1079 618 1138 669 et
1173 611 1390 669 bonum
1435 611 1832 670 adulteratum
1873 613 2031 690 quod
2066 616 2126 672 in
2163 632 2228 673 se
2268 624 2360 676 est

234 712 488 787 ma1um3
547 728 730 785 quare
769 712 843 770 de
884 729 956 769 ea
991 713 1046 769 in
1085 712 1186 769 illo
1227 710 1436 787 Capite
1471 713 1713 785 dicitur,
1756 714 1914 789 quod
1950 713 2181 775 vidisti
2209 717 2354 796 ser-

233 831 376 873 rum
416 810 701 880 mia-tum
736 809 1157 891 cum-aryz'lla
1195 809 1349 881 luti,
1403 813 1881 874 commiscebant
1916 833 2119 893 seper
2153 835 2360 878 semen

232 912 540 986 homini-9,
599 911 710 970 sed
743 931 867 977 non
902 912 1310 989 cohaerebunt
1344 932 1541 973 unum
1577 932 1718 974 eum
1764 913 1992 989 altem,
2048 918 2352 993 quemad-

230 1014 496 1075 modum
519 1012 775 1091 ferrum
811 1032 933 1073 non
980 1014 1420 1073 commiscetur
1464 1033 1603 1074 oum
1653 1013 1916 1094 aryilla,
1974 1016 2161 1075 Vere:
2222 1021 2352 1095 433

231 1115 453 1174 ferrum
496 1113 790 1190 significat
825 1115 1374 1190 naturale-verum,
1450 1122 1509 1173 et
1545 1115 1756 1191 argilla
1790 1117 1899 1174 luti
1934 1118 2205 1177 naturale
2241 1119 2353 1177 bo-

233 1234 403 1290 num,
463 1214 737 1273 similiter
771 1216 959 1291 pedes
998 1223 1057 1274 et
1095 1233 1298 1290 crura,
1356 1216 1465 1275 sed
1512 1216 1593 1273 ibi
1637 1217 1848 1293 argilla
1902 1217 2195 1293 significat
2241 1219 2355 1278 bo·-

231 1334 368 1375 num
428 1315 860 1389 adulteratum,
947 1325 1005 1374 et
1057 1317 1275 1374 ferrum
1342 1335 1547 1375 verum
1614 1318 1789 1394 quale
1857 1325 1947 1375 est
2000 1320 2061 1375 in
2109 1326 2354 1377 externo

233 1434 416 1476 sensu
457 1416 676 1490 Verbi,
736 1433 940 1477 semen
974 1420 1145 1475 ‘enim
1196 1418 1450 1476 hominis
1502 1426 1594 1475 est
1652 1418 1920 1477 Verbum
1971 1419 2072 1477 ubi
2117 1438 2260 1477 vera.
2298 1427 2357 1479 et

230 1518 420 1591 bona,
490 1535 742 1593 quorum
786 1519 1261 1578 :adulterationes
1320 1527 1376 1576 et
1435 1518 1881 1578 falsificationes
1936 1520 2355 1580 describuntur

230 1637 339 1696 per
387 1619 610 1678 serrum
661 1621 910 1678 mixtum
951 1636 1085 1679 cum
1127 1621 1364 1696 argilla,
1420 1637 1571 1694 quae
1624 1637 1743 1679 non
1788 1620 2111 1680 cohaerent
2157 1640 2340 1681 unum
2382 1619 2548 1679 [660]

233 1738 368 1779 eum
406 1719 627 1777 altero:
685 1720 840 1795 quod
878 1728 1133 1796 quatuor
1178 1721 1488 1779 Ecclesiae
1539 1720 1785 1793 fuerint,
1843 1740 1960 1779 una
2007 1730 2146 1798 post
2194 1722 2349 1783 alte-

233 1838 390 1890 ram,
444 1820 721 1878 videatur
758 1823 817 1878 in
867 1821 1193 1880 Docvunu
1243 1822 1456 1881 NovAn
1509 1821 2003 1882 HmnosonYMAn
2057 1842 2123 1881 n:
2185 1827 2346 1883 247.

234 1924 423 1981 ⁴248:
479 1939 589 1997 per
631 1921 917 1997 Lapidem
970 1924 1071 1997 qui
1110 1924 1410 1999 percussit
1445 1929 1737 1995 statuam,
1796 1923 2143 2001 intelligitur
2179 1924 2352 1983 Divi-

236 2040 375 2079 num
416 2022 641 2081 Verum
694 2040 728 2079 a
776 2022 1063 2097 Domino:
1131 2022 1287 2097 quod
1339 2021 1439 2079 ille
1492 2021 1684 2079 sactus
1734 2026 1808 2080 sit
1850 2026 1908 2080 in
1945 2024 2180 2082 Petram
2219 2043 2352 2083 ma-

241 2140 446 2199 gnam,
503 2130 561 2180 et
605 2121 942 2200 impleverit
980 2129 1161 2181 totam
1217 2130 1465 2196 terram,
1532 2122 1823 2196 significat
1861 2123 2019 2197 quod
2057 2123 2350 2181 Dominus

236 2239 353 2298 per
384 2223 661 2280 Divinum
689 2223 914 2282 Verum
947 2223 1353 2281 dominaturus
1397 2224 1474 2281 sit
1513 2239 1698 2298 super
1739 2222 1986 2282 Coelum
2038 2230 2097 2282 et
2134 2224 2350 2282 Eccle-

247 2323 420 2395 siam,
458 2328 610 2379 terra
652 2323 735 2382 ibi
771 2331 863 2382 est
898 2325 1175 2382 Ecclesia
1212 2330 1270 2382 et
1307 2341 1546 2401 quoque
1591 2322 1869 2398 Coelum,
1935 2342 2121 2407 quare
2172 2326 2352 2382 etiam

253 2421 488 2497 dicitnr,
522 2474 523 2479 ,
554 2426 708 2500 quod
758 2425 1031 2502 Regnum
1086 2426 1199 2484 hoc
1255 2428 1315 2483 in
1366 2431 1672 2483 aeternum
1727 2425 1937 2500 stabit,
1996 2425 2180 2484 Vers:
2237 2428 2354 2497 44,

244 2540 357 2599 per
388 2523 655 2601 Regnum
694 2527 870 2585 etiam
908 2526 1275 2602 significatur
1326 2526 1599 2584 Ecclesia
1638 2532 1696 2584 et
1734 2524 2013 2597 coelum,
2076 2526 2159 2583 ibi
2195 2529 2351 2585 enim

245 2630 341 2696 est·
385 2624 656 2702 Regnum
706 2628 859 2685 Dei:
923 2628 1078 2703 quod
1124 2627 1410 2688 Divinum
1467 2625 1691 2685 Verum
1740 2643 1849 2702 per
1904 2626 2225 2702 Lapidem,
2291 2634 2354 2685 et

239 2723 530 2785 Dominus
569 2728 766 2804 quoad
801 2715 1084 2787 Divinum
1128 2727 1352 2786 Verum
1404 2744 1515 2803 per
1560 2727 1797 2785 Petram
1836 2727 1919 2786 ibi
1965 2726 2350 2802 iutelligatur‚

239 2833 478 2886 constat
519 2845 590 2887 ex
629 2829 1057 2905 significatione
1093 2827 1339 2904 Lapidis
1378 2829 1438 2884 in
1473 2826 1676 2885 Verbo
1715 2827 1817 2885 ubi
1857 2828 1930 2887 de
1971 2829 2247 2902 Domino,
2286 2834 2356 2886 ut

238 2927 476 2988 Genes:
514 2928 757 2999 XLIX:
802 2935 912 2988 24.
945 2930 1177 2988 Psalm:
1211 2926 1503 2987 CXVIII:
1549 2931 1659 2986 22.
1706 2929 1816 2987 23.
1849 2929 2013 3007 Esaj:
2052 2928 2350 2988 XXVIII:

240 3033 346 3090 16.
405 3029 631 3093 Matth:
684 3031 868 3089 XXI:
913 3033 1026 3090 42.
1073 3033 1184 3095 44.
1225 3029 1425 3087 Marc:
1466 3028 1621 3088 XII:
1676 3032 1783 3088 10.
1834 3033 1941 3090 11.
1992 3031 2150 3090 Luc:
2192 3030 2348 3089 XX:

239 3133 348 3190 17.
402 3132 521 3189 18:
600 3133 728 3189 sive
780 3131 942 3189 dicas
992 3131 1311 3189 Dominum
1358 3132 1487 3190 sive
1538 3130 1818 3188 Divinum
1873 3131 2127 3207 Verum,
2193 3131 2351 3189 idem

231 3240 356 3306 est,
426 3234 703 3305 quoniam
764 3249 934 3290 omne
983 3232 1262 3289 Divinum
1318 3229 1546 3288 Verum
1596 3237 1688 3288 est
1738 3232 1811 3289 ab
1849 3231 2031 3307 JpSO,
2107 3237 2165 3290 et
2213 3230 2351 3289 inde

232 3328 379 3410 Ipse
424 3308 668 3390 in⁰illo:
739 3350 810 3389 ex
857 3350 927 3390 eo
976 3342 1099 3407 est,
1158 3329 1317 3408 quod
1355 3334 1534 3388 etiam
1570 3331 1861 3389 Dominus
1905 3332 2137 3390 dicatur
2187 3331 2349 3389 Ver-

226 3433 412 3506 bum,
470 3450 605 3490 nam
644 3432 908 3491 Verbum
966 3441 1059 3492 est
1093 3433 1370 3490 Divinum
1410 3430 1667 3487 Verum:
1724 3431 1884 3504 'quod
1920 3431 2100 3504 Lapis
2137 3432 2198 3487 in
2242 3447 2351 3488 su-

226 3550 443 3611 premo
481 3548 660 3590 sensu
699 3533 992 3610 significet
1039 3534 1358 3591 Dominum
1410 3528 1606 3605 quoad
1655 3529 1934 3590 Divinum
1974 3529 2231 3603 Verum,
2291 3537 2354 3589 et

224 3635 372 3693 inde
427 3635 485 3691 in
537 3649 717 3693 sensu
769 3634 1035 3693 inferiori
1088 3651 1293 3690 verum
1356 3649 1429 3688 ex
1478 3630 1664 3702 bonu,
1726 3629 2001 3688 videatur
2053 3649 2122 3687 n:
2187 3631 2349 3688 643.

237 3739 321 3793 12
346 3735 457 3792 98.
493 3736 705 3793 3720.
751 3738 960 3794 6426.
1007 3733 1216 3793 8609.
1271 3732 1531 3790 10:376.
1623 3730 1797 3806 Quod
1833 3731 2015 3789 Petra
2060 3730 2354 3807 significet

226 3834 554 3894 Dominum
620 3835 817 3916 quoad
865 3835 1150 3893 Divinum
1205 3832 1465 3905 Verum,
1539 3838 1775 3889 constat
1845 3849 1924 3890 θα·
1981 3828 2242 3904 „Petra
2282 3829 2355 3890 in

230 3933 528 4010 Chorelm,
567 3954 646 3994 ecc
673 3954 799 4014 qua
826 3953 1029 4014 aquae
1043 3930 1282 4013 populo
1307 3928 1677 3992 Israelitieo
1707 3930 1899 3991 datae
1923 3933 2119 3991 &unffi
2151 3930 2355 3989 Exod:

228 4034 450 4095 XVII:
511 4038 567 4095 5.
629 4039 699 4111 63
769 4042 828 4094 et
877 4036 1036 4111 quod
1078 4034 1419 4093 mandatum
1456 4028 1540 4091 sit'
1574 4041 1692 4107 „ut
1727 4031 1944 4092 Mose-s·
1990 4036 2050 4091 et
2088 4030 2357 4092 Aharon

230 4128 632 4215 loquerentur
683 4135 773 4196 ad
821 4134 1088 4196 Pela-am
1112 4181 1128 4211 ,
1176 4143 1234 4196 et
1279 4133 1373 4194 sie
1425 4133 1896 4214 sanctificarent
1945 4130 2254 4192 Jehovam
2284 4129 2358 4193 in

233 4233 439 4297 oculis
465 4233 761 4317 filiorum
807 4233 1124 4308 Israeli&
1198 4233 1311 4295 sed
1359 4233 1530 4314 quod
1575 4232 1786 4294 Moses
1838 4229 2059 4296 baculo
2088 4250 2354 4313 percus·
