2791 4778
444 358 556 408 ‘200
830 341 837 348 ·
882 343 1370 398 APOCALYPSIS
1419 343 1850 398 EXPLIGATA.
1917 346 1964 413 ς.
2011 354 2138 406 357.

439 525 550 567 uec
588 505 837 584 parcite
880 499 1060 562 telis:
1112 501 1341 563 audire
1370 502 1580 579 facite
1632 507 1851 563 contra
1893 501 2197 564 Babelem
2231 501 2531 586 jaculato-
2635 481 2666 570 4

441 626 545 667 rea
558 651 573 679 ,
644 622 855 663 omnes
909 601 1224 663 tendentes
1275 621 1497 662 arcum
1549 603 2102 664 castrametamini
2152 611 2369 665 contra
2413 624 2530 664 eam

442 704 878 778 circumcirca,
932 722 1008 763 ne
1048 702 1138 762 ait
1161 699 1269 762 illi
1314 702 1578 763 evasio“‘
1637 703 1719 762 L:
1780 707 1837 762 9.
1888 708 1997 763 14.
2052 708 2162 765 29.
2223 709 2336 763 42.
2395 704 2529 781 Cap:

440 807 554 866 LI:
600 809 671 879 33
726 822 836 880 per
869 799 1020 862 ha'ec
1060 803 1417 863 describitur
1451 804 1652 862 totalis
1690 804 2024 864 devastatio
2068 806 2198 863 veri
2235 806 2395 881 apud
2417 805 2530 863 illos

442 909 544 984 qui
579 924 688 984 per
721 904 1012 963 Babelem
1045 904 1485 980 intelliguntur,
1525 906 1624 980 qui
1660 911 1801 962 sunt
1837 907 1937 980 qui
1969 905 2252 963 Divinam
2289 912 2535 981 potesta-

439 1015 561 1067 tem
597 1007 712 1065 sibi
750 1009 1058 1080 arrogant,
1130 1012 1189 1061 et
1230 1004 1471 1085 quidem
1517 1005 1837 1063 Dominum
1874 1011 2236 1081 agnoscunt,
2299 1005 2404 1063 sed
2436 1006 2529 1064 de-

438 1109 675 1185 privant
711 1105 877 1163 illum
917 1105 1074 1162 omni
1108 1107 1376 1179 potentia
1412 1104 1712 1176 salvandi,
1764 1111 1823 1163 et
1860 1107 1962 1181 qui
2002 1105 2138 1164 inde
2175 1106 2536 1181 prophanant

440 1209 662 1267 Divina
698 1223 842 1264 vera
855 1225 871 1279 ς
930 1213 989 1263 et
1027 1206 1166 1279 quia
1202 1221 1378 1277 quam
1423 1207 1679 1263 maxime
1724 1206 2077 1280 providetur
2112 1223 2148 1262 a
2185 1206 2441 1264 Domino
2473 1222 2536 1264 ne

240 1303 402 1368 [478]
444 1310 703 1385 genuina
736 1322 881 1364 vera
922 1304 1399 1381 prophanentur,
1452 1305 1585 1362 ideo
1638 1305 1743 1362 illa
1779 1322 2025 1381 prorsus
2062 1308 2134 1363 iis
2190 1307 2534 1375 auferuntur,

442 1417 503 1468 et
540 1409 673 1467 loco
717 1424 922 1465 eorum
980 1403 1323 1463 imbuuntur
1380 1407 1558 1463 meris
1618 1405 1817 1478 salsis;
1884 1424 1994 1481 per
2036 1408 2538 1481 congregationem

441 1511 707 1587 gentium
755 1523 1102 1583 magnarum
1160 1522 1192 1562 e
1241 1513 1400 1562 terra
1447 1508 1900 1581 septentrioniS‚
1967 1506 2385 1581 significantur
2435 1507 2540 1563 dira

441 1610 600 1670 mala
636 1609 1014 1682 assurgentia
1051 1623 1123 1664 ex
1174 1607 1433 1673 inferno,
1487 1613 1694 1681 gentes
1738 1623 1988 1682 magnac
2025 1613 2161 1663 sunt
2202 1606 2329 1665 dira
2385 1607 2542 1677 mala,

441 1720 502 1769 ct
546 1720 705 1768 terra
740 1708 1161 1782 septentrionis
1206 1713 1297 1764 est
1332 1706 1624 1764 infernum
1663 1706 1765 1764 ubi
1807 1706 1951 1764 nihil
1986 1708 2101 1764 nisi
2142 1706 2401 1781 falsum3
2453 1724 2545 1782 per

440 1810 565 1869 tela
607 1809 735 1884 ejus
773 1808 927 1864 sicut
964 1807 1161 1877 fortiS,
1205 1823 1322 1863 non
1364 1813 1702 1865 revertetur
1742 1806 1930 1864 ullum
1967 1825 2213 1880 vanum,
2255 1809 2546 1884 significa-

440 1918 542 1968 tur
591 1906 748 1982 quod
798 1907 933 1964 inde
971 1905 1309 1964 imbuentur
1360 1909 1540 1965 meris
1588 1907 1780 1979 falsis;
1838 1925 1947 1982 per
2001 1908 2300 1982 disponite
2354 1917 2546 1967 contra

441 2007 731 2068 Babelem
768 2008 1150 2066 circumcirca
1187 2024 1391 2064 omnes
1423 2007 1736 2065 tendentes
1765 2024 1985 2079 arcum,
2017 2007 2378 2083 Jaculaniini
2416 2026 2544 2067 con-

441 2117 535 2168 tra
573 2126 734 2177 eam,
786 2125 895 2166 nec
930 2109 1159 2183 parcite
1211 2107 1377 2181 teliS,
1440 2108 1808 2183 significatur
1859 2108 2016 2183 quod
2052 2108 2326 2166 similiter
2365 2105 2550 2185 quoad

442 2212 640 2270 omnia
677 2208 1057 2282 doctrinalia3
1097 2209 1298 2266 totalis
1335 2208 1672 2265 devastatio
1710 2209 1839 2267 veri
1875 2208 2037 2283 apud
2073 2209 2229 2277 illos,
2254 2208 2550 2284 signifiea-

441 2320 540 2370 tur
583 2328 692 2388 per
742 2325 947 2369 omncs
1000 2308 1312 2367 tendentes
1366 2325 1569 2365 arcum
1625 2311 2128 2366 castrametamini
2180 2317 2391 2366 eontra
2432 2327 2550 2367 eam

441 2415 843 2485 circumcirca,
882 2428 956 2469 ne
995 2412 1072 2468 sit
1107 2408 1189 2467 illi
1229 2411 1453 2468 evasi0.
1512 2410 1690 2486 Apud
1724 2411 1971 2487 Esajam
2028 2408 2222 2489 „Eyo
2269 2411 2556 2470 excitans
2665 2450 2673 2501 a

440 2522 661 2575 contra
694 2531 798 2572 eos
824 2510 1117 2582 Medum,
1162 2510 1274 2588 qui
1308 2517 1642 2588 argentum
1679 2527 1804 2569 non
1831 2510 2272 2584 aestimabunt,
2311 2518 2373 2571 et
2408 2528 2554 2570 auro
2664 2532 2673 2569 a

438 2632 562 2675 non
590 2609 1076 2686 delectabuntur,
1115 2629 1379 2690 quoram
1407 2628 1597 2669 arcus
1607 2609 1872 2691 juvenes
1898 2608 2187 2686 allident,
2224 2617 2284 2670 et
2295 2611 2556 2690 fructus

438 2713 677 2775 ventris
702 2731 826 2773 non
851 2712 1339 2772 miserebuntur:
1378 2710 1474 2770 sic
1506 2710 1627 2769 erit
1661 2708 1893 2783 Babel‚
1935 2712 2102 2771 sicut
2135 2710 2376 2771 eversio
2407 2711 2552 2783 Dei,

438 2811 719 2874 Sodoma
746 2818 804 2870 et
831 2811 1235 2873 Gomorrha‘⁶'
1268 2810 1449 2870 XIII:
1506 2815 1528 2868 1
1553 2816 1612 2868 7.
1655 2815 1678 2868 l
1703 2814 1761 2868 8.
1799 2816 1822 2868 1
1847 2814 1880 2866 9
1898 2832 1913 2885 3
1947 2814 2120 2870 etiam
2150 2813 2299 2870 haec
2327 2813 2404 2870 de
2434 2812 2550 2870 Ba-

438 2913 596 2986 bele,
649 2920 708 2971 et
749 2913 821 2970 de
861 2912 1270 2970 devastatione
1308 2914 1568 2969 onmium
1596 2910 1908 2971 Ecclesiae
1947 2913 2105 2988 apud
2141 2913 2277 2971 illos
2312 2917 2416 2987 qui
2453 2929 2556 2988 per

442 3011 733 3072 Babelem
776 3012 1222 3087 intelliguntur,
1287 3011 1362 3070 de
1413 3013 1629 3087 quibus
1677 3030 1815 3070 mox
1874 3030 2087 3090 supra3
2153 3031 2262 3088 per
2314 3013 2554 3071 Medum

441 3114 849 3190 significantur
885 3116 986 3189 qui
1020 3112 1186 3170 nihili
1221 3114 1446 3170 faciunt
1483 3130 1628 3171 vera
1663 3119 1723 3172 et
1754 3112 1910 3172 bona
1941 3113 2110 3172 Coeli
2145 3122 2205 3171 et
2230 3114 2557 3180 Ecclesiae,

441 3231 626 3290 quare
665 3213 738 3272 de
774 3213 893 3272 illis
930 3213 1178 3281 dicitnr,
1217 3215 1317 3288 qui
1353 3222 1663 3288 argentum
1702 3230 1820 3271 non
1858 3214 2275 3286 aestimabunt,
2317 3220 2378 3272 et
2413 3230 2558 3272 auro

438 3332 556 3373 non
598 3314 1079 3388 delectabuntur,
1130 3322 1439 3390 argentum
1480 3314 1773 3390 significat
1810 3333 2045 3388 vorum,
2099 3322 2156 3373 et
2195 3332 2406 3372 aurum
2442 3315 2551 3372 bo-

437 3434 610 3490 num,
656 3423 974 3492 utrumque
1010 3413 1351 3490 Ecclesiae3
1407 3432 1517 3489 per
1552 3415 1788 3473 illorum
1827 3431 2001 3473 arcus
2039 3417 2140 3491 qui
2167 3416 2430 3491 juvenes
2469 3414 2556 3471 al-

440 3517 654 3591 lident,
713 3526 772 3576 et
806 3518 1034 3576 fructus
1078 3518 1303 3575 ventris
1342 3533 1458 3572 non
1497 3514 1959 3585 miserebuntur,
1996 3515 2408 3591 significantur
2443 3514 2554 3572 do-

438 3619 711 3676 ctrinalia
760 3637 913 3693 quac
964 3617 1274 3676 destruent
1324 3633 1496 3675 omne
1544 3633 1747 3673 verum
1804 3622 1864 3674 et
1913 3633 2085 3674 omne
2133 3615 2351 3674 bonum
2401 3614 2555 3684 inde,

429 3719 689 3794 juvenes
743 3718 1077 3792 significant
1125 3735 1300 3791 vera,
1373 3725 1434 3776 et
1493 3717 1720 3775 fructus
1777 3718 2002 3774 ventris
2054 3716 2243 3791 bona3
2305 3722 2370 3774 'et
2416 3717 2556 3791 quia

437 3834 611 3875 omne
657 3816 874 3874 malum
925 3816 1042 3875 illis
1092 3824 1184 3874 est
1236 3835 1309 3874 ex
1359 3835 1562 3876 amore
1601 3818 1722 3890 sui,
1790 3823 1850 3873 et
1888 3833 2060 3874 omne
2097 3816 2312 3877 falsum
2354 3824 2444 3874 est
2482 3833 2554 3873 ex

434 3915 539 3974 illo
587 3915 761 3990 malo,
803 3923 862 3974 et
909 3919 1048 3991 quia
1083 3915 1143 3971 id
1177 3915 1398 3972 malum
1441 3922 1500 3974 et
1535 3915 1671 3976 inde
1719 3917 1779 3974 id
1827 3916 2046 3974 falsum
2086 3923 2177 3975 est
2215 3917 2554 3975 damnatum

437 4014 514 4072 ad
551 4014 877 4086 infernum,
932 4015 1069 4073 ideo
1108 4014 1349 4088 dicitur,
1403 4016 1486 4074 sic
1540 4018 1650 4075 erit
1684 4016 1903 4089 Bahal,
1961 4019 2116 4076 sicut
2164 4019 2399 4076 eversio
2431 4015 2554 4073 Dei

438 4114 699 4173 Sodoma
746 4122 803 4172 et
842 4115 1201 4188 Gomorrha,
1245 4117 1477 4175 eversio
1524 4117 1641 4175 Dei
1679 4118 1973 4194 significat
2001 4117 2434 4175 damnationem
2476 4114 2553 4171 ad

438 4217 761 4293 infernum,
806 4234 873 4275 ae
915 4214 1173 4277 Sodoma
1203 4222 1259 4275 et
1299 4216 1630 4276 Gomorrha
1673 4218 2008 4295 significant
2041 4218 2197 4276 mala
2243 4236 2313 4277 ex
2354 4231 2555 4275 amore
