2791 4778
396 368 634 425 CAPUT
674 367 1012 436 QUINTUM.
1760 367 1949 423 VERS
1963 388 1980 421 z
2035 381 2088 430 9.
2291 383 2360 431 99

241 545 429 607 supra
461 547 531 589 n:
575 531 659 589 31
679 530 739 599 5,
779 532 841 586 et
874 544 1114 604 quoque
1150 532 1404 605 nefitus
1425 571 1442 601 ‚
1491 533 1553 588 et
1587 543 1724 586 cum
1757 533 2014 605 negatur
2045 527 2362 600 Dominus,
2447 583 2460 591 Ἀ

245 637 343 691 est
377 631 553 707 quasi
587 631 825 687 occisus
862 627 1028 705 apud
1059 627 1224 703 illos,
1278 634 1343 688 et
1373 627 1462 688 illi
1494 645 1607 707 per
1639 628 1703 687 id
1735 630 2005 705 separati
2050 646 2088 687 a
2120 630 2369 704 Divino,

243 748 382 794 nam
436 732 539 806 qui
586 735 809 804 negant
840 728 1191 802 Dominum,
1243 728 1355 787 hoc
1392 735 1516 804 est,
1554 729 1838 788 Divinum
1871 728 2106 805 Ipsius,
2160 728 2251 789 illi
2295 746 2365 791 se

241 846 496 909 prorsus
532 834 822 905 separant
853 846 891 885 a
924 829 1176 902 Divino,
1231 828 1374 905 Ipse
1428 831 1582 888 enim
1622 837 1714 887 est
1749 829 1916 889 Deus
1952 831 2247 903 universi,
2305 838 2367 890 et

239 931 391 1008 Ipse
425 937 520 989 est
554 948 740 988 unum
775 945 910 987 cum
945 929 1156 999 Patre,
1195 945 1266 988 ac
1301 928 1486 989 Pater
1520 933 1582 989 in
1617 924 1758 1005 Ipso
1796 937 1857 989 et
1890 929 2031 1006 Ipse
2068 931 2130 988 in
2161 929 2362 1005 Patre,

246 1038 316 1091 et·
351 1047 526 1089 nemo
574 1032 740 1088 venit
781 1027 860 1086 ad
892 1028 1131 1087 Patrem
1176 1030 1291 1089 nisi
1336 1046 1449 1105 per
1479 1030 1718 1107 Ipsum,
1783 1037 1851 1088 ut
1894 1029 2036 1106 Ipse
2070 1028 2366 1090 Dominus

243 1132 459 1202 docet,
510 1134 880 1211 quapropter
914 1133 1184 1206 separati
1228 1137 1367 1187 sunt
1401 1147 1649 1206 prorsus
1686 1147 1725 1187 a
1756 1131 1980 1189 Divino
2025 1128 2114 1188 illi
2146 1132 2208 1188 in
2241 1131 2363 1190 Ec-

241 1232 457 1305 clesia,
496 1231 599 1307 qui
631 1247 750 1288 non
788 1235 1120 1305 agnoscunt
1153 1230 1438 1289 Divinum
1464 1230 1687 1307 Ipsius,
1727 1237 1789 1289 et
1821 1234 2013 1307 magis
2049 1232 2152 1306 qui
2187 1231 2367 1291 corde

244 1337 474 1408 negant
504 1330 697 1405 Illud3
733 1347 958 1406 negare
994 1330 1155 1388 Illud
1190 1330 1285 1389 hic
1319 1330 1670 1408 intelligitur
1704 1348 1814 1407 per
1849 1328 2121 1389 occidere
2157 1330 2367 1407 Ipsum

249 1431 417 1508 apud
451 1446 548 1503 se3
582 1430 695 1490 hoc
718 1433 893 1489 etiam
922 1432 982 1489 in
1008 1446 1193 1490 sensu
1219 1432 1452 1491 interno
1480 1430 1669 1492 Verbi
1692 1430 2038 1508 intelligitur
2069 1448 2182 1508 per
2208 1430 2371 1508 quod

255 1529 659 1589 crucifixerint
706 1530 1056 1606 Dominum,
1114 1531 1387 1590 videatur
1433 1548 1621 1610 supra
1663 1549 1729 1590 n:
1773 1533 1885 1592 83.
1931 1533 2063 1591 195
2103 1531 2177 1608 f.;
2231 1547 2370 1589 nam

257 1629 516 1704 Judaei,
553 1629 713 1706 apud
748 1646 895 1707 quos
931 1638 1074 1690 tunc
1099 1631 1377 1691 Ecclesia
1411 1632 1551 1708 suit,
1589 1637 1961 1709 negaverunt
1983 1631 2193 1709 Ipsum
2229 1647 2368 1691 esse

256 1730 594 1800 Christum,
652 1737 712 1789 et
743 1748 854 1808 per
887 1732 948 1790 id
982 1749 1048 1792 se
1086 1739 1529 1810 separaverunt
1564 1751 1602 1791 a
1635 1733 1885 1807 Divino,
1927 1738 1987 1792 et
2018 1732 2154 1792 ideo
2192 1732 2369 1791 morti

248 1831 549 1890 dederunt
582 1830 787 1906 Ipsum
826 1848 934 1890 seu
973 1833 1425 1908 crucifixerunt3
1479 1836 1657 1892 etiam
1692 1833 1869 1892 hodie
1905 1832 1994 1892 illi
2026 1833 2088 1892 id
2120 1832 2366 1906 faciunt,

248 1934 357 2009 qui
402 1932 686 1990 Divinum
734 1931 933 2008 Ipsius
994 1939 1240 2010 negant3
1297 1933 1455 1992 unde
1504 1934 1829 1993 communis
1879 1932 2373 1993 Praedicatorum

252 2050 454 2092 sermo
482 2039 595 2107 est,
627 2032 787 2107 quod
815 2035 916 2110 qui
943 2033 1161 2093 malam
1187 2035 1373 2092 vitam
1401 2042 1585 2111 agunt
1609 2041 1670 2093 et
1693 2033 2115 2112 blasphemant
2138 2032 2369 2110 Ipsum,

250 2132 609 2209 crucifigant
653 2132 862 2208 Ipsum
912 2134 1074 2211 apud
1109 2151 1209 2209 se3
1262 2134 1377 2193 hoc
1426 2137 1628 2210 itaque
1666 2142 1787 2208 est,
1842 2134 2003 2210 quod
2047 2134 2144 2193 hic
2179 2135 2369 2211 signi-

245 2234 464 2293 ficatur
498 2251 610 2309 per
644 2235 882 2293 occisus
922 2241 1043 2309 est3
1085 2241 1144 2293 et
1181 2252 1254 2293 ex
1290 2234 1721 2311 significatione
1756 2234 2064 2293 redemisti
2088 2233 2221 2293 Deo
2257 2249 2369 2292 nos

248 2338 311 2394 in
357 2335 648 2411 sanguine
701 2341 836 2409 tuo,
894 2334 1054 2411 quod
1103 2337 1183 2394 sit
1227 2334 1386 2412 quod
1425 2335 1803 2413 conjunxerit
1848 2350 1956 2393 nos
1991 2333 2213 2392 Divino
2261 2348 2372 2409 per

258 2437 618 2511 agnitionem
653 2435 889 2510 IpsiuS,
944 2442 1004 2494 et
1048 2453 1160 2511 per
1207 2439 1613 2512 receptionem
1651 2435 1852 2493 Divini
1888 2433 2036 2493 Veri
2082 2431 2157 2491 ab
2204 2432 2367 2508 Ipso,

260 2535 555 2592 redimere
606 2537 762 2593 enim
808 2536 1101 2612 significat
1150 2535 1408 2596 liberare
1456 2536 1531 2594 ab
1566 2535 1831 2604 Inferno,
1887 2540 1947 2592 et
1980 2550 2092 2610 per
2136 2532 2197 2591 id
2233 2531 2371 2591 illos

263 2633 396 2692 Sibi
430 2637 848 2712 appropriare,
888 2644 949 2696 et
979 2640 1067 2696 sic
1103 2637 1467 2715 conjungere
1502 2637 1738 2706 Divino,
1776 2633 2075 2694 constabit
2109 2650 2184 2693 ex
2219 2633 2370 2694 locis

259 2737 321 2793 in
360 2733 596 2804 Verbo,
650 2734 751 2794 ubi
782 2735 1070 2797 redimere
1108 2744 1170 2797 et
1202 2737 1536 2815 redemptio
1573 2736 1805 2806 dicitur,
1858 2752 2011 2812 quae
2067 2733 2223 2796 infra
2257 2732 2369 2792 ad-

256 2835 586 2910 ducentur,
637 2844 698 2896 et
730 2840 972 2914 sanguis
1007 2838 1250 2896 Domini
1296 2838 1593 2913 significat
1624 2836 1910 2896 Divinum
1946 2835 2174 2896 Verum
2221 2851 2368 2913 pro-

250 2936 479 2996 cedens
516 2936 592 2995 ab
625 2937 797 3014 Ipso;
839 2945 900 2997 et
940 2940 1081 3014 quia
1114 2938 1293 2997 homo
1328 2955 1440 3014 per
1474 2940 1881 3015 receptionem
1917 2937 2122 2997 Divini
2149 2936 2298 2998 Veri
2333 2951 2372 2994 a

250 3039 537 3112 Domino,
586 3036 875 3098 liberatur
924 3038 1000 3104 ab
1035 3037 1308 3113 Inferno‚
1358 3046 1420 3097 et
1456 3039 1834 3119 conjungitur
1866 3036 2024 3115 Ipsi,
2078 3037 2213 3097 ideo
2262 3053 2373 3112 per

246 3138 563 3199 redemisti
588 3137 720 3197 Deo
757 3155 865 3197 nos
900 3141 963 3196 in
999 3142 1291 3216 sanguine
1320 3144 1443 3209 tuo,
1479 3138 1846 3216 significatur
1873 3138 2208 3214 conjunctio
2238 3152 2375 3194 cum

246 3240 472 3299 Divino
509 3255 621 3316 per
645 3240 1053 3314 receptionem
1078 3238 1285 3299 Divini
1311 3238 1460 3298 Veri
1495 3239 1570 3298 ab
1597 3239 1760 3316 Ipso.
1817 3237 1993 3314 Quod
2027 3237 2123 3296 hic
2157 3249 2372 3296 sensus

245 3343 309 3399 in
345 3338 469 3398 illis
504 3339 707 3398 verbis
752 3339 968 3412 lateat,
1019 3357 1195 3400 nemo
1249 3339 1456 3400 videre
1515 3346 1715 3416 potest
1757 3340 1859 3416 qui
1901 3340 1963 3396 in
2012 3337 2142 3395 solo
2188 3350 2375 3394 sensu

246 3439 464 3499 literae
501 3445 733 3512 manet,
771 3456 910 3497 nam
943 3441 1004 3497 in
1042 3457 1113 3500 eo
1144 3457 1328 3499 sensu
1363 3457 1482 3499 non
1517 3439 1683 3498 aliud
1715 3438 1904 3497 videri
1937 3440 2157 3512 potest,
2194 3449 2375 3510 quam

252 3539 415 3615 quod
440 3557 551 3615 per
579 3541 818 3599 occisus
848 3555 913 3598 es
940 3540 1309 3617 intelligatur
1334 3539 1671 3610 crucifixuS,
1709 3546 1771 3599 et
1795 3554 1905 3614 per
1932 3533 2239 3594 redemisti
2260 3546 2374 3591 nos

253 3641 318 3697 in
354 3643 643 3715 sanguine
678 3647 783 3698 tuo
818 3640 1187 3717 intelligatur
1224 3640 1382 3717 quod
1418 3639 1892 3699 reconciliaverit
1924 3650 2033 3694 nos
2061 3634 2228 3694 Patri
2260 3648 2372 3694 suo
2412 3638 2573 3702 [409]

255 3754 372 3814 per
403 3737 750 3799 Passionem
787 3743 1014 3817 crucis3
1070 3747 1131 3800 et
1167 3743 1307 3817 quia
1340 3740 1443 3799 ille
1493 3755 1708 3798 sensus
1746 3744 1840 3797 est
1892 3750 2106 3797 sensus
2141 3734 2372 3810 literae,

258 3843 323 3897 et
355 3838 646 3898 hactenus
677 3842 948 3917 ignotum
982 3842 1096 3901 fuit
1132 3841 1291 3916 quod
1324 3840 1575 3917 singulm
1613 3838 1801 3899 Verbi
1835 3852 2051 3897 sensus
2087 3838 2375 3908 internae,

260 3943 363 4012 qui
398 3940 758 4016 spiritualis,
800 3943 961 4016 insit,
998 3942 1135 4002 ideo
1174 3958 1248 4001 ex
1281 3941 1386 4001 illo
1425 3956 1629 4015 sensu,
1668 3956 1885 4017 nempe
1922 3954 2106 3998 sensu
2139 3937 2374 4011 literae,

258 4037 590 4099 doctrinam
638 4040 948 4103 Ecclesiae
997 4042 1160 4102 illam
1220 4042 1525 4115 fecerunt,
1607 4040 1765 4116 quod
1824 4039 2035 4119 Ipsum
2067 4040 2372 4111 Divinum,

257 4140 417 4213 quod
449 4140 692 4202 Patrem
720 4150 955 4220 vocant,
995 4144 1273 4220 rejecerit
1306 4160 1344 4201 a
1375 4141 1454 4202 Se
1491 4146 1684 4199 totum
1717 4157 1907 4216 genus
1934 4140 2275 4213 humanum,
2316 4142 2379 4197 et

254 4242 413 4318 quod
449 4242 746 4304 Dominus
797 4262 911 4320 per
942 4245 1298 4304 Passionem
1360 4242 1553 4302 crucis
1619 4240 2129 4311 reconciliaverit,
2187 4244 2248 4295 ct
2290 4236 2398 4303 sifi.

1935 4344 1962 4393 7
2011 4332 2048 4367 ι*
