2791 4778
402 386 623 450 CAPUT-
679 385 988 444 sEx'rmn.
1781 387 1987 448 vERS:
2033 399 2087 459 9.»
2241 401 2349 462 357

252 549 419 627 Quod
452 548 573 608 Lex
613 547 726 608 illa·
764 549 925 608 dicta
978 551 1056 607 sit
1108 554 1171 608 et
1222 548 1432 607 foedus
1484 554 1544 609 et
1596 551 2024 624 test-imonhun,
2081 557 2176 610 est
2210 555 2352 629 quia

249 668 377 709 cum
411 649 510 707 illa
545 650 765 708 dicitur
812 649 1052 723 foedus,
1107 649 1474 726 intelligatur
1524 648 1791 708 Verbum
1839 667 1951 728 per
2000 650 2158 728 quod
2202 669 2348 713 con-

238 752 494 828 junctio,
535 757 595 807 et
633 768 768 809 cum
805 748 908 808 illa
948 750 1164 809 dicitur
1197 752 1601 809 testimonium
1636 751 2002 827 intelligatur
2037 751 2178 828 Ipse
2214 753 2346 813 Do·

245 854 433 911 minus
472 853 572 926 qui
610 851 939 927 conjungit,
998 858 1057 908 et
1096 868 1132 907 a
1171 859 1343 927 parte
1378 851 1632 909 hominis
1681 851 1976 911 confessio
2011 851 2253 911 Domini
2290 860 2351 914 et

245 953 457 1028 agnitio
494 952 701 1009 Divini
738 951 938 1028 Ipsius
974 953 1035 1009 in
1069 950 1346 1009 Humano
1382 950 1619 1026 IpsiuS‚
1677 969 1831 1027 quae
1867 953 2188 1029 conjungit.
2258 954 2350 1012 Ex

243 1052 331 1111 his
367 1051 560 1111 videri
596 1058 825 1127 potest,
881 1050 1037 1109 unde
1078 1058 1168 1110 est
1206 1051 1362 1127 quod
1400 1049 1666 1109 Verbum
1700 1053 1760 1109 in
1794 1052 2072 1111 Ecclesia
2119 1051 2351 1113 dicatur

238 1152 487 1225 foedus,
524 1151 674 1210 illud
700 1151 969 1210 Verbum
1007 1151 1164 1226 quod
1201 1153 1310 1210 fuit
1347 1157 1485 1209 ante
1523 1151 1842 1212 adventum
1876 1153 2117 1212 Domini
2151 1152 2346 1215 Vetus

238 1252 369 1312 foed
387 1269 488 1326 uS,
529 1259 590 1311 et
626 1252 784 1327 quod
821 1258 960 1328 post
986 1252 1304 1310 adventum
1341 1252 1542 1327 Ipsius
1577 1270 1798 1312 novum
1835 1253 2046 1311 foedus
2060 1273 2076 1329 3
2132 1253 2348 1313 dicitur

239 1356 421 1412 etiarn
458 1352 911 1411 Testamentum
957 1359 1129 1411 vetus
1182 1361 1242 1412 et
1289 1353 1538 1425 novum,
1593 1353 1703 1411 sed
1737 1353 2050 1412 dicendum
2089 1361 2181 1414 est
2219 1345 2361 1412 Te-¹

236 1455 598 1512 stimonium.
684 1452 858 1528 Quod
897 1470 1006 1529 per
1044 1452 1475 1511 Testimonium
1511 1453 1878 1529 significetur
1910 1453 2235 1527 Dominus,
2288 1463 2349 1515 et

238 1572 272 1612 a
302 1561 482 1629 parte
521 1553 777 1612 hominis
826 1554 1122 1614 confessio
1159 1553 1400 1612 Domini
1450 1559 1508 1611 et
1542 1556 1762 1630 agnitio
1803 1554 2005 1613 Divini
2042 1555 2243 1632 Ipsius
2288 1556 2348 1614 in

236 1654 515 1713 Humano
550 1653 785 1729 Ipsius,
828 1660 1060 1713 constat
1098 1655 1274 1712 etiam
1314 1672 1387 1712 ex
1424 1654 1514 1712 his
1548 1653 1699 1715 locis
1733 1658 1793 1714 in
1821 1651 2038 1729 Verb0,
2077 1658 2135 1714 in
2172 1656 2345 1731 Apo-

238 1755 469 1831 calypsi
515 1750 688 1828 „Illi
732 1754 1012 1814 vicerunt
1063 1753 1395 1815 draconem
1431 1774 1552 1833 per
1597 1755 1976 1836 sanquinem
2027 1754 2233 1837 Ayni,
2287 1764 2348 1817 eb

234 1875 340 1936 per
389 1853 659 1917 Verbum
704 1852 1122 1915 Testimonii:
1194 1861 1252 1915 et
1293 1856 1507 1916 iratus
1554 1854 1746 1916 draco
1789 1857 2017 1932 abivit,
2066 1864 2141 1920 ut
2159 1858 2345 1938 sace·

234 1962 325 2017 ret
366 1952 601 2015 bellum
637 1973 778 2014 cum
823 1953 1090 2034 reliquis
1137 1955 1400 2016 semini-s·
1447 1955 1612 2038 ejus,
1675 1957 1785 2036 qui
1831 1957 2112 2018 tenebant
2161 1977 2348 2020 man-

237 2055 393 2117 data
433 2054 605 2128 Dei,
660 2060 719 2114 et
755 2055 977 2115 habent
1015 2056 1446 2117 testimonium
1489 2055 1651 2117 Jesu
1690 2055 1933 2118 Christi
1944 2060 1977 2089 “
2033 2058 2188 2118 XII:
2232 2062 2262 2117 1
2285 2062 2342 2119 1.

244 2160 322 2217 17
349 2180 363 2217 :
422 2164 487 2215 et
520 2155 663 2213 alibi
704 2154 1100 2229 „conservus
1144 2160 1295 2217 tuus
1324 2176 1468 2216 eum
1505 2161 1565 2215 et
1604 2156 1899 2235 fratrum
1936 2161 2190 2218 tuorum
2224 2157 2342 2218 ha-

236 2258 511 2318 bentium
552 2255 981 2317 testimonium
1016 2255 1209 2317 Jecu:
1273 2256 1703 2319 testimonium
1736 2255 1897 2317 Jesu
1931 2261 2026 2316 eet
2069 2256 2346 2335 spirituc

230 2357 647 2439 prophetiae“
692 2357 879 2418 XIX:
945 2358 1060 2434 103
1118 2359 1276 2434 quod
1324 2358 1727 2418 testimonium
1775 2356 1927 2417 Jesu
1978 2358 2058 2417 sit
2097 2359 2344 2435 spiritus

243 2460 619 2535 prophetiae,
660 2458 956 2535 significat
991 2459 1149 2533 quod
1187 2460 1485 2518 confessio
1519 2459 1760 2518 Domini
1790 2465 1850 2517 et
1885 2459 2107 2536 agnitio
2141 2459 2348 2517 Divini

240 2557 445 2636 Ipsius
480 2562 533 2616 in
569 2559 844 2618 Humano
894 2559 1092 2634 Ipsius
1143 2562 1221 2617 sit
1268 2563 1391 2617 vita
1440 2562 1628 2618 omnis
1671 2561 1801 2617 veri
1847 2566 1967 2617 tam
2014 2561 2076 2617 in
2122 2559 2345 2630 Verb0,

238 2678 417 2735 quam
454 2662 511 2717 in
547 2659 816 2718 doctrina
853 2676 926 2717 ex
978 2658 1212 2718 Verbo:
1268 2667 1328 2720 et
1375 2661 1517 2719 alibi
1571 2659 1894 2734 „Animae
1943 2658 2152 2720 securi
2196 2677 2344 2738 per-

234 2778 564 2820 cussorum
594 2767 855 2837 propter
912 2757 1374 2821 Testimonium
1418 2759 1605 2831 Jeau,
1657 2767 1717 2820 et
1760 2765 2021 2840 propter
2082 2757 2345 2820 Verbum

232 2859 398 2930 Dei,
460 2879 584 2920 non
627 2864 992 2938 acceperunt
1039 2858 1458 2920 characterem
1506 2879 1696 2940 super
1727 2859 2012 2940 frontem
2063 2879 2250 2921 suam
2289 2865 2348 2920 et

229 2979 423 3041 cuper
463 2979 725 3020 manum
771 2962 1000 3021 suam“
1055 2960 1208 3020 XX:
1265 2965 1343 3036 43
1399 2962 1509 3020 sed
1556 2962 1629 3020 de
1679 2962 1771 3020 his
1820 2964 1879 3020 in
1929 2961 2342 3038 sequentibus.

230 3062 420 3138 Apud
463 3061 763 3119 Davidem
827 3057 1329 3141 „fflerosolyma
1377 3060 1736 3142 aedificata
1772 3062 1940 3123 sicut
1988 3062 2138 3122 urbe
2189 3081 2349 3141 quae

230 3161 517 3222 cohaeret
556 3160 683 3220 sibi
715 3179 878 3235 una,
945 3167 1005 3221 et
1052 3179 1120 3221 eo
1160 3161 1509 3222 accendunt
1564 3160 1828 3237 Tribus,
1904 3160 2140 3224 Tribus
2192 3161 2342 3236 Jah,

233 3260 701 3323 Testimonium
751 3258 989 3322 Israeli
1004 3304 1019 3333 ‚
1101 3260 1191 3321 ad
1244 3261 1663 3343 confitendum
1727 3262 1997 3323 Nomini
2053 3261 2345 3338 Jehovae,

229 3363 385 3441 quia
429 3362 519 3422 ibi
556 3359 770 3421 sedent
809 3359 1023 3421 throni
1056 3360 1145 3421 ad
1167 3361 1544 3444 judicium“
1598 3363 1829 3423 Psalm:
1871 3362 2133 3422 CXXII:
2177 3365 2236 3422 3.
2280 3367 2343 3421 4.

238 3466 311 3537 ὃς
373 3480 486 3540 per
531 3461 1008 3539 Hierosolymam
1048 3464 1416 3538 significatur
1444 3462 1714 3521 Ecclesia
1753 3461 1950 3537 quoad
1985 3461 2343 3537 doctrinam3

231 3581 386 3640 quae
423 3562 744 3621 aedificata
778 3562 1020 3635 dicitur,
1069 3579 1201 3621 cum
1237 3566 1570 3621 instaurata
1606 3581 1643 3619 a
1676 3562 1960 3634 Domin03
2014 3563 2172 3619 sicut
2199 3561 2344 3620 urbs

229 3681 385 3740 quae
425 3663 711 3723 cohaeret
756 3662 870 3720 sibi
912 3680 1048 3736 una,
1099 3663 1395 3741 significat
1449 3662 1742 3734 doctrina,
1796 3663 1857 3719 in
1893 3678 2011 3737 qua
2051 3662 2248 3719 omnia
2283 3663 2346 3719 in

229 3764 468 3837 ordine,
529 3763 675 3821 urbs
720 3770 815 3819 est
861 3763 1155 3840 doctrina3
1214 3781 1283 3822 eo
1322 3763 1651 3822 ascendunt
1696 3761 1916 3835 tribuS,
1973 3759 2162 3819 tribus
2199 3760 2342 3836 Jah,

230 3864 528 3940 significat
572 3863 729 3937 quod
767 3865 824 3920 in
858 3863 966 3921 illa
1014 3866 1130 3921 sint
1180 3866 1375 3922 omnia
1420 3881 1566 3922 vera
1604 3869 1661 3920 et
1700 3862 1858 3920 bona
1898 3864 1956 3920 in
1994 3862 2343 3938 complexu3

228 3966 632 4022 testimonium
668 3962 912 4035 Israeli,
981 3964 1057 4021 ad
1094 3964 1491 4023 confitendum
1524 3959 1761 4022 Nomini
1795 3962 2068 4022 ,Jehovae
2086 4006 2103 4036 ,
2152 3964 2343 4038 signi-

230 4062 370 4122 ficat
424 4064 583 4139 quod
637 4063 721 4120 ibi
770 4064 992 4138 agnitio
1040 4071 1099 4122 et
1148 4065 1445 4122 confessio
1496 4063 1764 4137 Domini3
1819 4064 1959 4139 quia
2008 4063 2091 4121 ibi
2133 4063 2353 4122 sedent·

234 4163 430 4222 throni
467 4164 541 4221 ad
570 4164 882 4242 judicium,
922 4164 1214 4240 significat
1250 4164 1409 4240 quod
1441 4164 1526 4221 ibi
1551 4164 1832 4222 Divinum
1862 4163 2086 4222 Verum
2124 4181 2355 4224 secum.

235 4262 368 4321 dum
424 4264 579 4341 quod
648 4264 950 4324 ²Iudicium
972 4310 987 4341 ,
1058 4265 1215 4340 quod
1277 4264 1475 4323 throni
1534 4264 1593 4323 id
1640 4264 2006 4343 significent,
2072 4266 2344 4327 videatur
