2791 4778
357 379 587 436 CAPUT
645 377 950 434 SEXTUM.
1752 378 1927 432 VERS
1947 402 1958 432 ε
2004 389 2055 439 2.
2215 393 2317 442 107

215 539 555 600 succensuit
591 538 903 614 Jehovah,
960 558 1113 600 num
1151 545 1369 600 contra
1399 537 1642 616 fluvios
1669 538 1773 599 ira
1810 544 1942 613 tua,
1979 558 2133 600 uum
2174 559 2319 602 cou-

213 647 307 702 tra
332 658 503 699 mare
527 639 1048 700 excandescentia
1080 646 1211 714 tua,
1261 639 1429 719 quod
1465 640 1703 719 equites
1742 659 1932 718 super
1956 640 2134 717 equis
2169 642 2319 714 tuis,

211 759 422 802 currus
473 740 576 800 tui
629 739 838 811 salus,
924 739 1346 801 denudatione
1397 739 1823 800 denudabitur
1875 758 2066 799 arcus
2119 747 2269 802 tuus
2280 743 2318 775 ‘⁶'

209 841 320 901 111:
363 843 422 899 8.
468 843 541 916 9;
587 844 768 900 etiam
804 842 918 900 hoc
949 841 1310 916 explicatum
1349 848 1444 899 est
1478 842 1536 898 in
1573 840 1843 900 Articulo
1880 842 2280 917 praecedente
2294 863 2311 918 3
2357 857 2516 920 [475]

211 960 310 1016 per
338 940 738 1000 denudabitur
773 958 948 1001 arcus
985 949 1144 1013 tuus,
1175 942 1543 1016 significatur
1570 941 1726 1016 quod
1754 943 2061 1017 aperietur
2089 942 2316 1002 doctri-

207 1060 277 1100 na
309 1043 451 1100 veri.
534 1037 718 1118 Apud
754 1043 993 1119 Esajam
1033 1039 1315 1115 „Coram
1344 1038 1599 1120 yladiis
1638 1042 2058 1120 vayabuntur,
2105 1060 2317 1103 coram

202 1138 413 1219 yladio
448 1147 711 1202 eoeteuso
738 1148 797 1201 et
836 1160 1048 1203 coram
1083 1160 1238 1201 arcu
1280 1147 1451 1201 tenso
1468 1161 1496 1212 ,·
1548 1149 1608 1201 et
1637 1146 1900 1219 propter
1931 1142 2318 1220 yravitatem

208 1239 342 1301 belli
370 1248 775 1301 consumetur
812 1243 1015 1302 omnis
1042 1239 1256 1321 yloria
1282 1240 1585 1314 Kedaris‚
1631 1247 1691 1300 et
1724 1239 2031 1318 reliquiae
2071 1243 2317 1303 numeri

204 1359 381 1400 arcus
417 1341 696 1415 fortium
731 1339 1031 1421 filiorum
1070 1340 1359 1400 Kedaris
1385 1360 1634 1418 paucae
1671 1345 1899 1401 erunt“'
1958 1342 2143 1401 XXI:
2202 1348 2230 1401 1
2253 1346 2310 1403 5.

217 1445 315 1500 16.
359 1446 477 1515 173
536 1444 736 1518 agitur
785 1442 870 1501 ibi
916 1447 975 1501 in
1012 1461 1191 1502 sensu
1232 1437 1527 1516 spirituali
1570 1442 1642 1500 de
1680 1442 2115 1517 cognitionibus
2152 1443 2309 1515 boni,

210 1541 353 1616 quod
389 1546 702 1618 periturae
739 1544 882 1616 sint,
936 1552 995 1602 ct
1032 1542 1190 1619 quod
1227 1559 1459 1617 paucae
1487 1559 1901 1616 remansurae3
1956 1560 2067 1617 per
2101 1543 2311 1602 Keda-

209 1658 320 1698 rem
367 1660 475 1700 seu
523 1642 811 1701 Arabiam
863 1644 1274 1719 significantur
1314 1642 1400 1700 illi
1450 1644 1548 1717 qui
1595 1645 1654 1700 in
1697 1643 2126 1719 cognitionibus
2175 1644 2317 1702 boni

209 1747 361 1814 sunt,
427 1750 487 1801 et
535 1743 838 1801 abstracte
887 1746 1057 1820 ipsae
1109 1744 1247 1802 illae
1296 1745 1693 1820 cognitiones3
1750 1744 1906 1818 quod
1944 1747 2314 1819 cognitiones

209 1843 322 1899 veri
366 1845 672 1918 periturae
730 1861 840 1918 per
887 1845 1042 1902 salsa
1096 1852 1153 1901 et
1198 1862 1308 1919 per
1349 1843 1676 1902 doctrinam
1717 1844 1882 1917 salsi,
1946 1845 2313 1922 significatur

209 1960 307 2017 per
344 1943 499 2018 quod
538 1960 745 2001 coram
779 1943 991 2018 gladiis
1028 1944 1436 2019 vagabuntur,
1487 1962 1686 2003 coram
1721 1945 1918 2020 gladio
1967 1950 2214 2004 extenso
2253 1951 2314 2004 et

215 2059 394 2100 coram
439 2061 587 2103 arcu
622 2051 829 2114 tenso,
887 2044 1120 2120 gladius
1162 2053 1254 2103 est
1288 2044 1503 2102 salsum
1544 2061 1820 2121 pugnans
1861 2051 1919 2103 et
1974 2045 2309 2120 desti-uene,

213 2149 266 2199 et
298 2161 465 2206 arcus
516 2150 618 2202 est
666 2144 934 2202 doctrina
980 2145 1143 2220 falsi3
1200 2144 1358 2221 quod
1408 2147 1774 2221 cognitiones
1822 2145 1962 2203 boni
2007 2149 2313 2221 periturae

217 2244 346 2316 sint,
384 2244 753 2319 significatur
777 2263 887 2320 per
920 2246 1100 2320 haec,
1139 2253 1385 2322 propter
1422 2246 1778 2321 gravitatem
1813 2244 1956 2303 belli
1993 2261 2309 2303 consume-

216 2348 302 2400 tur
347 2347 526 2404 omnis
583 2344 773 2422 gloria
819 2346 1106 2420 Kodari8‚
1158 2347 1419 2422 gravitas
1464 2344 1608 2403 belli
1657 2351 1749 2403 est
1796 2324 2189 2421 impugnatio,
2253 2353 2315 2402 et

222 2454 583 2505 consumetur
620 2449 807 2505 omnis
845 2447 1035 2522 gloria
1068 2448 1327 2506 Kedaris
1378 2452 1470 2503 est
1518 2447 1774 2503 vastatio
1788 2465 1804 2521 3
1867 2450 1928 2502 et
1962 2443 2121 2520 quod
2155 2462 2310 2520 pau-

225 2558 324 2599 cae
359 2549 709 2620 cognitiones
758 2565 1142 2605 remansurae
1192 2549 1337 2620 sint,
1398 2545 1754 2603 describitur
1800 2562 1911 2620 per
1961 2544 2120 2620 quod
2167 2545 2309 2603 reli-

222 2644 382 2717 quiae
428 2649 656 2704 numeri
708 2665 883 2705 arcus
934 2648 1170 2706 fortium
1220 2648 1475 2705 filiorum
1523 2646 1780 2703 charis
1829 2662 2062 2720 paucae
2117 2654 2310 2719 erunt,

219 2759 377 2802 arcus
410 2746 646 2804 sortium
686 2755 778 2804 est
813 2748 1082 2806 doctrina
1132 2750 1258 2806 veri
1315 2766 1389 2804 ex
1427 2745 1861 2822 cognitionibus
1909 2764 2060 2821 quae
2108 2746 2313 2805 valent

220 2852 404 2903 contra
449 2847 623 2905 salsa.
706 2847 885 2922 Apud
930 2848 1199 2905 Eundem
1266 2846 1545 2922 „Posuit
1583 2864 1654 2905 os
1690 2864 1895 2906 meum
1943 2845 2113 2905 sicut
2157 2844 2306 2926 yla·
2388 2866 2406 2881 ·

215 2942 381 3005 dium
414 2953 707 3020 acutum,
763 2952 821 3005 et
854 2946 1076 3025 posuit
1110 2946 1218 3006 Me
1246 2948 1313 3007 in
1337 2944 1533 3008 telum
1558 2953 2007 3026 empuryatum‚
2045 2946 2115 3007 iu
2138 2947 2309 3025 pha-

214 3051 369 3105 retra
407 3068 531 3110 sua
574 3044 910 3107 occultavit
937 3046 1089 3105 Me“
1142 3048 1449 3107 XLXIX:
1506 3051 1578 3121 23
1646 3051 1841 3125 agitur
1894 3051 2072 3106 etiam
2118 3048 2200 3105 ibi
2235 3049 2311 3106 de

215 3143 449 3208 Domino
466 3171 481 3224 3
542 3155 602 3207 et
651 3167 761 3226 per
807 3149 1065 3224 gladium
1124 3160 1359 3207 acutum
1411 3148 1778 3223 significatur
1815 3166 2022 3207 verum
2072 3149 2308 3224 disper-

215 3261 348 3319 gens
383 3245 609 3308 salsum
623 3270 638 3324 3
694 3267 804 3326 per
840 3250 1023 3307 telum
1075 3255 1471 3324 expurgatum
1515 3249 1882 3325 significatur
1930 3265 2137 3307 verum
2181 3249 2307 3306 dis-

217 3361 459 3424 pergens
495 3351 747 3423 malum,
790 3358 850 3407 et
884 3368 992 3426 per
1030 3349 1374 3425 pharetram
1409 3348 1775 3426 significatur
1813 3347 2107 3421 Verbum3
2170 3347 2310 3405 inde

215 3452 393 3521 patet,
447 3449 592 3526 quid
641 3450 1006 3525 significatur
1054 3468 1165 3526 per
1215 3451 1422 3525 posuit
1475 3466 1542 3508 os
1596 3466 1793 3507 mcum
1842 3449 1998 3505 sicut
2046 3446 2310 3521 gladium

219 3553 475 3619 acutum,
532 3558 593 3608 et
626 3552 829 3625 posuit
868 3551 965 3609 Me
1014 3553 1073 3608 in
1121 3550 1306 3609 telum
1353 3556 1778 3626 expurgatum,
1836 3547 1993 3604 etin
2027 3546 2313 3621 pharetra

218 3658 318 3703 sua
350 3650 669 3708 occultavit
704 3650 833 3724 Me,
900 3651 1057 3726 quod
1090 3666 1306 3726 nempe
1342 3653 1403 3707 in
1450 3651 1592 3725 Ipso
1639 3655 1700 3708 et
1735 3665 1809 3705 ex
1844 3646 1985 3721 Ipso
2022 3647 2099 3703 sit
2133 3646 2308 3703 Divi-

218 3760 343 3804 num
377 3748 631 3819 Verum,
694 3767 804 3825 per
842 3751 999 3826 quod
1036 3752 1461 3832 disperguntur
1501 3751 1655 3808 salsa
1706 3756 1765 3807 et
1800 3746 1985 3820 mala,
2052 3752 2113 3805 et
2150 3746 2312 3823 quod

216 3843 269 3900 in
302 3845 434 3921 Ipso
474 3856 534 3909 et
561 3868 634 3908 ex
669 3850 814 3925 Ipso
859 3853 936 3909 sit
972 3851 1268 3925 Verbum,
1328 3850 1431 3908 ubi
1468 3856 1526 3907 et
1564 3850 1720 3908 unde
1757 3848 1860 3907 illa
1901 3864 2061 3907 vera.
2128 3848 2312 3924 Apud

218 3940 495 4008 Davidem
559 3949 771 4026 „Ecce
820 3949 1183 4012 haereditas
1227 3949 1504 4011 Jelzovae
1544 3947 1715 4030 filii,
1785 3967 2016 4009 merces
2047 3949 2311 4028 fructus

218 4047 466 4123 ventris,
513 4050 680 4110 sicut
705 4049 831 4110 tela
865 4052 934 4111 in
960 4071 1152 4112 manu
1170 4050 1469 4130 potentis,
1501 4050 1595 4110 sic
1618 4046 1758 4130 filii
1771 4048 2130 4129 pueritiae:
2171 4050 2314 4110 bea-

219 4148 315 4204 tus
338 4148 435 4209 vir
470 4150 581 4229 qui
605 4148 891 4229 implevit
905 4150 1281 4229 pharetram
1307 4170 1495 4212 suam
1521 4168 1602 4210 ecc
1630 4148 1798 4225 illis,
1837 4169 1961 4210 non
1987 4150 2314 4230 pudefient

224 4258 349 4305 cum
384 4245 705 4328 loquentur
737 4270 879 4314 cum
906 4251 1191 4315 hostibus
1218 4252 1287 4313 iu
1302 4253 1543 4331 porta“
1585 4250 1819 4311 Psalm:
1861 4250 2188 4311 CXXVII:
2248 4252 2309 4306 3.
