2791 4778
517 319 588 373 64
929 304 1431 363 APOCALYPSIS
1473 304 1908 361 EXPLICATA.
1976 306 2025 374 §.
2071 314 2202 367 316.

517 470 794 529 videatur
828 483 898 524 n:
942 465 1156 525 3969.
1193 465 1406 524 3971.
1453 464 1667 524 4669.
1712 465 1925 539 6417;
1962 464 2426 542 primogenitum
2460 463 2657 523 bovis

518 571 711 631 honor
744 567 863 638 illi,
900 565 1196 643 significat
1227 563 1451 624 bonum
1484 565 1704 624 amoris
1741 564 2099 641 spiritualis3
2156 579 2381 623 cornua
2414 563 2655 624 Mono-

520 669 739 730 cerotis
787 682 1011 727 cornua
1046 666 1208 742 ejuS,
1250 658 1589 740 significant
1628 681 1777 725 vera
1808 666 1871 722 in
1906 680 2018 723 sua
2052 663 2424 742 plenitudine
2479 671 2547 723 et
2586 666 2658 723 in

521 785 637 829 sua
669 769 938 845 potentia
969 765 1137 841 inde3
1192 766 1371 824 ferire
1420 766 1680 842 populos
1731 763 1809 822 ad
1857 762 2008 824 fines
2057 771 2285 835 terrae,
2337 762 2660 839 significat

519 873 816 929 instruere
852 870 1015 928 veris
1064 882 1269 925 omnes
1327 868 1428 941 qui
1462 866 1538 925 ab
1573 864 1876 938 Ecclesia,
1934 870 1996 924 et
2029 882 2140 942 per
2185 864 2292 922 illa
2338 862 2657 941 dissipare

518 969 703 1044 falsa3
755 985 866 1045 per
901 964 1201 1045 myriades
1236 966 1544 1043 Ephraimi
1579 972 1642 1025 et
1676 963 1978 1025 chiliades
2013 962 2408 1037 Menascheh‚
2447 966 2655 1041 signi-

520 1069 733 1130 ficatur
770 1070 945 1145 copia
981 1073 1042 1126 et
1088 1064 1456 1125 abundantia
1489 1067 1620 1125 veri
1663 1081 1734 1124 ac
1765 1063 1905 1124 inde
1942 1066 2276 1144 sapientiae
2298 1104 2315 1135 ,
2368 1069 2428 1122 et
2463 1066 2658 1141 copia

527 1176 590 1230 et
624 1163 989 1227 abundanti'a
1022 1166 1165 1226 boni
1211 1172 1272 1225 et
1305 1166 1443 1225 inde
1480 1167 1729 1241 amoris3
1783 1163 2070 1243 Ephraim
2112 1167 2173 1224 in
2207 1162 2412 1223 Verbo
2449 1166 2652 1241 signi-

522 1270 663 1329 ficat
688 1267 1095 1329 intellectuale
1123 1267 1432 1326 Ecclesiae
1460 1266 1620 1343 quod
1654 1272 1749 1325 est
1775 1267 1920 1339 veri,
1961 1272 2023 1324 et
2048 1262 2415 1325 Menascheh
2447 1267 2652 1342 signi-

520 1370 662 1430 ficat
695 1368 1094 1428 voluntarium
1118 1366 1451 1440 Ecclesiae,
1490 1367 1653 1444 quod
1674 1371 1784 1425 est
1809 1364 1966 1440 boni,
2004 1364 2281 1425 videatur
2313 1383 2384 1423 n:
2417 1366 2648 1425 3969.

532 1471 740 1531 5354.
789 1471 999 1528 6222.
1042 1468 1251 1527 6234.
1298 1467 1511 1527 6238.
1559 1468 1768 1527 6267.
1813 1467 2027 1540 6296,
2077 1472 2138 1527 et
2187 1483 2300 1543 per
2334 1465 2650 1542 myriades

524 1577 586 1629 et
634 1567 921 1628 chiliades
984 1566 1393 1643 significantur
1439 1568 1733 1645 plurima,
1781 1567 1867 1625 ita
1915 1567 2091 1642 copia
2142 1574 2203 1626 66
2251 1565 2649 1625 abundantia.

324 1678 484 1742 [385]
524 1663 707 1747 Apud
747 1667 1045 1726 Davidem
1098 1665 1357 1741 „Serva
1407 1685 1505 1727 me
1552 1685 1633 1728 em
1683 1683 1788 1728 ore
1835 1662 2064 1741 leonis,
2114 1670 2175 1726 et
2220 1684 2303 1728 cx
2343 1665 2649 1727 cornibus

522 1771 977 1829 monocerotum
1023 1765 1269 1828 exaudi
1310 1786 1409 1827 me
1429 1769 1468 1801 ‘⁶‘
1519 1767 1759 1827 Psalm:
1799 1766 2016 1826 XXII:
2060 1770 2184 1842 223
2239 1783 2351 1845 per
2398 1765 2646 1826 leonem

523 1867 892 1945 significatur
943 1866 1163 1925 falsum
1209 1866 1442 1927 sortiter
1493 1868 1810 1928 destruens
1857 1884 2092 1942 verum:
2148 1874 2211 1926 et
2268 1884 2379 1944 per
2415 1883 2648 1926 cornua

522 1974 972 2028 monocerotum
1008 1966 1419 2043 significantur
1455 1985 1601 2027 vera
1637 1984 1791 2043 quae
1827 1967 2182 2045 praevalent
2216 1973 2428 2026 contra
2461 1967 2642 2026 falsa.

526 2068 708 2146 Apud
755 2066 1030 2126 Eundem
1088 2110 1125 2140 „
1148 2065 1333 2128 Sicut
1377 2067 1789 2129 monocerotis
1836 2085 2030 2128 cornu
2063 2085 2270 2137 meam
2292 2069 2330 2100 “
2391 2066 2602 2126 Psalm
2624 2088 2641 2123 :

524 2167 732 2228 XCII:
794 2171 821 2226 1
843 2170 913 2244 13
983 2169 1140 2227 sicut
1185 2170 1585 2227 monocerotis
1632 2184 1815 2227 cornu
1850 2166 2144 2243 significat
2185 2184 2394 2227 verum
2440 2166 2645 2244 quoad

523 2268 961 2347 plenitudinem
988 2274 1049 2327 et
1081 2269 1430 2345 potentiam.
1485 2267 1557 2327 In
1591 2268 1963 2345 Apocalypsi
2000 2264 2143 2341 „Et
2169 2271 2394 2329 sextus
2416 2268 2644 2348 Δηρε-

522 2367 627 2434 lus
663 2367 915 2432 clam-it
926 2413 946 2446 ,
987 2373 1047 2429 et
1097 2367 1329 2431 audivi
1364 2385 1570 2429 vocem
1616 2386 1696 2429 ex
1742 2372 2015 2447 quatuor
2051 2368 2360 2430 cornubus
2395 2365 2638 2429 altari-s·

520 2470 731 2546 aurei,
771 2469 940 2550 quod
976 2475 1070 2529 est
1106 2468 1178 2531 in
1210 2473 1541 2547 conspectu
1570 2467 1751 2530 Dei“
1794 2468 1906 2528 IX:
1954 2473 1984 2527 1
2002 2471 2076 2545 33
2127 2468 2338 2529 Altare
2378 2466 2632 2544 suffitus,

520 2571 682 2649 quod
718 2574 898 2630 etiam
933 2570 1266 2630 vocabatur
1298 2569 1513 2629 Altare
1549 2587 1832 2643 aureum,
1890 2577 2021 2628 erat
2054 2570 2640 2646 repraesentativum

521 2670 838 2729 auditionis
894 2678 955 2729 et
999 2671 1362 2746 receptionis
1399 2672 1664 2729 omnium
1699 2669 1928 2744 661666,
1985 2685 2140 2745 quae
2192 2686 2269 2729 ex
2318 2686 2521 2729 amore
2573 2674 2641 2728 et

524 2769 813 2830 charitate
851 2787 889 2826 a
920 2770 1212 2837 Domino,
1263 2771 1349 2827 ita
1382 2771 1967 2847 repraesentativum
1998 2769 2208 2828 talium
2243 2769 2442 2829 cultus
2478 2786 2637 2847 quae

526 2869 841 2929 elevantur
875 2885 913 2927 a
937 2868 1226 2944 Domin03
1265 2885 1488 2929 cornua
1524 2870 1728 2929 altaris
1753 2869 2291 2947 repraesentabant
2314 2887 2463 2929 vera
2486 2886 2635 2948 pro-

524 2967 801 3029 cedentia
837 2985 911 3028 cx
946 2967 1102 3027 bono
1139 2971 1387 3046 amoris3
1445 2970 1581 3029 inde
1617 2975 1813 3047 patet,
1853 2985 1959 3029 cur
1995 2969 2202 3029 audita
2253 2974 2347 3028 est
2386 2987 2507 3029 vox
2557 2986 2638 3029 ex

525 3075 779 3145 quatuor
827 3068 1124 3128 cornubus
1161 3069 1397 3144 altaris,
1454 3087 1601 3129 vera
1650 3072 1806 3130 enim
1855 3075 1996 3128 sunt
2056 3087 2166 3147 per
2212 3086 2367 3146 quae
2409 3070 2637 3129 bonum

527 3170 649 3244 agit
676 3174 738 3227 et
762 3166 1041 3244 loquitur.
1077 3167 1374 3246 Quoniam
1400 3170 1636 3229 Altaria
1661 3170 2212 3247 repraesentabant·
2229 3169 2471 3230 Cultum
2496 3170 2637 3231 Do-

517 3270 659 3326 mini
708 3284 784 3327 ex
828 3267 986 3328 bono
1022 3272 1266 3345 amoris,
1319 3277 1381 3327 et
1418 3272 1605 3330 omnis
1642 3270 1870 3345 cultus,
1929 3273 2033 3347 qui
2077 3286 2223 3332 vere
2274 3270 2502 3345 cultuS,
2563 3269 2636 3329 fit

518 3386 592 3427 ex
652 3367 808 3427 bono
869 3371 1086 3429 amoris
1148 3388 1259 3446 per
1319 3387 1495 3443 vera,
1567 3369 1705 3428 ideo
1747 3369 2058 3430 Altaribus
2122 3375 2294 3429 erant
2355 3370 2631 3447 Cornua3

520 3469 678 3545 quod
710 3468 906 3528 Altari
953 3469 1215 3543 suffitus,
1271 3475 1510 3529 constat
1557 3468 1719 3547 apud
1753 3470 1967 3529 Mosen
2015 3513 2052 3544 „
2078 3467 2310 3530 Facies
2359 3475 2638 3550 quatuor·

517 3585 750 3630 cornua
787 3587 976 3648 super
1012 3567 1240 3630 Altam·
1279 3569 1572 3647 suffitus,
1623 3587 1703 3629 ex
1729 3566 1844 3629 illo
1871 3575 2071 3645 erunt,
2117 3575 2178 3630 et
2214 3568 2479 3631 obduces
2508 3566 2637 3631 illa

517 3671 722 3728 auro“
783 3669 979 3729 Exod:
1018 3668 1227 3729 XXX:
1271 3672 1333 3728 2.
1377 3672 1438 3729 3.
1480 3673 1587 3729 10.
1644 3668 1810 3748 Cap:
1844 3661 2196 3729 XXXVII:
2231 3671 2341 3729 25.
2389 3674 2517 3729 26:
2569 3677 2637 3730 et

521 3767 681 3843 quod
712 3768 907 3827 Altari
939 3768 1304 3842 holocausti,
1344 3769 1489 3827 alibi
1524 3769 1685 3846 apud
1718 3770 1992 3830 Eundem
2041 3813 2079 3845 ,‚
2099 3767 2332 3829 Facies
2379 3768 2636 3831 Cornua

517 3884 708 3946 super
745 3872 1018 3949 quatuor
1060 3864 1348 3947 Anyulis
1385 3864 1649 3929 Altaris
1688 3865 2074 3945 holocausti,
2142 3887 2223 3930 ex
2261 3868 2403 3949 ipso
2452 3874 2635 3931 erunt

519 3963 771 4030 Cornua
811 3968 994 4050 ejus“
1041 3967 1250 4026 Exod:
1282 3968 1562 4028 XXVII:
1607 3973 1667 4029 2.
1726 3969 1883 4048 Cap:
1920 3968 2298 4033 XXXVIH:
2341 3973 2376 4028 2
2400 3990 2416 4046 3
2474 3969 2634 4047 quod

519 4065 759 4127 Cornua
809 4084 883 4126 ex
928 4069 1063 4142 ipso
1098 4067 1291 4127 Altari
1341 4076 1573 4141 essent,
1630 4071 2002 4146 significabat
2048 4069 2208 4148 quod
2241 4086 2420 4144 vera,
2477 4086 2634 4146 quae

517 4182 745 4226 cornua
768 4167 1319 4244 repraesentabant,
1350 4170 1681 4246 procedent
1709 4186 1784 4229 ex
1809 4171 1966 4230 bono
1996 4172 2216 4230 amoris
2248 4170 2409 4248 quod
2431 4172 2630 4247 ipsum
