2791 4778
384 329 623 386 CAPUT
665 328 1010 396 QUINTUM.
1773 331 1989 418 VERS=
2035 341 2090 392 9.
2249 343 2354 395 111

204 489 464 571 Ipsius,
520 494 581 548 et
614 504 727 566 per
764 485 972 546 bibere
1023 485 1191 546 illum
1238 486 1612 563 intelligatur
1662 488 1932 565 recipere
1982 488 2074 563 id,
2129 505 2356 566 appro-

199 593 430 672 priare
468 588 602 664 sibi,
645 595 705 647 et
740 589 828 646 sic
866 587 1149 662 conjungi
1184 585 1475 646 Domino:
1515 588 1695 646 etiam
1729 587 1990 647 Nutritio
2027 590 2359 666 spiritualis

204 697 328 754 est
376 708 452 749 ex
489 689 661 749 Bono
726 695 787 747 et
828 686 994 746 Vero
1058 702 1213 763 quae
1263 686 1598 762 procedunt
1648 704 1685 746 a
1717 688 2004 763 Domine,
2060 691 2217 749 sicut
2266 696 2361 751 est

203 792 484 854 nutritio
535 790 726 848 omnis
767 788 1035 864 corporis
1086 803 1162 846 ex
1200 786 1333 847 cibo
1373 792 1433 846 et
1466 793 1615 863 potu
1628 808 1645 864 3
1698 788 1838 848 inde
1874 791 2054 848 etiam
2090 794 2183 849 est
2218 806 2355 850 cor-

201 892 663 970 respondentia
697 889 969 960 illorum,
1025 903 1179 963 quae
1218 887 1355 945 talis
1408 895 1534 961 est,
1593 897 1659 947 ut
1694 888 1797 947 ubi
1831 891 1893 947 in
1926 887 2131 948 Verbo
2165 893 2360 950 nomi-

200 998 411 1054 natur
449 990 677 1067 aliquid
722 988 838 1047 cibi
882 993 942 1045 et
983 986 1140 1064 quod
1180 988 1432 1046 inservit
1466 1005 1575 1062 pro
1617 989 1777 1064 cibo,
1825 989 2193 1067 intelligatur
2229 991 2355 1051 Bo-

201 1112 412 1169 num,
476 1097 539 1151 et
585 1090 690 1150 ubi
740 1090 1079 1148 nominatur
1133 1088 1356 1162 aliquid
1405 1095 1584 1163 potus
1642 1096 1702 1148 et
1746 1089 1906 1165 quod
1955 1092 2204 1150 inservit
2246 1108 2359 1169 pro

200 1200 416 1273 potu,
468 1190 839 1267 intelligatur
879 1187 1126 1248 Verum.
1195 1188 1285 1246 Ex
1319 1187 1414 1247 his
1454 1197 1730 1248 constare
1769 1196 1999 1266 potest,
2053 1191 2212 1268 quod
2249 1209 2360 1269 per

205 1294 614 1371 sanguinem,
666 1308 845 1367 quem
880 1282 1017 1347 Filii
1050 1288 1297 1347 Israelis
1335 1306 1411 1347 ex
1447 1290 1681 1365 pecude
1716 1291 1997 1350 Paschali
2023 1291 2184 1368 jussi
2219 1299 2361 1351 sunt
2445 1317 2448 1322 ·

209 1395 384 1455 dare
406 1409 588 1469 super
609 1392 757 1451 duos
779 1394 989 1467 postes
1018 1397 1078 1448 et
1103 1405 1287 1465 super
1309 1388 1764 1465 superliminare
1795 1391 2078 1450 domuum
2100 1391 2358 1463 illorum,

212 1492 608 1569 intelligatur
636 1491 914 1550 Divinum
935 1488 1163 1549 Verum
1188 1490 1523 1565 procedens
1555 1508 1591 1547 a
1611 1490 1886 1567 Domino,
1913 1492 2026 1552 hoc
2049 1493 2229 1552 etiam
2253 1511 2355 1553 re-

216 1599 484 1671 ceptum
507 1592 642 1651 fide
663 1598 723 1649 et
758 1593 880 1649 vita
925 1595 1156 1648 tutatur
1193 1589 1490 1649 hominem
1519 1597 1726 1651 contra
1750 1592 1911 1652 mala
1953 1610 2107 1669 quae
2137 1609 2352 1652 exsur-

209 1700 385 1774 gunt
421 1710 496 1752 ex
530 1692 803 1760 Inserno‚
845 1706 986 1749 nam
1025 1689 1319 1750 Dominus
1355 1692 1416 1749 in
1451 1690 1671 1777 Divino
1709 1709 1819 1750 suo
1862 1692 2027 1752 Vero
2066 1698 2160 1752 est
2194 1694 2358 1770 apud

209 1796 563 1869 hommem,
604 1797 701 1851 est
735 1793 893 1850 enim
930 1790 1131 1867 Ipsius
1159 1790 1405 1850 Domini
1439 1791 1603 1868 apud
1636 1790 1823 1867 illum,
1873 1795 1990 1853 imo
2019 1793 2166 1871 Ipse
2195 1794 2358 1871 apud

208 1896 432 1957 illum.
485 1896 620 1972 quis
660 1909 806 1966 non,
862 1894 965 1968 qui
1003 1908 1074 1950 ex
1107 1907 1257 1949 sana
1303 1893 1534 1951 ratione
1584 1895 1837 1969 cogitat,
1886 1894 2091 1953 videre
2133 1901 2356 1971 potest,

216 1996 394 2075 quod
407 1996 702 2056 Dominus
733 2009 851 2051 non
880 1993 1001 2051 sit
985 2009 1045 2048 1n
1073 1993 1360 2068 sanguine
1389 2009 1502 2052 suo
1531 1993 1692 2070 apud
1720 1993 1998 2069 aliquem,
2030 1994 2138 2053 sed
2163 1999 2223 2053 in
2237 1996 2351 2054 Di-

212 2099 369 2157 vino
396 2114 527 2172 suo,
568 2093 730 2172 quod
758 2100 852 2152 est
878 2093 1112 2151 Bonum
1139 2094 1359 2152 amoris
1389 2099 1449 2151 et
1473 2093 1707 2153 Bonum
1740 2093 1905 2168 fidei,
1947 2094 2105 2171 quod
2133 2098 2356 2172 recipi-

217 2205 326 2282 tqr
355 2197 432 2255 ab
458 2197 717 2255 homine.
774 2193 934 2270 Quid
963 2184 1430 2269 autem'singula
1463 2194 1546 2253 ibi
1578 2194 1931 2270 significant,
1969 2212 2183 2271 nempe
2211 2196 2357 2273 quid

218 2299 350 2358 duo
386 2303 597 2374 postes
654 2300 714 2354 et
746 2293 1241 2371 superliminare,
1296 2293 1435 2370 quid
1473 2294 1739 2370 perditor
1788 2301 1849 2353 et
1881 2311 2243 2370 percussor,
2297 2303 2358 2355 et

223 2399 381 2476 quid
416 2376 760 2475 Aegyptus,
797 2401 857 2455 et
892 2394 1033 2472 quid
1075 2394 1252 2470 plura
1297 2397 1358 2455 in
1391 2395 1496 2453 illo
1533 2394 1776 2470 Capite,
1818 2394 2091 2454 videatur
2124 2396 2184 2452 in
2220 2397 2351 2454 An-

227 2516 418 2557 canis
450 2496 896 2568 (insunuans,
934 2494 1038 2552 ubi
1071 2495 1176 2553 illa
1212 2495 1513 2571 explicata
1547 2500 1703 2553 sunt.
1756 2495 1849 2552 Ex
1881 2494 1975 2553 his
2010 2511 2169 2554 nunc
2206 2495 2350 2554 abs-

232 2613 363 2674 que
397 2596 678 2655 ulteriore
713 2595 1105 2671 explicatione
1143 2602 1410 2670 constat,
1467 2595 1609 2672 quid
1660 2594 2029 2672 significatur
2075 2613 2188 2673 per
2221 2596 2354 2655 Do-

226 2697 386 2756 mini
434 2694 620 2756 verba
667 2711 803 2755 cum
834 2696 1087 2754 instituit
1134 2703 1407 2755 sanctam
1444 2696 1704 2756 Coenam
1758 2692 2175 2770 „Edentibus
2210 2694 2355 2758 illis

225 2795 439 2858 Jesue
472 2795 710 2876 accepit
743 2792 1020 2870 Panem,
1074 2803 1135 2857 et
1170 2794 1523 2871 benedioeit,
1566 2797 1776 2876 sreyz't
1824 2802 1883 2857 et
1921 2795 2100 2858 dedit
2144 2796 2350 2860 disci-

211 2894 439 2978 pulis,
487 2902 548 2957 et
584 2896 785 2972 dixit,
833 2895 1127 2974 accipite,
1171 2896 1500 2971 comedite,
1545 2895 1658 2957 hoo
1696 2903 1790 2957 est
1816 2893 2060 2976 Corpus
2097 2916 2354 2960 meum:
2385 2916 2549 2979 [41⁷]

219 3006 283 3060 et
320 2997 568 3077 accepit
603 2993 947 3070 Poculum,
1001 3002 1062 3056 et
1095 2996 1337 3076 qratiis
1376 2998 1544 3059 actis
1580 2996 1763 3058 dedit
1796 2998 1923 3069 eie,
1965 2996 2180 3060 dicens
2192 3045 2211 3076 ,
2254 2999 2350 3062 bi-

220 3099 349 3160 bite
383 3117 471 3160 ex
509 3080 586 3158 εδ
604 3116 841 3172 omnes,
887 3095 999 3157 hoo
1034 3095 1202 3157 enim
1240 3104 1335 3157 est
1360 3095 1649 3179 Sanquis
1687 3116 1865 3158 meus
1896 3099 2044 3159 novi
2064 3099 2352 3178 foederis

225 3199 341 3278 qui
383 3218 507 3281 pro
559 3196 788 3261 ‘multis
823 3195 1201 3276 effunditur.-
1256 3195 1398 3258 dico
1455 3199 1628 3259 vobis
1679 3197 1847 3277 quod
1879 3217 2004 3259 non
2040 3199 2356 3261 bibiturus·

227 3299 359 3360 aim
398 3318 448 3360 a
485 3317 655 3361 nunc
700 3316 783 3359 ear
839 3296 953 3356 hoo
998 3296 1314 3377 yenimine
1361 3299 1516 3360 vitis
1571 3317 1768 3377 usque
1820 3296 1912 3360 ad
1955 3297 2125 3359 diem
2164 3296 2356 3360 illum

227 3398 489 3478 quando
523 3398 638 3461 hoc
675 3397 879 3460 bibero
913 3397 1233 3458 vobiscum
1275 3397 1344 3458 in
1381 3398 1607 3478 Reyno
1635 3397 1820 3458 Dm
1861 3397 2085 3456 Matth:
2114 3394 2353 3458 XXVI:

234 3501 352 3560 26.
391 3504 511 3561 27.
556 3502 669 3559 28.
714 3501 824 3569 29.
875 3498 1075 3557 Marc:
1113 3497 1287 3558 XIV:
1328 3503 1440 3558 22.
1482 3501 1592 3559 23.
1631 3501 1741 3557 24.
1783 3499 1895 3557 25.
1950 3495 2110 3554 Luc:
2147 3496 2355 3556 XXII:

244 3601 276 3654 1
299 3599 357 3657 5.
399 3602 515 3659 16.
558 3605 669 3659 17.
717 3602 827 3659 18.
873 3601 982 3657 19.
1026 3601 1112 3656 20
1133 3618 1149 3674 3
1206 3601 1346 3674 quia
1389 3617 1501 3676 per
1535 3599 1759 3658 Vinum
1793 3596 2144 3672 intelligitur
2177 3596 2353 3655 Divi-

240 3713 384 3756 num
418 3697 648 3758 Verum
697 3700 967 3758 nutriens
1020 3699 1397 3775 spiritualem
1441 3702 1655 3772 vitam,
1710 3697 1845 3757 ideo
1889 3698 2184 3757 Dominus
2236 3697 2356 3759 illis

243 3792 391 3855 dicit
452 3798 660 3872 „Dico
693 3798 903 3872 vobis,
971 3799 1131 3874 quod
1183 3817 1302 3857 non
1351 3800 1647 3859 bibiturus
1692 3800 1805 3857 sim
1854 3816 1891 3857 a
1924 3814 2080 3856 nunc
2131 3814 2206 3858 ex
2239 3799 2357 3861 hoc

246 3897 542 3968 genimine
575 3900 713 3960 vitis
749 3915 944 3976 usque
981 3899 1058 3957 ad
1092 3898 1249 3983 diem
1282 3899 1451 3959 illum
1486 3898 1721 3976 quando
1756 3899 1869 3959 hoc
1903 3899 2112 3959 bibero
2145 3900 2355 3961 vobis-

248 4009 387 4054 cum
420 4015 637 4059 novum
692 4002 755 4061 in
790 3999 999 4076 Regno
1033 3998 1153 4058 Dei
1173 4001 1231 4077 “3
1287 4001 1426 4059 inde
1460 4006 1658 4076 patet,
1712 4001 1872 4076 quod
1917 4001 2232 4078 spirituale
2279 4003 2359 4061 sit

249 4096 408 4166 quod
438 4098 804 4178 intelligitur,
858 4099 1000 4160 dicit
1034 4101 1189 4159 enim
1226 4101 1385 4176 quod
1418 4100 1562 4178 Ipse
1599 4100 1893 4161 bibiturus
1930 4103 2010 4159 sit
2044 4118 2177 4160 cum
2212 4100 2356 4177 illis,

247 4198 307 4250 et
341 4199 499 4274 quod
542 4203 607 4260 in
640 4201 852 4278 Regno
889 4201 1007 4260 Dei
1068 4215 1178 4261 seu
1234 4203 1293 4259 in
1330 4200 1548 4276 Coe103
1606 4207 1666 4259 et
1719 4201 1879 4277 quod
1929 4201 2107 4260 etiam
2142 4215 2357 4259 esurus
