2791 4778
389 370 607 439 CAPUT
646 368 954 426 sExTom.
1758 367 1965 422 vERS:
2011 378 2064 429 e.
2223 380 2331 432 263

251 548 353 601 me,
402 527 534 588 ideo
589 528 784 590 unxit
817 525 1102 588 Jehovah
1144 546 1240 586 me
1283 525 1373 587 ad
1419 522 1986 606 evanqelizandum
2021 529 2336 608 paupe-ri—

248 629 384 690 bu8“
419 628 589 688 LXI:
640 632 710 704 13
765 628 925 704 quod
952 637 1317 703 ungerentur
1351 627 1725 704 Prophetae,
1775 635 1904 685 erat
1940 643 2151 701 causa,
2194 630 2337 703 quia

244 728 550 805 Prophetae
591 727 1125 805 repraesentabant
1158 727 1480 788 Dominum
1527 726 1723 802 quoad
1760 727 2088 786 doctrinam
2118 727 2331 787 Divini

245 828 399 902 Veri,
466 828 717 904 proinde
766 828 960 904 quoad
1015 827 1309 900 Verbum,
1387 845 1529 886 nam
1594 826 1863 886 Verbum
1918 832 2014 885 est
2064 827 2333 887 doctrina

241 928 416 987 Divini
447 928 621 995 Veri:
678 927 834 1004 quod
870 927 1208 1003 Prophetae
1259 927 1588 986 doctrinam
1636 944 1668 985 e
1715 927 1918 986 Verbo
1969 944 2329 1003 repraesen-

242 1031 470 1087 taverint
519 1036 580 1086 et
627 1028 766 1086 inde
813 1026 1307 1102 significaverint,
1366 1027 1660 1098 videatur,
1702 1045 1773 1086 n:
1830 1028 2043 1086 2534.
2102 1030 2327 1104 72693

241 1130 292 1185 in
320 1130 511 1203 specie
560 1128 728 1187 Elias
760 1133 818 1186 et
851 1126 1151 1199 Elischah‚
1191 1145 1262 1184 n:
1306 1131 1390 1185 27
1409 1129 1519 1186 62.
1568 1128 1749 1186 5247
1782 1126 1880 1184 fin:
1916 1128 2138 1186 9372:
2172 1127 2334 1203 quod

239 1226 497 1286 Dominus
526 1227 725 1304 quoad
755 1228 1035 1292 Divinum
1071 1228 1416 1285 Humanum
1454 1229 1535 1285 sit
1560 1227 1662 1302 qui
1697 1232 2202 1302 repraesentatur,
2247 1230 2331 1287 ita

239 1344 332 1402 per
362 1345 530 1402 quem
564 1329 735 1387 unxit
779 1326 1088 1400 Jehovah,
1145 1325 1319 1386 docet
1356 1326 1498 1402 Ipse
1549 1326 1841 1385 Dominus
1878 1326 2041 1402 apud
2075 1327 2323 1400 Lucam,

243 1425 376 1501 Cap:
421 1427 547 1488 IV:
597 1430 709 1487 18.
764 1431 872 1485 19.
936 1428 1047 1485 20.
1103 1430 1214 1485 21.
1298 1425 1530 1500 Suro,
1587 1427 1747 1502 quod
1793 1433 2011 1502 postea
2055 1430 2332 1486 unxerint

238 1524 436 1602 RegeS,
488 1535 547 1587 et
588 1527 752 1603 quod
790 1527 878 1584 illi
923 1526 1066 1585 dicti
1114 1526 1335 1585 fuerint
1381 1525 1560 1586 Uncti
1604 1525 1910 1599 Jehovae,
1969 1534 2202 1585 constat
2254 1544 2325 1587 ex

236 1626 476 1700 pluribus
525 1628 679 1687 locis
727 1630 789 1685 in
834 1626 1068 1700 Verb0,
1145 1633 1211 1685 ut
1262 1627 1293 1685 1
1330 1625 1502 1685 Sam:
1556 1626 1650 1684 X:
1715 1631 1772 1684 l.
1839 1625 2000 1703 Cap:
2053 1626 2209 1686 XV:
2266 1631 2323 1685 1.

238 1724 370 1801 Cap:
413 1729 592 1787 XVI:
639 1730 702 1786 3.
749 1731 808 1786 6.
882 1729 993 1785 12.
1059 1725 1216 1804 Cap:
1269 1726 1523 1786 XXIV:
1585 1732 1659 1785 7.
1720 1730 1830 1787 11.
1883 1725 2039 1804 Cap:
2077 1726 2323 1786 XXVI:

244 1828 291 1883 9.
354 1832 457 1887 11.
524 1832 634 1889 16.
708 1827 817 1887 25.
910 1826 974 1885 Π
1036 1826 1209 1886 Sam:
1290 1825 1451 1901 Cap:
1531 1826 1592 1885 1:
1674 1829 1778 1885 16.
1871 1825 2031 1903 Cap:
2093 1826 2185 1887 II:
2259 1831 2323 1885 4.

240 1930 290 1983 7.
342 1926 489 2004 Cap:
542 1927 631 1986 V:
699 1929 757 1986 3.
843 1925 1001 2002 Cap:
1048 1926 1234 1986 XIX:
1280 1930 1390 1984 22.
1467 1926 1498 1985 I
1538 1926 1696 2004 Reg:
1738 1927 1796 1986 I:
1841 1928 1951 1986 34.
1998 1928 2106 1986 35.
2166 1928 2324 2004 Cap:

235 2024 386 2086 XIX:
426 2030 533 2088 15.
575 2031 690 2087 16.
729 2025 959 2102 IIReg:
996 2026 1107 2085 IX:
1144 2029 1204 2086 3.
1246 2026 1394 2103 Cap:
1432 2026 1545 2086 XI:
1582 2029 1690 2085 12.
1732 2026 1879 2104 Cap:
1917 2027 2165 2088 XXIII:
2210 2028 2322 2086 30.

237 2124 442 2186 Thi-en:
477 2127 594 2187 IV:
645 2128 760 2186 20.
816 2126 1228 2185 Habak2111:
1276 2129 1384 2186 13.
1439 2127 1672 2186 Psalm:
1721 2126 1811 2185 II:
1871 2131 1930 2185 2.
1979 2130 2039 2184 6.
2084 2128 2321 2187 Psalm:

235 2223 368 2286 XX:
423 2234 478 2286 7.
567 2227 811 2287 Psalm:
874 2226 1182 2286 XXVIII:
1253 2231 1309 2287 8.
1379 2226 1617 2286 Psalm:
1679 2226 1885 2286 XLV:
1940 2228 2001 2284 8.
2085 2225 2319 2286 Psalm:

236 2323 560 2386 LXXXIV:
641 2329 751 2387 10.
817 2327 1046 2386 Psalm:
1113 2326 1481 2386 LXXXIX:
1551 2329 1662 2385 21.
1716 2328 1824 2384 39.
1899 2328 2009 2385 52.
2083 2325 2318 2385 Psalm:

241 2424 530 2488 CXXXII:
575 2434 601 2488 1
629 2435 702 2500 73
742 2435 802 2488 et
838 2428 995 2488 alibi.
1034 2427 1236 2487 Causa
1275 2428 1435 2504 quod
1472 2428 1750 2486 unxerint
1781 2426 2003 2502 RegeS,
2041 2432 2199 2500 erat,
2260 2434 2324 2483 ut

241 2535 728 2599 repraesentarent
773 2529 1095 2587 Dominum
1148 2528 1345 2603 quoad
1391 2528 1684 2604 judicium
1734 2544 1810 2585 ex
1861 2526 2082 2589 Divino
2134 2526 2319 2599 Vero,

238 2637 568 2703 quapropter
621 2632 684 2686 in
735 2629 934 2687 Verbo
991 2647 1101 2703 per
1145 2628 1347 2704 Reges
1397 2626 1806 2704 significantur
1861 2627 2084 2685 Divina
2139 2626 2319 2698 Vera,

236 2724 702 2807 videatursupra
746 2747 815 2787 n:
860 2732 969 2789 31.
1041 2728 1217 2804 Quod
1250 2728 1450 2803 Reges
1490 2727 1629 2785 dicti
1664 2727 1895 2804 suerint·
1914 2725 2089 2786 Uncti
2125 2726 2318 2786 Jeho-

232 2840 347 2894 vae,
380 2839 434 2885 et
459 2830 621 2910 quod
656 2829 789 2886 ideo
818 2837 1261 2887 sacrosanctum
1300 2829 1477 2886 fuerit
1507 2825 1748 2885 laedere
1783 2826 1940 2897 illos,
1978 2834 2106 2886 erat
2137 2844 2322 2885 causa

232 2927 349 2998 quia
384 2945 489 3003 per
512 2929 775 2991 Unctum
801 2929 1077 2987 Jehovae
1108 2928 1459 3004 intelligitur
1487 2927 1780 2986 Dominus
1811 2927 2010 3003 quoad
2036 2928 2321 2987 Divinum

230 3021 573 3103 Humanum,
634 3031 876 3088 tametsi
912 3028 1109 3103 quoad
1143 3045 1386 3087 sensum
1421 3028 1632 3086 literae
1670 3028 2006 3104 applicatur
2041 3014 2191 3105 Regi
2222 3030 2322 3104 qui

228 3122 345 3184 oleo
370 3137 597 3204 unctus3
631 3128 925 3187 Dominus
955 3129 1112 3186 enim
1137 3145 1270 3187 cum
1294 3131 1353 3186 in
1375 3126 1592 3188 mundo
1620 3128 1747 3202 fuit,
1778 3128 1888 3186 suit
1910 3129 2114 3204 Ipsum
2143 3128 2318 3185 Divi-

227 3239 347 3283 num
384 3228 612 3287 Verum
648 3230 844 3304 quoad
878 3229 1250 3302 Humanum,
1295 3237 1354 3287 et
1387 3227 1500 3286 fuit
1524 3227 1736 3304 Ipsum
1766 3229 2048 3290 Divinum
2087 3229 2321 3286 Bonum

225 3320 406 3386 Divini
440 3329 915 3404 Amorisquoad
949 3331 1152 3404 ipsum
1185 3329 1338 3387 Esse
1376 3330 1538 3386 vitae
1575 3344 1756 3400 suae,
1813 3328 1974 3403 quod
2010 3327 2172 3402 apud
2203 3326 2318 3385 ho-

225 3426 418 3484 minem
455 3437 708 3489 vocatur
747 3431 945 3486 anima
972 3445 1046 3485 ex
1081 3435 1284 3503 patre,
1337 3435 1665 3503 conceptus
1696 3429 1852 3485 enim
1887 3427 1996 3484 suit
2025 3443 2099 3482 ex
2124 3424 2319 3482 Jeho-

227 3523 345 3590 vah,
367 3526 406 3585 J
411 3528 648 3588 ehovah
665 3530 727 3586 in
757 3526 956 3587 Verbo
984 3535 1078 3587 est
1102 3528 1387 3586 Divinum
1403 3526 1637 3585 Bonum
1650 3526 1850 3583 Divini
1878 3524 2134 3595 Amoris,
2163 3522 2323 3597 quod

227 3629 307 3680 est
337 3625 483 3686 Esse
521 3630 784 3687 omnium
820 3630 1014 3704 vitae3
1067 3627 1206 3687 inde
1245 3635 1366 3700 est,
1410 3627 1570 3702 quod
1607 3624 1784 3685 Solus
1815 3622 2106 3682 Dominus
2142 3620 2324 3679 fuerit

225 3718 431 3788 Unctus
466 3724 504 3787 J
514 3728 743 3788 ehovae
777 3730 912 3804 ipsa
948 3730 1212 3787 essentia
1250 3735 1309 3787 et
1349 3730 1484 3804 ipso
1522 3732 1658 3784 actu
1671 3769 1689 3800 ,
1731 3725 2004 3799 quoniam
2040 3721 2324 3780 Divinum
2354 3706 2365 3714 ’

223 3817 433 3884 Bonum
470 3829 678 3887 Divini
717 3830 956 3887 Amoris
1006 3829 1113 3887 suit
1148 3830 1209 3886 in
1249 3828 1424 3904 Ips0,
1483 3844 1551 3885 ac
1589 3826 1874 3885 Divinum
1908 3823 2133 3882 Verum
2175 3839 2319 3899 pro-

224 3923 426 3984 cedens
465 3945 539 3986 ex
576 3927 720 4004 Ipso
755 3928 859 3988 illo
895 3928 1061 3987 Bono
1096 3931 1156 3987 in
1193 3929 1471 3986 Humano
1507 3927 1709 4004 Ipsius
1738 3942 1874 3984 cum
1908 3924 2021 3983 fuit
2053 3927 2115 3982 in
2140 3924 2319 3983 Mun·-

223 4020 310 4093 do,
341 4026 611 4086 videatur
650 4045 838 4105 supra
871 4047 940 4087 n:
985 4031 1096 4088 63.
1138 4030 1302 4088 200.
1345 4030 1510 4088 228.
1564 4029 1737 4087 328;
1794 4032 1856 4085 ct
1892 4028 1955 4084 in
1998 4026 2326 4086 Doc'rnnu

218 4116 417 4184 Novam:
444 4126 951 4200 Hmaosummn,
1001 4147 1070 4187 n:
1116 4129 1279 4188 293.
1319 4130 1483 4187 294.
1523 4129 1688 4187 295.
1734 4129 1897 4187 303.
1940 4130 2100 4189 304.
2145 4128 2321 4191 30,5;

217 4214 409 4298 Reges
441 4233 642 4287 autem
679 4237 893 4304 terrae,
933 4246 1050 4289 non
1085 4229 1325 4289 suerunt
1363 4230 1526 4287 uncti
1566 4228 1865 4306 Jehovae,
1914 4227 2024 4289 sed
2059 4231 2141 4286 ita
2185 4226 2328 4284 dicti
