2791 4778
393 328 652 403 'CAPUT
691 346 1003 403 sExTuM.
1810 348 2019 406 vnce:
2067 361 2119 413 1.
2278 363 2385 414 ιω

256 509 666 584 conscriptum
701 513 798 568 est
829 523 941 582 per
974 522 1172 566 meras
1212 506 1818 585 correspondentias3
1854 509 1993 568 inde
2028 507 2094 568 fit
2129 517 2193 570 ut
2231 528 2385 588 quo-

257 625 380 684 que
414 609 765 684 praesentia
800 606 1045 666 Domini
1079 614 1140 666 et
1172 606 1543 684 Angelorum
1581 608 1751 668 Coeli
1796 611 1876 669 sit
1911 608 2076 687 apud
2108 609 2245 671 illos
2282 612 2388 689 qui

254 709 649 768 circumcirca
681 723 792 766 seu
830 713 997 765 extra
1034 724 1167 766 eam
1203 713 1362 781 sunt,
1403 710 1506 785 qui
1535 708 1762 770 Gentes
1798 716 2106 784 vocantur3
2143 717 2210 769 ut
2238 728 2384 771 eon-

254 815 422 869 stare
457 812 660 883 potest
696 824 770 865 ex
804 806 922 865 illis
960 824 1114 883 quae
1148 809 1211 865 in
1249 806 1451 885 Opere
1489 808 1564 868 de
1616 809 1824 869 Coeno
1872 825 1950 869 ετ
1983 809 2259 870 larnano
2310 812 2385 871 de

257 907 677 984 conjunctione
707 905 875 967 Coeli
903 924 1037 966 eum
1065 907 1301 967 homine
1329 908 1641 969 Ecclesiae
1669 926 1781 985 per
1802 909 2068 969 Verbum
2107 928 2182 969 n:
2225 914 2382 970 114.

261 1008 406 1068 303
449 1007 525 1065 ad
567 1009 839 1082 3103et
874 1009 936 1065 in
970 1006 1300 1066 DocrmNA
1334 1008 1549 1068 Noun
1584 1009 2072 1068 Hmnosommn
2109 1027 2180 1069 n:
2224 1014 2386 1071 244.

261 1109 431 1168 246.
475 1106 612 1166 255
656 1106 734 1164 ad
776 1109 937 1182 266,
999 1107 1158 1165 dicta
1204 1115 1266 1167 et
1303 1114 1549 1168 ostensa
1582 1116 1743 1168 sunt.
1822 1109 2099 1169 Ecclesia
2134 1113 2288 1168 enim
2325 1114 2386 1171 in

256 1210 544 1268 universo
579 1213 875 1265 terrarum
911 1205 1072 1267 Orbe
1109 1214 1203 1266 est
1238 1224 1440 1268 coram
1472 1208 1731 1269 Domino
1785 1210 1940 1269 sicut
1974 1225 2130 1269 unus
2165 1210 2382 1286 Homo,

252 1325 445 1369 unum
480 1309 634 1366 enim
671 1307 816 1365 facit
850 1323 984 1366 cum
1021 1306 1206 1367 Coelo
1233 1307 1555 1384 Angelico,
1597 1308 1755 1385 quod
1789 1309 1850 1368 id
1885 1326 2083 1368 coram
2119 1309 2383 1370 Domino

255 1411 341 1469 sit
375 1409 531 1467 sicut
564 1422 720 1467 unus
747 1406 962 1481 Homo,
1000 1407 1275 1466 videatur
1307 1410 1370 1466 in
1397 1406 1598 1485 Opere
1635 1409 1709 1469 de
1750 1409 1961 1470 Coeno
2001 1428 2080 1469 nr
2107 1408 2386 1472 Inrnnno

252 1527 329 1568 n:
377 1509 463 1568 59
503 1507 580 1566 ad
624 1509 796 1581 1023
848 1509 911 1565 in
945 1507 1059 1568 hoc
1094 1507 1351 1567 Homine
1409 1515 1504 1567 est
1537 1508 1814 1569 Ecclesia
1866 1510 1970 1569 ubi
2005 1510 2274 1570 Verbum
2325 1516 2387 1572 et

252 1626 369 1687 per
400 1608 464 1668 id
486 1608 782 1667 Dominus
808 1612 1004 1681 notuS,
1041 1610 1197 1667 sicut
1226 1607 1344 1669 Cor
1382 1615 1445 1667 et
1470 1610 1627 1668 sicut
1652 1608 1884 1685 Pulmo‚
1921 1610 2195 1669 Ecclesia
2220 1611 2385 1688 apud

251 1709 393 1769 illos
430 1711 534 1785 qui
567 1709 628 1767 in
664 1724 865 1767 amore
902 1708 1152 1768 coelesti
1201 1714 1341 1767 sunt
1376 1711 1536 1770 sicut
1565 1708 1700 1784 Cor,
1741 1715 1803 1769 et
1829 1710 1992 1787 apud
2018 1710 2154 1769 illos
2192 1712 2383 1787 quiin

252 1826 459 1869 amore
494 1808 792 1886 spirituali
827 1815 966 1867 sunt
992 1810 1149 1867 sicut
1172 1809 1417 1885 Pulm03
1456 1827 1642 1885 quare
1677 1812 1836 1869 sicut
1870 1812 2066 1870 omnia
2092 1811 2379 1886 membra,

250 1911 494 1969 viscera
529 1916 590 1967 et
625 1926 849 1984 organa
886 1910 1151 1985 corporis
1188 1911 1401 1968 vivunt
1438 1929 1513 1969 ex
1541 1910 1735 1971 Corde
1773 1918 1833 1970 et
1870 1928 1944 1970 ex
1972 1911 2283 1982 Pulmone,
2319 1918 2382 1972 et

251 2027 333 2070 ex
370 2027 579 2070 eorum
613 2009 838 2068 influxu
899 2017 962 2068 et
1010 2009 1150 2068 inde
1201 2013 1583 2086 praesentia,
1638 2015 1725 2070 ita
1777 2029 2015 2089 quoque
2070 2028 2276 2072 omnes
2321 2014 2383 2071 in

248 2112 540 2173 universo
593 2116 891 2168 terrarum
930 2109 1122 2182 Orbe,
1180 2112 1280 2185 qui
1313 2110 1651 2171 Ecclesiam
1704 2111 2105 2171 universalem
2153 2115 2380 2173 consti-

246 2217 463 2286 tuunt,
520 2209 597 2268 ab
632 2208 910 2269 Ecclesia
945 2209 1050 2268 ubi
1087 2209 1380 2285 Verbum,
1436 2211 1628 2270 influit
1684 2213 1841 2270 enim
1902 2211 2038 2271 inde
2086 2212 2380 2271 Dominus

249 2330 391 2371 cum
425 2326 628 2370 amore
666 2315 727 2369 et
760 2325 896 2370 cum
928 2310 1097 2385 luce,
1152 2328 1224 2371 ac
1259 2310 1524 2371 vivificat
1575 2317 1635 2371 et
1668 2310 1909 2370 ilustrat
1943 2328 2147 2370 omnes
2183 2313 2287 2389 qui
2320 2313 2384 2370 in

252 2412 459 2488 aliqua
519 2412 832 2472 affectione
899 2413 1027 2476 veri
1077 2412 1380 2489 spirituali
1434 2418 1604 2485 sunt,
1656 2412 1998 2487 ubicunque
2046 2418 2218 2487 sunt3
2276 2411 2384 2471 lux

259 2511 459 2587 Coeli,
513 2529 621 2572 seu
659 2512 766 2570 lux
807 2514 871 2570 in
907 2531 1026 2589 qua
1061 2520 1201 2571 sunt
1234 2508 1452 2589 Angeli
1489 2511 1657 2573 Coeli
1710 2514 1812 2589 qui
1848 2511 1924 2570 ab
1958 2511 2072 2570 hac
2113 2511 2380 2586 Tellure,

255 2617 359 2671 est
390 2628 429 2669 a
454 2611 704 2672 Domino
730 2630 842 2688 per
867 2611 1154 2688 Verbum,
1193 2613 1332 2672 inde
1369 2619 1745 2691 propagatur
1777 2612 1884 2672 lux
1921 2618 1988 2671 ut
2022 2630 2055 2671 e
2085 2612 2281 2671 medio
2321 2615 2383 2671 in

246 2712 629 2791 peripherias
678 2712 1111 2788 undequaque,
1171 2716 1257 2772 ita
1308 2713 1385 2771 ad
1420 2713 1558 2773 illos
1605 2716 1707 2790 qui
1750 2713 1838 2772 ibi
1886 2719 2059 2789 sunt,
2124 2715 2257 2790 qui,
2313 2719 2381 2772 ut

248 2813 476 2872 dictum
513 2818 636 2884 est,
697 2817 837 2871 sunt
871 2820 1083 2889 gentes
1134 2831 1289 2890 quae
1342 2820 1518 2873 extra
1547 2820 1810 2873 nostram
1847 2813 2214 2890 Ecclesiam3
2269 2812 2380 2874 sed

243 2913 402 2973 haec
435 2913 795 2991 propagatio
830 2913 984 2972 lucis
1042 2912 1110 2972 fit
1156 2915 1219 2972 in
1255 2912 1442 2974 Coelo
1477 2931 1515 2972 a
1548 2914 1805 2974 Domino
1819 2934 1836 2991 3
1890 2920 1952 2974 et
2006 2914 2166 2991 quod
2209 2914 2276 2973 fit
2319 2916 2381 2973 in

247 3011 472 3087 Coelo,
528 3014 645 3073 hoc
680 3030 917 3090 quoque
959 3014 1153 3073 influit
1201 3015 1261 3072 in
1312 3020 1545 3074 mentes
1582 3014 1919 3089 hominum,
1972 3032 2110 3074 nam
2147 3022 2379 3074 mentes

240 3113 550 3173 hominum
584 3131 766 3172 unum
800 3114 1027 3173 faciunt
1062 3131 1200 3172 cum
1234 3114 1532 3174 mentibus
1559 3116 1880 3192 spirituum
1923 3123 1983 3175 et
2014 3115 2378 3193 angelorum.

243 3213 419 3274 Haec
453 3232 613 3275 nunc
650 3229 836 3273 causa
871 3221 993 3289 est,
1035 3214 1196 3291 quod
1228 3216 1292 3272 in
1324 3215 1440 3274 hoc
1467 3214 1649 3274 Libro
1684 3214 2045 3292 Prophetico
2080 3215 2376 3291 imprimis

245 3319 467 3390 agatur
501 3315 576 3375 de
610 3314 730 3373 illis
766 3316 867 3389 qui
899 3322 1039 3374 sunt
1074 3315 1149 3373 ab
1179 3314 1457 3374 Ecclesia
1480 3315 1584 3374 ubi
1611 3314 1909 3389 Verbum3
1967 3316 2164 3391 agitur
2201 3316 2378 3373 etiam

243 3419 391 3474 tunc
426 3415 501 3474 de
537 3414 658 3474 illis
713 3415 814 3490 qui
862 3414 937 3474 ab
972 3414 1249 3476 Ecclesia
1296 3414 1402 3474 ubi
1452 3432 1568 3475 non
1603 3415 1901 3485 Verbum,
1966 3415 2208 3472 tametsi
2260 3428 2379 3470 non

245 3515 550 3593 proxime3
590 3517 862 3591 sequitur
898 3518 1053 3575 enim
1090 3514 1405 3590 dispositio
1446 3531 1653 3575 eorum
1690 3518 1795 3592 qui
1830 3516 2052 3573 circum
2087 3518 2228 3571 sunt
2262 3527 2364 3570 se-

245 3614 505 3674 cundum
544 3632 683 3675 eum
718 3614 1012 3689 ordinem,
1067 3618 1130 3674 in
1165 3632 1284 3692 quo
1319 3620 1459 3674 sunt
1494 3618 1598 3693 qui
1630 3617 1694 3674 in
1726 3613 1945 3674 medie.

404 3716 567 3775 352.
626 3713 778 3775 Cum
827 3718 1168 3791 aperuisset
1203 3715 1417 3792 Agnus
1471 3717 1730 3792 primum
1776 3732 1852 3774 ex
1896 3713 2141 3791 sigillis,
2218 3712 2377 3790 quod

240 3814 542 3890 significet
564 3817 816 3892 primam
846 3831 882 3871 a
909 3816 1166 3876 Domino
1202 3816 1763 3890 manifestationem,
1801 3821 2037 3873 constat
2073 3832 2148 3876 ex
2182 3816 2371 3891 signi-

240 3914 524 3975 ficatione
561 3918 797 3993 aperire
836 3915 1127 3993 sigillum,
1176 3915 1335 3992 quod
1370 3918 1450 3975 sit
1484 3915 1759 3991 revelare
1798 3914 2178 3989 abscondita,
2214 3932 2371 3992 quae

239 4014 408 4075 intus
442 4019 673 4094 scripta
710 4022 884 4089 sunt,
921 4034 1061 4076 nam
1097 4014 1233 4077 c'um
1268 4018 1538 4094 aperitur
1574 4016 1867 4093 sigillum,
1904 4016 2186 4095 leguntur
2217 4032 2374 4092 quae

234 4115 420 4191 inibi,
457 4116 556 4177 hic
590 4115 945 4177 abscondita
981 4133 1134 4194 quae
1170 4133 1346 4176 nemo
1380 4119 1536 4176 scire
1571 4119 1768 4194 potuit
1803 4135 1980 4193 quam
2022 4115 2199 4177 Solus
2237 4115 2369 4174 Do-

233 4218 470 4290 minus,
508 4223 649 4278 sunt
685 4219 840 4279 enim
869 4223 1061 4278 status
1100 4219 1359 4278 omnium
1390 4219 1456 4276 in
1484 4218 1778 4279 communi
1815 4226 1874 4278 et
1901 4219 1958 4275 in
1987 4214 2371 4293 particulari,
