2791 4778
478 407 585 462 13‘2
741 394 1235 453 APOCALYPSIS
1279 392 1717 448 EXPLICATA.
1770 393 1817 463 §.
1863 403 1993 457 331.
2035 402 2167 458 332.
2212 403 2338 455 333.

479 559 726 628 Gentes,
765 558 866 632 qui
901 554 1137 632 expulsi
1175 570 1208 614 e
1245 559 1407 613 terra
1436 550 1716 612 Canaane
1753 557 1909 611 sunt.
1961 552 2275 613 Addantur
2306 554 2395 612 his
2431 571 2573 637 quae

477 675 662 734 supra
692 675 765 715 n:
812 659 840 713 1
863 660 893 714 7
916 657 972 714 5.

635 758 670 816 3
687 759 796 816 32.
851 755 926 814 Et
953 755 1147 815 fecisti
1170 770 1280 813 nos
1307 753 1440 813 Deo
1468 759 1673 812 nostro
1698 752 1900 830 Reges
1930 761 1991 813 et
2017 752 2392 829 Sacerdotes,
2432 754 2578 832 quod

477 857 770 933 signiticet
804 856 964 933 quod
999 856 1083 914 illi
1120 874 1157 912 a
1189 855 1446 913 Domino
1508 856 1641 913 sint.
1674 856 1733 911 in
1771 854 1932 912 veris
1972 860 2032 913 et
2065 854 2239 914 bonis
2274 855 2573 914 Ecclesiae

480 964 539 1016 et
577 955 772 1030 Coeli,
829 963 1104 1016 constare
1152 960 1354 1032 potest
1402 972 1473 1013 ex
1521 954 1640 1013 illis
1688 970 1842 1030 quae
1879 971 2066 1032 supra
2100 973 2165 1014 n:
2205 957 2286 1014 31
2348 961 2576 1014 ostensa

479 1063 651 1130 sunt,
704 1057 807 1115 ubi
841 1056 1055 1115 similia
1091 1055 1295 1115 verba.
1901 1039 1906 1044 ’

637 1159 796 1228 333.
850 1157 929 1216 Et
963 1155 1343 1232 regnabimus
1379 1173 1565 1233 super
1600 1163 1791 1229 terra,
1850 1154 2007 1231 quod
2044 1157 2338 1233 significet
2373 1163 2572 1235 poten-

470 1263 619 1319 tiam
672 1276 827 1335 quae
884 1256 1008 1317 Soli
1054 1256 1309 1314 Domino
1362 1275 1473 1333 per
1508 1256 1792 1316 Divinum
1828 1255 2053 1315 Verum
2105 1260 2334 1315 unitum
2373 1257 2574 1316 Divino

412 1374 419 1379 ·
474 1360 671 1434 Bono,
712 1375 783 1418 ac
817 1357 955 1416 inde
984 1357 1321 1433 potentiam
1358 1364 1419 1416 et
1454 1358 1808 1432 sapientiam
1846 1355 1963 1413 illis
2002 1359 2102 1433 qui
2141 1375 2172 1414 e
2209 1358 2425 1434 Regno
2459 1358 2573 1417 Do-

477 1462 619 1520 mini
653 1459 951 1536 spirituali
1002 1463 1062 1516 et
1096 1456 1347 1516 coelesti
1391 1463 1559 1526 sunt,
1615 1463 1848 1515 constat
1901 1473 1975 1514 ex
2025 1458 2457 1533 significatione
2490 1476 2572 1516 re-

476 1577 687 1638 gnare,
746 1558 905 1636 quod
939 1559 1018 1616 sit
1051 1559 1111 1615 in
1144 1559 1306 1617 veris
1343 1565 1404 1616 et
1438 1557 1608 1616 bonis
1645 1573 1809 1628 esse,
1868 1562 1929 1614 et
1977 1558 2116 1615 inde
2166 1576 2204 1616 a
2236 1558 2495 1618 Domino
2527 1559 2575 1616 in

474 1662 746 1737 potentia
770 1656 1089 1716 resistendi
1117 1658 1289 1716 malis
1319 1664 1380 1717 et
1405 1657 1573 1716 falsis
1601 1674 1755 1734 quae
1784 1656 1860 1715 ab
1886 1656 2154 1733 Inserno3
2195 1665 2255 1717 et
2282 1662 2428 1734 quia
2451 1676 2576 1718 vera

480 1767 540 1818 et
573 1759 731 1817 bona
767 1763 905 1815 sunt
943 1775 978 1813 a
1016 1756 1157 1816 Solo
1192 1758 1483 1828 Domino,
1533 1763 1595 1815 et
1628 1760 1817 1816 omnis
1864 1760 2132 1832 potentia
2179 1765 2273 1817 est
2318 1762 2481 1819 veris
2515 1777 2575 1817 ex

477 1860 667 1931 bono,
719 1875 903 1934 quare
938 1874 1049 1933 per
1083 1875 1335 1935 regnare
1373 1856 1748 1933 significatur
1782 1860 2055 1935 potentia
2101 1876 2255 1933 quae
2296 1859 2427 1919 Soli
2460 1860 2570 1917 Do·

479 1960 637 2018 mino
684 1976 794 2035 per
838 1957 1120 2015 Divinum
1164 1958 1391 2016 Verum
1428 1960 1659 2016 unitum
1694 1958 1913 2016 Divino
1949 1957 2150 2028 Bono,
2201 1966 2261 2017 et
2296 1961 2438 2020 inde
2471 1959 2572 2017 illis

478 2062 747 2136 potentia
782 2060 882 2135 qui
915 2060 975 2116 in
1011 2060 1222 2135 Regno
1258 2059 1500 2117 Domini
1529 2057 1837 2134 Spirituali
1875 2065 1933 2116 et
1963 2058 2225 2118 Coelesti
2261 2067 2436 2119 sunt:
2489 2060 2573 2136 qui

477 2178 594 2221 non
630 2159 901 2219 Verbum
946 2162 1006 2217 in
1060 2175 1242 2217 sensu
1278 2159 1577 2235 spirituali
1625 2160 1737 2218 rite
1781 2158 2090 2235 intelligit,
2145 2160 2384 2235 putabit
2433 2157 2571 2237 quod

479 2262 641 2321 sicut
673 2278 852 2338 reges
891 2266 952 2319 et
987 2260 1331 2318 sacerdotes
1369 2259 1552 2317 futuri
1586 2259 1733 2330 sint,
1777 2265 1846 2317 et
1895 2277 2031 2318 cum
2064 2260 2324 2320 Domino
2363 2277 2564 2338 regna-

476 2365 623 2439 turi,
678 2361 788 2422 sed
823 2363 882 2420 in
919 2377 1101 2420 sensu
1138 2359 1437 2437 spirituali
1496 2376 1604 2435 per
1648 2376 1823 2436 reges
1870 2360 2285 2437 intelliguntur
2331 2379 2479 2422 vera
2521 2363 2570 2418 et

474 2483 584 2542 per
620 2464 965 2523 sacerdotes
1013 2462 1171 2521 bona
1207 2460 1510 2519 abstracte
1559 2478 1596 2518 a
1630 2462 1938 2537 personiS,
1991 2478 2103 2520 seu
2146 2464 2208 2519 in
2241 2464 2511 2538 personis
2539 2476 2568 2517 a

471 2564 758 2638 Domino,
813 2564 950 2622 inde
987 2565 1259 2639 sequitur
1294 2559 1455 2636 quod
1489 2577 1634 2618 vera
1668 2578 1745 2618 ex
1778 2561 1935 2619 bono
1972 2569 2297 2637 regnatura
2330 2565 2468 2637 sint,
2501 2564 2570 2621 ita

276 2666 433 2727 [431]
478 2662 656 2723 Solus
692 2664 988 2722 Dominus
1025 2681 1062 2720 a
1098 2663 1232 2739 Quo
1268 2661 1373 2721 illa
1393 2681 1411 2736 3
1449 2660 1668 2737 Angeli
1704 2662 1940 2737 quidem
1976 2664 2036 2719 in
2072 2680 2287 2739 magna
2320 2663 2571 2739 potentia

476 2769 646 2837 sunt,
687 2762 797 2819 sed
830 2778 1024 2838 usque
1060 2763 1258 2820 nullus
1298 2779 1333 2819 a
1368 2778 1434 2819 se
1448 2805 1465 2836 ,
1515 2762 1634 2820 imo
1688 2764 1791 2837 qui
1833 2764 1893 2819 in
1933 2760 2115 2821 Coelo
2154 2764 2373 2838 credit,
2432 2760 2571 2840 quod

474 2866 535 2921 in
570 2864 844 2939 potentia
879 2864 958 2918 sit
1000 2880 1036 2920 a
1062 2878 1149 2935 se,
1188 2868 1487 2920 momento
1516 2862 1863 2937 deprivatur
1890 2863 2026 2937 illa,
2067 2869 2130 2922 et
2157 2871 2300 2922 tunc
2335 2877 2568 2940 prorsus

476 2962 623 3020 nihil
649 2961 840 3019 valet:
897 2962 1056 3036 quod
1090 2964 1150 3019 in
1186 2977 1368 3019 sensu
1411 2961 1622 3020 literae
1660 2961 1895 3020 dicatur
1931 2963 2090 3038 quod
2117 2967 2427 3041 regnaturi
2451 2967 2568 3034 sint,

478 3069 573 3120 cst
608 3063 751 3139 quia
785 3063 997 3120 sensus
1034 3061 1244 3120 literae
1283 3067 1376 3120 est
1411 3061 1776 3137 personaIiS,
1835 3081 2017 3138 quare
2060 3080 2197 3122 cum
2230 3066 2292 3121 in
2328 3082 2401 3124 eo
2439 3064 2569 3122 dici·

477 3170 575 3220 tur
612 3161 770 3238 quod
813 3161 998 3220 futuri
1044 3164 1164 3221 sint
1197 3180 1373 3238 reges
1427 3168 1487 3220 et
1523 3162 1901 3235 sacerdotes,
1958 3166 2140 3222 etiam
2175 3163 2393 3224 dicitur
2430 3160 2572 3240 quod

474 3263 798 3339 regnaturi,
832 3266 895 3320 at
919 3263 976 3321 in
1003 3280 1188 3324 sensu
1214 3263 1512 3341 spirituali
1542 3265 1781 3321 exuitur
1808 3281 1979 3322 omne
2008 3281 2322 3340 personae,
2364 3273 2424 3325 et
2449 3262 2570 3324 inde

476 3382 713 3448 quoque
751 3382 921 3423 omne
959 3364 1202 3424 dominii
1237 3364 1393 3441 quod
1430 3364 1578 3434 illis,
1632 3370 1694 3421 et
1728 3364 2085 3441 relinquitur
2132 3364 2258 3424 Soli
2293 3365 2567 3425 Domino:

468 3459 626 3526 ’haec
673 3465 947 3525 similiter
993 3483 1060 3526 se
1098 3466 1350 3539 habent,
1402 3470 1584 3540 prout
1627 3463 1733 3521 illa
1795 3482 1951 3540 quae
1987 3466 2279 3524 Dominus
2329 3466 2406 3525 ad
2440 3477 2568 3525 suos

471 3565 822 3644 Discipulos
859 3567 1006 3625 dixit
1047 3610 1085 3641 „
1111 3564 1280 3644 quod
1323 3563 1569 3624 sessuri
1604 3582 1794 3643 super
1830 3563 2164 3625 duodecim
2209 3565 2481 3639 thronis,
2521 3566 2571 3621 et

454 3666 828 3749 judicaturi
862 3663 1193 3725 duodecim
1220 3662 1424 3723 tribus
1450 3660 1774 3723 hradist
1812 3664 2034 3724 Matth:
2064 3665 2239 3725 XIX:
2276 3668 2386 3724 28.
2425 3666 2565 3723 Luc:

474 3766 692 3826 XXII:
751 3768 874 3824 30:
943 3771 1069 3822 tum
1120 3780 1273 3841 quae
1309 3764 1602 3822 Dominus
1651 3764 1798 3822 dixit
1845 3765 1921 3823 ad
1967 3766 2214 3825 Petrum
2262 3763 2488 3845 „quod
2521 3759 2572 3820 ci

474 3870 679 3923 essem
718 3861 926 3923 claves
959 3863 1176 3942 Requi
1209 3859 1566 3924 coelorum“
1609 3863 1835 3924 Matth:
1872 3866 2058 3925 XVI:
2106 3869 2226 3943 193
2281 3884 2393 3942 per
2427 3878 2566 3941 quae
2679 3876 2680 3899 ¹

474 3981 595 4023 non
628 3962 977 4039 intelligitur
1003 3964 1161 4039 quod
1187 3963 1485 4040 Discipuli
1520 3972 1578 4021 et
1606 3964 1763 4040 quod
1790 3965 2006 4026 Petrus
2030 3965 2196 4025 illam
2220 3971 2564 4042 potestatem
2677 4014 2678 4019 ,

474 4063 735 4124 habituri
783 4065 936 4136 sint,
1002 4063 1109 4122 sed
1173 4065 1331 4140 quod
1369 4063 1547 4145 Solus
1582 4064 1906 4135 Dominus,
1962 4070 2243 4148 quoniam
2292 4069 2351 4124 in
2399 4078 2566 4124 sensu

475 4164 770 4242 spirituali
803 4182 914 4240 per
949 4163 1261 4223 duodecim
1284 4154 1631 4245 Discipulos
1665 4166 2077 4243 intelliguntur
2117 4169 2314 4226 omnia
2344 4182 2486 4225 vera
2517 4164 2566 4220 et
2675 4224 2676 4233 ξ

474 4265 633 4323 bona
666 4265 975 4325 Ecclesiae
1031 4284 1183 4342 quae
1233 4283 1267 4325 a
1301 4267 1598 4336 Domine,
1663 4273 1723 4323 et
1783 4285 1892 4342 per
1927 4268 2173 4327 Petrum
2236 4248 2567 4341 intelligitur
