2791 4778
106 372 115 445 -v‚-⁴

525 357 597 410 30
792 420 795 423 Ι
948 345 1442 403 APOCALYPSIS
1493 344 1925 405 EXPLICATA.
2008 346 2057 413 §.
2095 353 2223 408 304.

525 503 768 576 saeculi
810 503 1121 585 planyezzt
1167 522 1377 565 omnes
1426 503 1631 566 tm‘bus
1674 501 1967 565 Terrae“
2023 504 2260 564 XXIV:
2303 506 2428 580 30;
2497 524 2657 567 con-

527 608 845 667 summatio
895 605 1151 675 saeculi,
1203 605 1277 663 de
1313 623 1434 681 qua
1475 607 1535 664 in
1573 622 1644 665 eo
1682 604 1894 682 Capite
1947 607 2177 681 agitur,
2234 611 2328 664 est
2373 604 2661 668 ultimum

329 720 489 786 [362]
530 714 771 783 tempus
817 705 1157 781 Ecclesiae,
1222 705 1459 782 quando
1501 705 1824 783 judicium3
1909 721 2114 764 omnes
2173 704 2364 765 tribus
2426 714 2654 784 terrae,

524 806 858 884 significant
892 788 1090 865 omnia
1137 823 1283 865 vera
1319 811 1379 865 et
1411 806 1571 865 bona
1604 805 1969 876 Ecclesiae‚·
2010 821 2166 881 quae
2219 805 2510 883 plangere
2546 808 2653 868 di-

524 913 739 967 cuntur
776 906 1013 983 quando
1048 924 1166 965 non
1201 905 1460 983 amplius
1497 912 1656 966 sunt.
1710 905 1893 983 Apud
1924 905 2151 965 Lucam
2189 903 2425 981 „Tunc
2460 914 2657 971 erunt

523 1007 718 1087 eiyna
760 1006 830 1068 in
868 1004 1028 1077 sole,
1093 1003 1249 1068 luna
1304 1011 1365 1067 et
1410 1007 1643 1081 astris,
1715 1010 1776 1066 et
1836 1025 2031 1088 super
2078 1004 2284 1067 Terra
2332 1009 2656 1086 anqustia

523 1106 811 1188 qentium
827 1153 845 1183 ,
898 1111 1229 1168 resonante
1265 1106 1438 1168 mari
1473 1112 1535 1167 et
1584 1103 1743 1167 sale.
1815 1104 2247 1167 Exanimatis
2283 1106 2657 1171 hominibus

515 1226 680 1287 prae
734 1213 902 1268 metu
964 1211 1026 1267 et
1069 1207 1532 1286 eoespectatione
1579 1206 2153 1287 supervenientium
2204 1206 2276 1268 in
2326 1212 2674 1305 terrarum*

527 1307 731 1368 orbem
747 1352 763 1382 ,
829 1324 983 1368 nam
1012 1311 1363 1388 potestates
1418 1305 1727 1369 coelorum
1782 1306 2226 1368 concutientur.
2305 1306 2479 1369 Dies
2522 1308 2656 1370 iste

529 1406 696 1468 sieut
751 1405 1012 1487 laqueus
1063 1408 1262 1469 veniet
1315 1398 1507 1488 super
1549 1426 1758 1468 omnes
1810 1406 1924 1486 qui
1978 1405 2193 1468 sedent
2244 1425 2435 1487 super
2464 1408 2655 1489 facie

535 1505 769 1569 Terrae
794 1508 1039 1570 totius“
1086 1508 1263 1569 XXI:
1296 1510 1407 1568 25.
1442 1512 1554 1569 26.
1593 1509 1679 1569 35
1706 1528 1723 1584 3
1760 1511 1958 1585 agitur
1995 1509 2175 1568 etiam
2208 1507 2294 1567 ibi
2329 1509 2404 1568 de
2433 1509 2652 1570 ultimo

528 1614 801 1684 tempore
837 1609 1150 1669 Ecclesiae
1190 1609 1429 1686 quando
1457 1609 1782 1687 judicium,
1840 1615 1901 1668 et
1933 1626 2045 1686 per
2078 1615 2298 1668 terram
2336 1615 2397 1668 et
2433 1610 2653 1671 orbem

446 1702 455 1714 ‘
528 1708 611 1767 ibi
645 1709 1003 1786 intelligitur,
1030 1708 1342 1784 Ecclesia3
1399 1712 1676 1787 angustia
1711 1712 1974 1785 gentium
2010 1703 2193 1787 sup‘er
2226 1716 2404 1784 terra,
2445 1717 2652 1772 metus

529 1814 592 1868 et
627 1813 997 1887 exspectatio
1033 1812 1579 1886 supervenientium
1629 1813 1690 1869 in
1725 1794 2017 1869 terrarum
2062 1810 2295 1886 orbem,
2352 1828 2423 1871 ac
2459 1828 2651 1890 super

530 1926 737 1969 omnes
775 1913 878 1985 qui
910 1911 1123 1970 sedent
1149 1926 1334 1987 super
1360 1911 1513 1970 facie
1548 1917 1746 1970 terrae
1776 1912 1978 1985 totius,
2015 1928 2135 1969 non
2160 1910 2457 1989 significat
2484 1913 2649 1989 quod

526 2025 718 2087 super
750 2009 885 2069 illos
922 2013 1025 2087 qui
1057 2012 1117 2068 in
1150 2013 1325 2068 terris
1360 2013 1422 2069 in
1447 2012 1662 2070 mundo
1685 2010 1945 2070 naturali
1971 2018 2125 2085 sunt,
2163 2012 2274 2071 sed
2300 2028 2484 2091 super
2507 2013 2648 2074 illos

531 2113 637 2186 qui
671 2112 733 2168 in
767 2112 985 2170 mundo
1023 2110 1350 2187 spirituali3
1409 2110 1567 2187 quod
1614 2113 1791 2171 ctiam
1825 2112 1910 2171 ibi
1945 2120 2142 2171 terrae
2178 2115 2327 2189 sint,
2365 2114 2648 2174 videatur

456 2196 457 2199 ¹
531 2212 591 2268 in
626 2215 974 2288 praemissis
1019 2211 1201 2289 hujus
1237 2212 1526 2290 Articuli,
1584 2219 1643 2272 et
1678 2212 1839 2289 quod
1889 2213 1972 2274 ibi
2025 2220 2335 2288 peractum
2372 2218 2452 2274 sit
2485 2214 2647 2276 Ulti-

529 2330 690 2370 mum
735 2313 1072 2382 Judicium,
1139 2312 1415 2373 videatur
1474 2314 1535 2373 in
1582 2312 1890 2392 Opusculo
1946 2312 2020 2372 de
2071 2312 2323 2376 Umnuo
2359 2315 2642 2391 Jumc103

529 2414 672 2489 quid
706 2415 828 2487 sol,
876 2415 1047 2482 luna.
1084 2420 1146 2475 et
1179 2421 1370 2489 astra,
1429 2417 1491 2473 in
1529 2415 1744 2492 quibus
1783 2417 1987 2492 signa,
2040 2430 2228 2491 supra
2260 2418 2480 2477 dictum
2520 2422 2636 2491 est,

529 2516 690 2590 quod
725 2534 942 2594 nempe
979 2515 1073 2575 sol
1106 2515 1400 2592 significet
1435 2533 1726 2590 amorem,
1780 2515 1923 2574 luna
1956 2514 2134 2574 fidem
2168 2517 2340 2593 inde,
2381 2523 2440 2576 et
2474 2521 2646 2575 astra

529 2619 894 2692 cognitiones
927 2617 1070 2675 boni
1106 2624 1167 2676 et
1208 2618 1337 2676 veri
1349 2636 1366 2692 3
1405 2623 1725 2676 resonante
1761 2618 1907 2675 mari
1945 2622 2007 2675 et
2040 2616 2168 2675 salo
2205 2618 2502 2695 significat
2535 2634 2641 2675 ra-

530 2716 943 2775 tiocinationes
1000 2725 1062 2775 et
1109 2718 1589 2794 impugnationes
1650 2718 1778 2776 veri
1840 2734 1914 2776 ex
1965 2731 2148 2775 sensu
2193 2718 2403 2778 literae
2454 2718 2682 2779 Verbi'

530 2816 769 2876 sinistre
811 2823 873 2875 et
904 2834 1192 2892 perverse
1233 2817 1564 2893 applicat03
1601 2822 1935 2894 potestates
1972 2816 2275 2878 coelorum
2311 2837 2465 2898 quae
2492 2837 2640 2879 con-

533 2917 834 2975 cutientur
879 2916 1210 2993 significant
1250 2916 1518 2978 Verbum
1577 2919 1637 2976 in
1688 2934 1871 2977 sensu
1920 2916 2167 2989 literae,
2224 2922 2505 2997 quoniam
2544 2920 2642 2980 hic

530 3032 747 3075 sensus
804 3023 901 3076 est
933 3016 1377 3078 fundamentum
1415 3020 1734 3077 veritatum
1768 3018 2166 3096 spiritualium
2215 3038 2371 3097 quae
2407 3026 2547 3080 sunt
2580 3024 2644 3080 in

532 3115 717 3176 coelis
728 3136 745 3192 3
802 3117 1073 3179 videatur
1106 3118 1166 3176 in
1201 3117 1402 3196 Opere
1441 3118 1513 3179 de
1552 3119 1753 3179 Conno
1804 3139 1883 3178 m*
1931 3118 2239 3190 ΙΝῈΕιιΝο,
2272 3123 2335 3179 in
2371 3121 2644 3180 Articulo

537 3216 642 3276 ubi
689 3219 880 3295 agitur
934 3218 1007 3279 de
1056 3220 1476 3297 conjunctione
1524 3219 1679 3280 coeli
1727 3237 1861 3280 cum
1908 3219 2145 3279 homine
2191 3239 2301 3298 per
2351 3221 2638 3296 Verbum,

530 3333 600 3376 n:
644 3319 779 3379 3⁴03
822 3319 897 3378 ad
938 3322 1098 3379 310.
1153 3319 1336 3397 Apud
1369 3320 1614 3399 Esajam
1652 3318 1969 3396 „Cantate
2002 3315 2204 3394 Coeli,
2229 3318 2509 3404 jubilate
2533 3320 2641 3383 in-

515 3417 768 3498 feriora
826 3420 1092 3492 Terrae,
1144 3425 1483 3500 personate
1532 3426 1773 3481 montes
1823 3426 2013 3483 cantu
2025 3466 2041 3496 ,
2103 3419 2290 3502 sylva
2337 3427 2398 3483 et
2432 3420 2642 3483 omnis

527 3521 715 3584 arbor
755 3521 827 3583 in
859 3540 967 3593 ea,
1006 3520 1162 3601 quia
1197 3519 1465 3582 redemit
1489 3520 1773 3583 Jehovah
1799 3520 2107 3583 Jacobum
2123 3542 2144 3582 .·
2177 3521 2328 3603 Eyo
2355 3522 2643 3584 Jehovah

514 3621 768 3702 faciens
809 3622 1028 3683 omnia
1042 3665 1057 3695 ,
1102 3619 1467 3699 expandens
1495 3619 1713 3682 Coelos
1748 3620 1957 3696 Solus,
2002 3622 2340 3684 eoetendens
2369 3621 2643 3685 Terram

526 3739 569 3783 a
606 3721 718 3783 Me
743 3722 946 3801 Ipso“
992 3721 1217 3780 XLIV:
1249 3724 1361 3781 23.
1400 3726 1520 3798 243
1560 3730 1797 3783 cantate
1834 3722 2020 3794 coeli,
2064 3724 2320 3802 jubilate
2356 3725 2643 3802 inferiora

524 3830 754 3896 terrae,
808 3828 1128 3898 personate
1164 3829 1395 3881 montes
1432 3830 1642 3893 cantu,
1694 3824 1866 3901 sylva
1913 3829 1973 3882 et
2010 3827 2198 3885 omnis
2236 3824 2413 3883 arbor
2446 3826 2508 3882 in
2545 3841 2638 3900 ea,

527 3920 863 3999 significant
899 3924 1096 3983 omnia
1127 3920 1295 3982 Coeli
1320 3928 1381 3983 et
1406 3923 1719 3984 Ecclesiae
1743 3930 1869 3983 tam
1902 3927 2137 3984 interna
2163 3943 2343 4001 quam
2371 3931 2639 4000 externa,

529 4038 686 4098 quae
716 4024 913 4081 omnia
950 4038 1017 4082 se
1053 4024 1318 4083 referunt
1353 4024 1432 4083 ad
1457 4023 1679 4084 bonum
1716 4030 1775 4084 et
1803 4025 1880 4084 ad
1905 4042 2114 4085 verum
2125 4045 2142 4102 3
2179 4028 2415 4086 interna
2451 4028 2642 4103 signi-

526 4121 778 4182 ficantur
810 4141 921 4201 per
959 4124 1191 4201 coeIOS,
1232 4131 1479 4196 externa
1513 4143 1624 4201 per
1657 4126 1939 4185 inferiora
1964 4133 2196 4198 terrae,
2231 4133 2462 4187 montes
2499 4131 2642 4185 sunt

530 4223 685 4283 bona
726 4227 973 4303 amoriS,
1030 4226 1206 4311 sylva
1241 4234 1335 4286 est
1371 4244 1580 4292 verum
1616 4227 1925 4302 naturale,
1982 4236 2043 4288 et
2092 4227 2337 4289 arbores
2381 4227 2466 4287 ibi
2500 4233 2642 4286 sunt
