2791 4778
426 346 537 399 222
872 313 1368 389 APOCAL'YPSIS
1412 332 1849 392 EXPLICATA.
1901 332 1951 400 §.
1993 341 2122 396 365.

1224 437 1235 463 Ι

425 493 678 557 XXVI:
721 494 781 551 3.
828 494 896 566 63
951 491 1111 551 unde
1144 509 1295 568 pax,
1346 491 1461 551 hoc
1509 496 1636 565 est,
1693 490 1853 549 unde
1900 491 2133 550 coelum
2172 495 2235 549 et
2269 491 2537 567 gaudium

429 596 724 665 coeleste,
772 592 869 651 hic
907 592 1265 652 describitur
1278 613 1294 669 3
1349 608 1473 668 pax
1508 594 1570 649 in
1605 607 1672 650 se
1708 596 1986 667 spectata
2011 608 2128 649 non
2167 597 2264 650 est
2302 590 2536 651 Coelum

428 701 494 754 et
527 693 812 770 gaudium
848 692 1144 764 coeleste,
1208 693 1318 751 sed
1352 692 1505 752 haec
1542 697 1683 751 sunt
1715 692 1778 749 in
1814 707 1970 767 pace
2006 697 2066 749 et
2102 709 2182 751 ex
2216 708 2407 768 pace3
2460 698 2539 752 est

428 797 586 853 onim
618 794 748 852 Pax
786 795 941 851 sicut
975 793 1213 851 Aurora
1257 798 1361 850 aut
1405 794 1561 851 sicut
1593 791 1721 850 Ver
1753 793 1813 850 in
1848 791 2098 860 mundo,
2150 809 2314 866 quae
2353 793 2543 869 dispo-

428 901 579 954 nunt
612 900 842 952 mentes
872 891 1164 950 humanas
1207 892 1284 949 ad
1318 892 1729 968 recipiendum
1757 892 1932 951 corde
1952 891 2224 967 jucunda
2254 898 2322 950 et
2351 910 2538 951 amoe-

427 1013 505 1054 na
541 996 722 1055 exiis
771 1010 925 1068 quae
973 1010 1173 1051 coram
1223 992 1412 1051 oculis
1464 998 1796 1068 apparent,
1849 990 2147 1067 jucundat
2192 1009 2459 1067 namque
2491 998 2540 1051 31

427 1099 706 1154 amoenat
752 1092 888 1167 illa3
944 1098 1005 1151 et
1051 1094 1194 1167 quia
1242 1109 1317 1151 ex
1361 1093 1520 1151 Pace
1572 1092 1796 1149 Divina
1842 1098 1981 1149 sunt
2024 1094 2225 1149 omnia
2281 1091 2454 1151 Coeli
2493 1098 2543 1151 et

430 1196 562 1272 ejus
603 1192 807 1270 gaudii
841 1191 1141 1266 similiter,
1194 1192 1333 1250 inde
1374 1194 1557 1251 etiam
1607 1191 1758 1251 haec
1792 1209 1903 1267 per
1940 1192 2165 1250 Pacem
2198 1192 2540 1268 intelligun-

430 1303 557 1369 tur3
611 1294 891 1370 quoniam
935 1292 1160 1351 homini
1207 1291 1456 1351 Coelum
1503 1298 1595 1351 est
1646 1308 1720 1350 ex
1753 1294 1958 1351 vivere
1995 1293 2339 1350 secundum
2375 1310 2539 1369 prae-

433 1401 637 1471 cepta,
693 1393 829 1451 inde
876 1395 1031 1453 enim
1078 1393 1411 1469 conjunctio
1460 1395 1517 1451 ei
1567 1399 1661 1451 est
1716 1407 1847 1450 cum
1885 1391 2173 1467 Domino,
2225 1393 2374 1452 ideo
2412 1392 2543 1452 dici-

429 1502 557 1568 tur,
608 1495 662 1553 si
693 1495 754 1551 in
789 1494 1028 1551 statutis
1064 1494 1219 1551 meis
1259 1492 1713 1551 ambulaveritis
1726 1535 1743 1565 ,
1794 1498 1854 1549 et
1887 1498 2222 1568 praecepta
2267 1509 2411 1553 mea
2446 1492 2544 1553 ob·

431 1595 849 1667 servaveritiS,
890 1599 949 1651 et
974 1593 1233 1651 feceritis
1271 1610 1373 1665 ea,
1432 1592 1584 1650 dabo
1621 1608 1836 1667 pacem
1869 1593 1930 1648 in
1957 1598 2117 1650 terra
2129 1612 2148 1668 3
2207 1592 2377 1669 quod
2412 1599 2542 1651 tunc

430 1711 549 1753 non
584 1693 908 1752 infestandi
942 1693 1062 1750 sint
1098 1709 1135 1750 a
1169 1692 1342 1750 malis
1381 1698 1442 1751 et
1476 1692 1673 1764 falsis,
1725 1691 2075 1767 intelligitur
2108 1709 2220 1768 per
2250 1693 2417 1768 quod
2449 1708 2542 1751 se·

430 1810 574 1853 cure
611 1791 924 1865 cubarent,
966 1798 1026 1851 31
1075 1810 1197 1851 303
1240 1792 1769 1869 perterrefacienS,
1812 1797 1873 1850 et
1918 1809 2029 1867 per
2070 1792 2232 1866 quod
2270 1791 2546 1851 Jehovah

429 1908 670 1951 cessare
722 1891 902 1950 saciet
951 1892 1139 1950 seram
1194 1892 1412 1950 malam
1468 1910 1499 1950 e
1553 1899 1747 1966 terra,
1822 1897 1882 1949 et
1932 1891 2093 1967 quod
2140 1892 2384 1968 gladius
2430 1909 2545 1950 non

427 1992 702 2051 transibit
736 2008 845 2066 per
877 1992 1042 2050 illam
1059 2012 1075 2067 3
1130 2010 1240 2068 per
1287 1992 1473 2051 seram
1521 1992 1740 2049 malam
1786 1990 2195 2067 significantur
2243 1992 2547 2069 cupidita..

430 2100 523 2152 tes
576 2091 800 2165 malae,
858 2099 918 2149 et
951 2108 1062 2168 per
1096 2092 1362 2168 gladium
1408 2092 1816 2167 significantur
1861 2090 2158 2150 falsitates
2207 2092 2383 2166 inde,
2437 2092 2547 2151 hae

432 2199 492 2252 et
533 2192 675 2251 illae
723 2192 1037 2251 destruunt
1070 2192 1290 2249 bonum
1326 2198 1388 2250 et
1424 2209 1662 2263 verum,
1720 2209 1795 2251 ex
1851 2191 2067 2266 quibus
2121 2191 2280 2267 Pax,
2341 2199 2403 2252 et
2443 2210 2548 2269 per

430 2300 651 2353 tenram
679 2291 1046 2369 significatur
1078 2291 1382 2366 Ecclesia3
1440 2292 1601 2367 quod
1635 2292 1764 2350 sera
1797 2291 1955 2349 mala
1991 2291 2289 2366 significet
2315 2293 2548 2369 cupidi-

433 2402 589 2454 tates
616 2395 824 2468 malas,
865 2399 925 2451 et
954 2393 1420 2452 destructionem
1443 2393 1584 2450 boni
1610 2410 1720 2468 per
1756 2393 1909 2464 illae,
1938 2392 2215 2450 videatur
2238 2411 2301 2451 n:
2335 2397 2376 2452 4
2394 2395 2544 2453 729.

445 2498 653 2554 7102.
701 2495 921 2553 9335:
977 2493 1136 2568 quod
1179 2492 1414 2567 gladius
1464 2492 1757 2568 significet
1804 2491 2102 2550 falsitates
2115 2534 2133 2566 ‚
2194 2498 2257 2551 et
2303 2493 2542 2552 destru-

430 2597 686 2654 ctionem
722 2595 852 2652 veri
891 2610 1003 2669 per
1041 2593 1195 2666 illas,
1235 2610 1423 2668 supra
1458 2610 1528 2650 n:
1591 2595 1763 2651 131:
1820 2599 1879 2651 et
1916 2591 2075 2668 quod
2126 2599 2290 2650 terra
2322 2593 2548 2670 signifi-

431 2700 528 2752 cet
560 2693 925 2762 Ecclesiam,
984 2695 1163 2751 etiam
1213 2709 1402 2768 supra
1435 2710 1506 2751 n:
1569 2694 1678 2750 29.
1725 2694 1885 2751 304.
1970 2690 2090 2766 Qui
2122 2709 2241 2751 non
2280 2693 2547 2753 elevatur

431 2809 618 2867 supra
657 2808 900 2851 sensum
943 2792 1154 2852 literae
1183 2792 1411 2878 ⁶Verbi,
1460 2795 1512 2851 is
1554 2810 1672 2850 non
1710 2792 1873 2851 videt
1922 2791 2116 2862 aliud,
2176 2811 2357 2868 quam
2396 2792 2549 2870 quod

434 2891 536 2965 qui
598 2891 744 2949 vivit
803 2891 1130 2950 secundum
1187 2898 1415 2951 statuta
1481 2898 1542 2950 et
1594 2899 1951 2968 praecepta,
2017 2896 2284 2952 victurus
2352 2896 2435 2952 sit
2490 2895 2547 2951 in

435 3005 615 3066 pace,
670 2989 782 3049 hoe
821 2996 941 3064 est,
983 2992 1142 3066 quod
1179 2995 1234 3051 ei
1269 3010 1387 3050 non
1422 2992 1626 3051 hostes
1657 2998 1716 3050 et
1744 2994 1995 3062 inimici,
2033 2998 2093 3051 et
2127 2993 2287 3067 quod
2323 2995 2416 3052 sic
2450 3010 2544 3052 se-

431 3105 574 3147 cure
621 3089 978 3158 cubaturuS,
1040 3095 1165 3148 tum
1217 3091 1377 3167 quod
1424 3109 1542 3150 non
1595 3091 1833 3168 aliquae
1887 3093 2053 3152 ferae
2102 3093 2301 3151 malae
2344 3093 2543 3151 illatu-

433 3206 540 3248 rae
579 3188 885 3263 damnum,
943 3194 1004 3248 et
1051 3191 1212 3265 quod
1256 3209 1377 3250 non
1424 3193 1677 3267 perituri
1723 3191 1953 3268 gladi03
2007 3191 2116 3249 scd
2148 3191 2261 3250 hoc
2302 3209 2424 3250 non
2461 3197 2545 3251 est

432 3288 747 3366 spirituale
786 3289 1005 3365 Verbi,
1049 3297 1143 3349 est
1180 3307 1372 3367 usque
1414 3290 1680 3350 Verbum
1714 3294 1774 3349 in
1811 3292 2061 3367 singulis
2106 3292 2451 3366 spirituale,
2488 3295 2544 3349 et

430 3389 546 3449 hoc
596 3391 745 3451 latet
779 3393 840 3449 in
876 3407 1061 3462 sensu
1105 3391 1319 3450 literae
1369 3391 1504 3467 ejus
1540 3393 1641 3466 qui
1686 3390 2009 3467 naturalis;
2063 3391 2379 3467 spirituale
2418 3390 2538 3467 ejus

433 3498 526 3552 est
561 3493 722 3569 quod
756 3509 910 3551 nunc
945 3508 1131 3566 supra
1178 3491 1541 3568 explicatum
1595 3497 1705 3549 est.
1786 3491 1970 3566 Apud
2008 3489 2307 3549 Davidem
2367 3487 2540 3566 „Mi-

429 3591 561 3653 seri
584 3591 1000 3671 possidebunt
1035 3595 1287 3666 terram,
1335 3595 1393 3649 et
1430 3588 1895 3651 deliciabuntur
1922 3609 2113 3668 super
2135 3585 2541 3650 multitudine

421 3691 644 3769 pacis.-
698 3692 954 3752 observa
993 3691 1335 3771 inteyrum,
1379 3695 1440 3750 et
1480 3690 1626 3751 vide
1652 3697 1923 3763 rectum,
1969 3708 2121 3750 nam
2158 3697 2540 3767 postremum

431 3787 569 3847 viro
601 3794 793 3865 μιαν(
846 3791 1082 3850 Psalm:
1120 3790 1465 3851 XXXVII:
1520 3794 1630 3850 11.
1690 3792 1809 3867 373
1865 3808 1976 3866 per
2018 3791 2271 3848 miseros
2321 3789 2534 3849 intelli-

433 3890 655 3962 guntur
687 3885 784 3944 hic
821 3891 923 3963 qui
955 3892 1017 3948 in
1052 3890 1481 3949 tentationibus
1528 3897 1668 3950 sunt
1712 3890 1773 3947 in
1820 3889 2039 3948 mundo
2057 3909 2074 3965 3
2129 3906 2240 3965 per
2275 3890 2534 3948 multitu-

438 3984 635 4042 dinem
662 3987 831 4059 pacis
869 4003 989 4060 qua
1015 3986 1466 4062 deliciabuntur,
1504 3989 1910 4066 significantur
1927 3990 2201 4066 jucunda
2226 4007 2384 4065 (1333
2412 3989 2536 4065 post

430 4085 826 4156 13313113333,
890 4101 1030 4143 nam
1075 4091 1214 4161 post
1261 4089 1619 4148 tentationes
1670 4089 1885 4147 dantur
1911 4088 2181 4166 jucunda
2216 4106 2256 4146 a
2288 4089 2530 4148 Domino

435 4200 511 4243 ex
548 4182 960 4260 conjunctione
1003 4184 1145 4244 boni
1192 4191 1251 4245 et
1297 4188 1426 4244 veri
1475 4194 1647 4262 tunc,
1705 4194 1765 4247 et
1808 4188 1947 4248 inde
2002 4205 2078 4248 ex
2126 4188 2524 4266 conjunctione

2661 455 2667 498 ι

2646 515 2667 580 i
