2791 4778
390 283 429 310 ᾳ

483 387 593 442 482
901 372 1387 430 APOCALYPSIS
1437 372 1867 433 EXPLICATA.
1951 376 1995 445 §.
2038 384 2165 439 411.

486 557 594 615 per
629 536 787 612 quod
821 537 1003 594 Petra
1040 552 1243 593 eorum
1284 534 1547 592 vendidit
1582 551 1685 593 eos
1697 579 1713 610 ‚
1769 540 1828 593 et
1855 534 2130 594 Jehovah
2168 517 2425 595 occlusit
2466 554 2581 607 eos»,

484 641 664 698 Petra
699 637 914 695 dicitur
950 654 1025 693 ex
1059 652 1203 695 vero
1242 643 1301 693 et
1334 635 1616 694 Johovah
1652 653 1724 693 ex
1759 635 1942 709 bono,
1983 636 2242 696 vendere
2289 645 2351 694 et
2387 638 2577 696 occlu-

486 739 626 797 dere
665 745 756 796 est
797 737 1125 812 deprivar13
1183 735 1341 811 quod
1386 736 1606 794 falsum
1642 736 1758 794 illis
1798 754 1872 796 ex
1912 737 2068 796 malo
2105 738 2313 810 fuerit,
2367 738 2577 814 signifi-

485 848 654 898 catur
693 856 805 915 per
840 854 955 896 non
992 840 1148 897 sicut
1181 838 1362 895 Petra
1397 842 1602 893 nostra
1636 843 1810 912 petra
1846 854 2084 907 eorum,
2149 855 2343 912 neque
2381 838 2573 896 hostes

484 942 670 1000 nostri
702 940 964 1017 judices),
1016 944 1189 1014 petra
1244 954 1447 994 eorum
1497 943 1589 994 est
1628 919 1888 1009 salsum,
1956 937 2160 996 hostes
2217 940 2394 997 nostri
2437 945 2569 995 sunt

484 1042 670 1112 mala,
733 1057 850 1097 non
876 1039 1113 1113 judiees
1156 1037 1450 1112 signifieat
1499 1054 1617 1094 non
1660 1055 1805 1094 vera
1852 1044 1910 1095 et
1959 1037 2143 1095 bona:
2201 1053 2269 1095 ex
2300 1037 2386 1095 his
2424 1054 2562 1094 con-

483 1148 641 1200 stare
672 1145 907 1214 potest,
958 1138 1114 1213 quod
1150 1138 1332 1196 Petra
1371 1136 1666 1212 significet
1708 1138 2028 1196 Dominum
2069 1129 2266 1213 quoad
2297 1138 2565 1195 Divinum

481 1241 739 1314 Verum,
796 1247 855 1297 et
889 1241 947 1296 in
992 1241 1264 1314 opposito
1304 1231 1488 1295 sensu
1525 1237 1758 1297 salsum.
1847 1239 1916 1296 In
1963 1238 2142 1296 Libro
2189 1239 2251 1297 II
2288 1237 2570 1296 Samuelis

484 1339 820 1420 „Spiritus
854 1337 1125 1398 Jehovae
1169 1334 1466 1416 loquutus
1504 1342 1596 1395 est
1640 1337 1710 1397 in
1751 1357 1873 1413 me,
1929 1343 1988 1396 et
2025 1356 2227 1399 sermo
2264 1336 2438 1419 Ejus
2472 1357 2571 1397 su-

467 1460 586 1521 per
624 1438 848 1518 linqua
886 1457 1023 1498 mea
1038 1460 1065 1509 ‚·
1121 1437 1298 1498 dixit
1348 1438 1534 1497 Deus
1570 1436 1877 1508 Israelis,
1933 1435 2192 1517 loquuta
2244 1444 2338 1497 est
2382 1437 2575 1498 Petra

475 1538 766 1614 Israeli-9,
831 1539 1168 1600 dominans·
1207 1538 1618 1599 inhominem
1652 1537 1939 1619 justum,
2012 1538 2350 1599 dominans
2394 1539 2576 1598 timor

473 1639 655 1702 Dei“
709 1639 954 1699 XXIII:
1000 1644 1058 1696 2.
1108 1642 1180 1712 33
1234 1640 1329 1697 hic
1380 1639 1692 1697 manifeste
1727 1640 1909 1697 Petra
1956 1657 2063 1715 pro
2106 1640 2396 1708 Domino,
2451 1657 2574 1696 nam

275 1749 432 1809 [662]
473 1759 582 1818 per
618 1741 813 1799 Deum
849 1739 1092 1797 Israiilis
1133 1742 1192 1797 in
1228 1738 1433 1797 Verbo
1468 1739 1819 1815 intelligitur
1853 1740 2162 1812 DominuS,
2205 1758 2389 1814 quare
2429 1738 2569 1796 diei-

470 1848 565 1901 tur
603 1840 860 1916 Spiritus
897 1839 1171 1897 Jehovae
1206 1821 1491 1913 loquutus
1535 1845 1628 1897 est
1671 1842 1731 1899 in
1766 1829 1891 1913 me,
1951 1847 2010 1898 et
2053 1856 2251 1898 sermo
2288 1840 2433 1916 Ejus
2470 1856 2566 1896 su-

469 1959 578 2015 per
616 1940 820 2015 lingua
854 1955 1016 2009 mea,
1070 1945 1220 2012 tum,
1278 1939 1426 1997 dixit
1474 1928 1643 1998 Deus
1681 1939 1954 2024 Israelis,
2014 1939 2153 1997 mihi
2192 1939 2444 2015 loquuta
2487 1944 2568 1997 est

468 2041 647 2101 Petra
700 2039 974 2112 Israelis,
1056 2039 1314 2115 Spiritus
1374 2038 1647 2098 Jehovae
1679 2027 1682 2032 ’
1714 2046 1773 2098 et
1834 2056 2029 2098 sermo
2084 2040 2230 2115 Ejus
2283 2039 2570 2116 significat

468 2143 747 2219 Divinum
786 2141 1037 2213 Verum,
1081 2149 1137 2197 et
1173 2140 1463 2197 Dominus
1494 2146 1743 2198 vocatur
1778 2141 1945 2200 Deus
1984 2140 2232 2198 Isra'ellis
2274 2157 2348 2198 ex
2381 2139 2567 2208 Cultu,

470 2249 527 2299 et
563 2243 744 2301 Petra
794 2240 1039 2299 Israiilis
1095 2259 1166 2298 ox
1206 2240 1422 2325 Divino
1473 2238 1633 2297 Vero
1685 2256 1757 2297 ex
1815 2258 1931 2315 quo
1987 2239 2194 2299 Cultus
2210 2260 2226 2316 3
2286 2244 2427 2316 quia
2478 2245 2567 2297 est

466 2343 755 2402 Dominus
798 2344 898 2417 qui
933 2341 1306 2418 intelligit-ur,
1357 2340 1491 2399 ideo
1530 2338 1743 2399 dicitur
1784 2341 1943 2418 quod
1977 2342 2159 2400 Petra
2198 2341 2442 2404 Israelis
2476 2341 2564 2399 lo-

463 2450 648 2519 quuta
683 2446 788 2517 sit:
847 2441 1163 2500 dominium
1199 2441 1399 2517 Ipsius
1448 2457 1631 2516 super
1677 2441 1814 2501 illos
1866 2444 1966 2516 qui
2008 2445 2067 2512 in
2115 2441 2271 2501 bono
2323 2449 2465 2501 sunt
2512 2448 2567 2499 et

463 2545 564 2617 qui
599 2546 659 2601 in
695 2560 837 2601 vero
876 2542 1242 2618 significatur
1269 2558 1376 2616 per¹
1418 2541 1724 2599 dominans
1762 2559 1946 2619 super
1982 2542 2280 2600 hominem
2315 2543 2564 2618 justum,

463 2643 768 2702 dominans
813 2661 1009 2719 super·
1038 2660 1171 2701 eum
1209 2644 1305 2699 cui
1340 2644 1513 2699 timor
1547 2642 1691 2715 Dei,
1749 2642 1981 2718 justum
2021 2643 2233 2701 dicitur
2273 2642 2345 2701 de
2392 2643 2567 2711 bono,

462 2760 531 2801 ac
569 2746 746 2802 timor
784 2744 899 2802 Dei
940 2745 1011 2802 de
1050 2760 1227 2817 νει-ος
1284 2745 1480 2817 agitur
1523 2744 1676 2799 enim
1714 2744 1773 2800 in
1811 2760 1882 2802 eo
1921 2742 2163 2801 Psalmo
2208 2742 2454 2801 Davidis
2490 2740 2563 2797 de

460 2843 714 2901 Domino
726 2889 742 2916 ‚
800 2863 873 2902 ex
912 2863 1028 2919 quo
1062 2847 1238 2903 etiam
1276 2848 1473 2918 patet,
1538 2843 1692 2918 quod
1730 2844 2022 2902 Dominus
2059 2843 2421 2919 intelligatur
2457 2858 2561 2917 per

459 2942 654 3000 Deum
691 2943 933 3001 Israelis
973 2951 1031 3001 et
1064 2963 1174 3018 per
1210 2945 1449 3002 Petram
1488 2942 1747 3001 Israiilis.
1817 2944 1995 3019 Apud
2032 2943 2329 3012 Davidem
2367 2938 2555 3017 „Uti-

458 3058 608 3100 nam
634 3039 1128 3120 populus'meus
1164 3042 1414 3100 obediat
1452 3041 1648 3113 Mihi,
1711 3041 1925 3103 Israel
1957 3044 2026 3104 in
2063 3043 2188 3103 viis
2233 3042 2391 3103 meis
2423 3059 2552 3100 am-

460 3137 798 3215 bulaverit,
890 3140 1159 3201 cibarem
1209 3159 1312 3200 eos
1373 3141 1565 3221 adipe
1626 3142 1861 3217 tritici,
1940 3147 1998 3201 et
2053 3162 2085 3201 e
2136 3141 2340 3204 Petra
2391 3136 2552 3201 melle

462 3249 817 3301 saturarent
880 3244 1027 3300 eos“
1108 3242 1340 3301 Psalm:
1408 3241 1708 3302 LXXXI:
1785 3247 1890 3301 14.
1961 3246 2075 3320 173
2161 3263 2272 3319 per
2331 3246 2551 3302 Petram

462 3344 638 3403 etiam
679 3343 773 3401 hio
808 3342 1157 3418 intelligitur
1191 3343 1482 3402 Dominus
1513 3343 1709 3418 quoad
1741 3344 2024 3402 Divinum
2064 3343 2321 3419 Verum3
2357 3342 2547 3400 videa-

378 3486 381 3489 -
460 3452 557 3503 tur
592 3462 776 3520 supra
815 3464 884 3502 n:
935 3446 1104 3516 374,
1146 3443 1247 3503 ubi
1279 3443 1575 3519 explicata
1605 3450 1757 3502 sunt.
1830 3444 2007 3520 Apud
2034 3446 2306 3502 Eundem
2348 3437 2549 3520 „Qu-is

460 3544 659 3630 Deus
676 3551 931 3625 praeter
971 3543 1303 3619 Jelzovam,
1367 3549 1481 3602 aut
1521 3538 1677 3621 quae
1711 3541 1912 3604 Petra
1947 3545 2079 3603 m'sz'
2114 3544 2305 3604 Deus
2337 3546 2547 3603 noster.

474 3645 672 3707 Vivus
725 3644 1036 3720 Jelzovah,
1105 3652 1163 3705 et
1213 3643 1531 3704 benedicta
1581 3642 1990 3715 Petra.mea,
2060 3652 2120 3705 et
2176 3642 2550 3705 exaltabitur

458 3746 649 3807 Deus
698 3744 935 3806 salutis
986 3748 1200 3807 meaes‘
1252 3745 1486 3803 Psalm:
1542 3744 1787 3803 XVIII:
1839 3748 1896 3804 3.
1944 3748 2051 3803 32.
2100 3749 2210 3803 47.
2285 3746 2345 3803 II
2384 3743 2547 3801 Sam:

460 3847 674 3906 XXII:
746 3851 804 3905 2.
847 3849 905 3906 3.
947 3847 1117 3923 [32]
1163 3852 1280 3921 473
1338 3846 1495 3921 quod
1533 3847 1765 3903 dicatur
1802 3847 1933 3920 quis
1971 3845 2140 3902 Deus
2177 3854 2414 3920 praeter
2448 3840 2553 3900 Je-

456 3946 703 4021 hovam,
794 3953 853 4005 et
904 3965 1060 4022 quae
1114 3947 1292 4004 Petra
1340 3949 1454 4004 nisi
1495 3946 1660 4006 Deus
1697 3953 1929 4017 noster,
2007 3952 2098 4003 est
2143 3948 2284 4020 quia
2333 3943 2430 4001 ubi
2484 3937 2551 3995 de

458 4046 677 4105 Divino
720 4045 888 4104 Bono
940 4049 1165 4120 agitur,
1222 4044 1514 4103 Dominus
1563 4047 1795 4103 dicatur
1849 4045 2155 4118 Jehovah,
2224 4053 2282 4103 et
2334 4043 2432 4100 ubi
2485 4038 2555 4096 de

458 4145 674 4199 Divino
713 4146 876 4202 Vero
914 4146 1107 4216 Deus,
1165 4154 1223 4201 et
1266 4164 1502 4219 quoque
1539 4147 1744 4217 Petra,
1797 4154 1863 4203 ut
1897 4146 2019 4221 hic3
2067 4148 2292 4221 pariter
2327 4148 2554 4221 postea,

460 4236 652 4292 Vivus
709 4240 986 4297 Jehovah
1037 4248 1095 4297 et
1140 4241 1451 4300 benedicta
1501 4246 1683 4302 Petra
1739 4263 1901 4319 mea:
1984 4245 2344 4304 exaltabitur
2389 4243 2555 4300 Deus
