2791 4778
390 369 628 425 CAPUT
671 369 985 426 SEXTUM.
1732 370 1943 428 mus:
1992 383 2080 435 13.
2240 383 2348 438 405

243 535 386 592 enim
426 529 730 590 coelorum
767 529 1177 606 intelliguntur
1214 532 1413 587 omnia
1453 528 1609 587 bona
1649 537 1710 588 et
1757 547 1901 588 vera
1938 548 2093 608 quae
2130 537 2350 593 amoris

240 640 295 693 et
316 632 488 707 fidei,
541 648 682 690 nam
708 632 829 706 sol,
884 630 1027 689 luna
1063 637 1124 689 et
1161 628 1404 703 stellae,
1453 646 1564 705 per
1600 647 1754 705 quae
1788 630 1894 688 illa
1927 631 2345 708 significaban-

203 739 352 808 tur,
403 731 785 790 vocabantur
813 734 1110 791 exercitus
1150 729 1483 803 coelorum3
1523 729 1683 806 quod
1719 731 2149 792 convolventur
2197 733 2350 793 coeli

232 829 380 892 sicut
429 831 748 902 volumen,
803 831 1097 908 significat
1134 831 1583 907 dissipationem
1646 847 1877 908 eorum;
1951 833 2110 908 quod
2157 837 2347 894 omnis

236 934 539 992 exercitus
588 931 825 993 decidet
876 933 1029 991 sicut
1068 932 1272 989 solium
1324 931 1397 989 de
1440 935 1591 1004 vite,
1666 938 1725 990 et
1763 933 1918 991 sicut
1953 932 2233 993 decidens
2272 934 2343 992 de

232 1034 369 1109 ficu,
428 1033 734 1109 significat
767 1031 1293 1109 depopulationem
1346 1049 1420 1090 ex
1482 1031 1650 1091 falsis
1701 1032 1858 1091 mali.
1946 1034 2127 1111 Apud
2162 1034 2341 1094 Jere-

232 1137 398 1194 miam
441 1177 484 1208 „
498 1130 935 1194 Con-sumendo
981 1150 1349 1193 consumam
1384 1149 1490 1192 eos
1503 1177 1520 1207 ,
1580 1150 1705 1193 non
1743 1151 1904 1193 uvae
1936 1133 2008 1196 in
2043 1134 2199 1207 vite,
2234 1154 2342 1197 ne-

230 1253 337 1313 que
358 1234 543 1315 fieus
588 1233 658 1295 in
698 1234 866 1314 ficu,
929 1242 991 1295 et
1021 1231 1267 1313 solium
1310 1232 1584 1310 defluet“
1642 1232 1824 1291 VIII:
1876 1235 1991 1308 133
2036 1252 2152 1294 non
2187 1252 2343 1293 uvae

233 1338 284 1393 in
336 1338 495 1408 vite,
572 1333 867 1412 significat
915 1334 1075 1411 quod
1122 1351 1241 1392 non
1291 1333 1513 1393 bonum
1579 1333 1916 1409 spirituale,
1997 1337 2132 1398 vitis
2187 1338 2343 1395 enim

231 1435 527 1512 significat
561 1435 932 1513 spiritualem
970 1434 1298 1506 hominem,
1338 1451 1409 1493 ac
1445 1451 1593 1509 uva,
1634 1436 1774 1510 quia
1810 1441 1901 1493 est
1936 1436 2163 1495 fructus
2193 1438 2342 1514 ejuS,

228 1535 446 1595 bonum?
496 1535 691 1606 illius,
756 1535 913 1612 quod
964 1521 1213 1596 vocatur
1255 1534 1477 1593 bonum
1522 1534 1866 1612 spirituale3
1923 1553 2041 1595 non
2085 1537 2233 1596 ficus
2282 1541 2340 1596 in

230 1636 363 1710 ficu,
422 1636 724 1712 significat
770 1636 929 1712 quod
967 1653 1085 1695 non
1137 1636 1357 1694 bonum
1406 1635 1706 1709 naturale,
1762 1634 1912 1695 ficus
1967 1638 2117 1696 enim
2164 1636 2341 1695 arbor

228 1737 525 1814 significat
558 1736 892 1796 naturalem
927 1737 1257 1810 hominem,
1315 1753 1384 1793 ac
1425 1734 1571 1796 ficus
1610 1738 1841 1796 fructus
1885 1736 2184 1814 significat
2224 1736 2336 1796 bo-

229 1855 364 1897 num
422 1837 611 1912 illius,
661 1837 844 1913 ,quod
893 1845 1142 1896 vocatur
1192 1837 1414 1896 bonum
1463 1836 1763 1912 naturale3
1820 1838 1979 1914 quod
2034 1840 2172 1898 vitis
2220 1856 2339 1897 non

227 1938 521 2014 significet
556 1939 771 2011 vitem,
827 1955 938 1996 nec
978 1938 1132 1998 ficus
1164 1937 1370 2007 ficum,
1434 1944 1634 2015 patet,
1688 1955 1825 1996 nam
1863 1939 2078 1998 dicitur
2114 1954 2335 1999 consu-

226 2039 439 2098 mendo
480 2054 827 2098 consumam
883 2056 1015 2113 eos,
1075 2055 1193 2098 non
1240 2040 1506 2122 uvae-in
1550 2041 1708 2107 vite,
1759 2056 1875 2097 non
1924 2038 2071 2097 ficus
2106 2040 2167 2098 in
2202 2040 2334 2114 ficu,

227 2156 341 2198 non
371 2143 537 2218 ‘enim
571 2138 708 2198 ideo
746 2147 1166 2198 consumentur
1178 2159 1194 2213 3
1251 2140 1448 2215 agitur
1499 2139 1676 2196 etiam
1714 2137 1787 2195 de
1843 2140 2177 2198 vastatione
2214 2139 2333 2198 Ec-

228 2238 473 2310 clesiae,
510 2245 574 2297 ut
607 2240 918 2298 manifeste
949 2245 1183 2299 constat
1219 2256 1292 2298 ex
1320 2236 1823 2315 praecedentibus
1853 2243 1913 2296 et
1944 2238 2334 2320 sequentibus
2378 2252 2535 2313 [612]

229 2337 333 2398 ibi.
390 2339 571 2416 Apud
602 2339 940 2400 Hoscheam
980 2337 1295 2415 „Cessare
1319 2337 1577 2420 faciam
1625 2355 1801 2399 omne
1833 2336 2153 2417 qaudium
2185 2336 2338 2421 ejus,

225 2439 476 2518 festum
504 2438 653 2519 ejus,
688 2426 1091 2502 novilunium
1116 2440 1269 2521 que,
1309 2438 1679 2501 sabbathum
1714 2439 1870 2523 effus,
1921 2445 1980 2499 et
2004 2438 2340 2500 devastabo

233 2537 424 2598 vitem
447 2539 576 2621 ejus
608 2546 666 2600 et
680 2542 881 2622 ficum
909 2541 1063 2623 effus,
1102 2540 1180 2600 de
1209 2542 1436 2619 quibus
1472 2538 1679 2615 dixit,
1722 2558 1951 2600 meroes
1983 2540 2341 2600 meretricia

224 2633 348 2700 illa
383 2639 562 2715 mihi,
607 2646 664 2699 et
689 2660 929 2719 ponam
954 2661 1029 2702 ea
1054 2641 1123 2702 in
1148 2638 1418 2721 sylvam,
1449 2647 1508 2700 et
1534 2637 1803 2700 comedet
1817 2640 1971 2718 fera
1999 2639 2193 2719 ayri“
2239 2640 2335 2698 II:

231 2744 337 2799 11.
390 2745 416 2798 1
438 2744 474 2799 2
494 2762 511 2817 3
568 2744 763 2817 agitur
798 2741 880 2801 ibi
917 2742 990 2801 de
1027 2742 1343 2816 EcclesiiS,
1403 2749 1463 2800 et
1501 2740 1573 2800 de
1610 2739 2024 2800 falsificatione
2058 2743 2187 2799 veri
2221 2739 2335 2815 ibi;

223 2843 382 2918 quod
424 2841 499 2900 de
533 2841 838 2916 Ecclesia,
909 2850 1079 2919 patet
1114 2860 1151 2899 a
1184 2843 1376 2901 Vers:
1442 2845 1477 2900 2
1534 2840 1693 2899 illius
1734 2839 1996 2918 Capitis,
2055 2841 2155 2899 ubi
2191 2841 2339 2900 dici-

220 2949 346 3017 tur,
408 2942 751 3002 contendite
807 2959 938 3001 cum
990 2950 1179 3002 matre
1242 2950 1474 3012 vestra,
1548 2943 1823 3017 quoniam
1869 2941 1976 3000 illa
2016 2959 2135 3001 non
2188 2959 2338 3003 uxor

219 3060 389 3116 mea,
448 3049 510 3101 et
547 3041 674 3118 Ego
709 3060 828 3102 non
863 3043 1113 3102 Maritus
1165 3044 1296 3120 ejus
1310 3059 1493 3118 ,per
1540 3050 1787 3102 matrem
1830 3049 1889 3103 et
1932 3061 2044 3119 per
2090 3060 2338 3102 uxorem

216 3143 573 3220 intelligitur
598 3143 902 3220 Ecclesia3
942 3147 1119 3203 etiam
1161 3150 1371 3203 sancta
1407 3143 1751 3219 Ecclesiae,
1797 3161 1868 3203 ex
1906 3144 2120 3220 quibus
2155 3142 2339 3204 fiebat

216 3243 449 3313 cultus,
510 3261 582 3304 ac
627 3245 758 3320 ipse
808 3245 1004 3304 cultus
1052 3243 1460 3320 significantur
1509 3261 1620 3320 per
1668 3245 1914 3314 festum,
1968 3243 2335 3304 novilunium

217 3352 277 3405 et
324 3343 718 3418 sabbathum,
777 3362 933 3421 quae
987 3344 1339 3420 cessabunt;
1395 3361 1581 3420 quare
1627 3362 1738 3420 per
1785 3343 2116 3402 devastabo
2151 3346 2335 3402 vitem

219 3452 276 3505 et
310 3446 490 3505 ficum
531 3446 690 3522 ejuS,
755 3445 1124 3522 significatur
1169 3445 1327 3522 quod
1373 3452 1494 3503 tam
1545 3444 1761 3502 bonum
1809 3442 2119 3517 spirituale
2156 3458 2335 3517 quam

216 3546 440 3605 bonum
479 3546 751 3605 naturale
785 3548 1117 3622 periturum
1154 3548 1265 3622 sit,
1321 3544 1481 3623 quod
1526 3547 1820 3620 ponentur
1854 3543 1914 3598 in
1949 3541 2214 3617 sylvam,
2271 3548 2333 3599 et

220 3647 497 3706 comedet
553 3663 626 3705 ea
670 3647 803 3706 fera
849 3649 1001 3723 agri,
1075 3646 1373 3722 significat
1425 3641 1585 3719 quod
1630 3649 1948 3717 utrumque
2003 3642 2115 3700 erit
2166 3657 2330 3700 mere

218 3746 531 3820 naturale,
589 3755 650 3805 ct
691 3747 847 3823 quod
884 3746 1195 3823 spirituale
1233 3750 1617 3806 consumetur
1654 3761 1690 3800 a
1723 3740 2087 3800 falsitatibus
2125 3748 2185 3799 et
2219 3757 2327 3800 cu-

215 3847 601 3922 piditatibuS‚
656 3847 827 3924 sylva
854 3847 1151 3923 significat
1179 3864 1340 3905 mere
1377 3843 1680 3917 naturale,
1739 3850 1797 3903 et
1831 3842 1960 3901 fera
1995 3842 2122 3917 agri
2158 3839 2327 3899 falsi-

214 3954 374 4007 tates
422 3955 483 4006 et
532 3947 920 4025 cupiditates3
979 3953 1039 4007 et
1076 3949 1215 4023 quia
1253 3945 1549 4005 falsitates
1603 3946 1664 4003 in
1709 3942 1982 4003 Ecclesia
2028 3950 2168 4001 sunt
2212 3944 2327 4001 im-

212 4049 422 4123 primis
461 4047 779 4107 falsificata
815 4066 987 4123 vera,
1042 4052 1104 4106 et
1152 4046 1226 4106 de
1276 4046 1369 4105 his
1413 4048 1475 4104 in
1525 4062 1595 4104 eo
1655 4044 1866 4121 Capite
1918 4046 2141 4121 agitur,
2193 4041 2329 4102 ideo

217 4146 466 4223 dicitnr,
520 4148 593 4208 de
632 4149 850 4225 quibus
899 4148 1045 4206 dixit
1089 4163 1319 4207 merces
1356 4147 1697 4206 meretricia
1728 4144 1831 4204 illa
1869 4143 2043 4220 mihi,
2098 4160 2330 4203 merces

216 4250 556 4308 meretricia
617 4249 910 4325 significat
975 4247 1465 4308 falsificationem.
1555 4240 1734 4323 Apud
1794 4244 2031 4306 Joe'lem
2096 4290 2131 4320 „
2161 4243 2332 4307 Gens
