2791 4778
350 397 577 451 CAPUT
617 396 928 451 SEXTUM.
1683 397 1862 452 VERS
1883 420 1893 449 ε
1938 409 2031 460 12.
2195 409 2302 461 383

212 563 264 618 in
296 558 487 616 Verbo
524 558 800 616 dicuntur
836 557 936 631 qui
973 563 1173 615 amant
1216 555 1570 630 Dominum,
1625 555 1739 616 hoc
1791 563 1914 630 est,
1974 575 2046 617 cx
2100 576 2303 618 amore

213 661 413 719 faciunt
444 663 776 734 praecepta
810 656 1028 732 IpsiuS,
1075 663 1135 714 et
1179 657 1266 714 illi
1306 658 1541 734 fulgent·
1580 659 1775 732 quoad
1829 658 2046 717 faciem
2086 660 2304 736 jubare

214 764 348 820 sicut
382 778 453 817 ex
493 758 663 831 Sole,
707 759 846 833 quia
881 757 1134 815 Divinus
1173 757 1357 816 Amor
1391 758 1634 816 Domini
1682 758 1799 817 illis
1839 737 2347 820 communicatur-⁶

216 867 264 921 et
296 861 362 919 ab
408 860 529 919 illis
575 862 887 934 recipitur,
946 875 1020 915 ex
1071 874 1185 933 quo
1231 858 1524 917 Dominus
1582 866 1673 916 est
1723 861 1783 917 in
1831 860 2026 919 medio
2078 878 2304 937 eorum,
2396 847 2399 848 ⁷

213 961 306 1020 hoc
342 968 457 1038 est,
516 963 578 1019 in
616 958 993 1018 interioribus
1024 975 1252 1031 eorum,
1309 977 1464 1035 quae
1501 976 1567 1017 se
1608 962 1989 1020 manifestant
2023 963 2081 1020 in
2120 963 2305 1038 facie3

216 1063 349 1140 quod
383 1063 541 1141 justi
589 1060 863 1119 dicantur
927 1061 1028 1135 qui
1076 1061 1136 1116 in
1183 1058 1340 1117 bono
1393 1062 1612 1119 amoris
1667 1062 1727 1118 in
1778 1061 2096 1122 Dominum
2147 1069 2304 1137 sunt,

213 1164 463 1221 videatur
517 1179 704 1237 supra
758 1179 830 1218 n:
891 1162 1053 1218 204.
1146 1153 1324 1236 Apud
1360 1161 1656 1219 Davidem
1724 1160 1992 1235 „semen
2029 1162 2204 1244 &aa
2238 1164 2310 1224 in

214 1271 511 1325 aeternum
545 1262 701 1333 erit,
747 1266 806 1320 et
846 1259 1142 1321 Thronus
1167 1258 1340 1342 Ejus
1376 1261 1545 1321 sicut
1581 1258 1696 1322 Sol
1736 1279 1951 1322 coram
2002 1263 2125 1338 Me,
2178 1264 2307 1324 sic-

213 1370 273 1425 ut
305 1364 495 1426 Luna
520 1364 758 1444 firmus
808 1362 879 1421 in
928 1365 1250 1422 aeternum
1266 1406 1281 1435 ,
1355 1368 1415 1422 et
1468 1361 1684 1422 Testis
1730 1362 1798 1422 in
1845 1364 2113 1425 nubibus
2136 1364 2307 1445 fide-

213 1461 323 1526 lif
361 1466 600 1525 Psalm:
639 1463 1007 1523 LXXXIX:
1055 1466 1161 1522 37.
1209 1465 1326 1529 38;
1367 1464 1520 1521 haec
1553 1463 1710 1522 dicta
1747 1471 1887 1522 sunt
1923 1465 1996 1524 de
2031 1466 2312 1537 Domino,

212 1583 269 1626 ac
300 1568 367 1626 de
406 1566 597 1626 Coelo
640 1572 699 1624 et
733 1563 1007 1624 Ecclesia
1059 1563 1290 1640 IpsiuS,
1347 1582 1484 1622 nam
1535 1582 1646 1642 per
1693 1565 2016 1635 Davidem,
2071 1566 2143 1625 de
2192 1584 2309 1642 quo

209 1668 279 1726 ibi
317 1670 372 1726 in
421 1683 612 1728 sensu
671 1666 882 1724 literae
946 1668 1170 1742 agitur,
1241 1665 1594 1741 intelligitur
1643 1665 1965 1743 Dominus,
2034 1667 2310 1725 videatur

212 1785 373 1845 supra
426 1787 504 1827 n:
562 1769 740 1842 2055
799 1784 909 1842 per
961 1783 1167 1825 semen
1218 1766 1421 1842 Ipsius
1481 1766 1642 1842 quod
1696 1768 1754 1825 in
1812 1775 2121 1826 aeternum
2178 1770 2309 1839 erit,

210 1871 559 1946 significatur
594 1868 876 1927 Divinum
927 1867 1187 1940 Verum,
1245 1873 1303 1925 et
1341 1884 1582 1943 quoquc
1633 1867 2041 1943 significantur
2083 1869 2171 1928 illi
2208 1870 2312 1944 qui

209 1970 261 2028 id
302 1973 630 2047 recipiunt3
699 1986 811 2044 per
860 1967 1164 2026 Thronum
1219 1967 1363 2043 Ejus
1419 1971 1519 2043 qui
1565 1972 1717 2027 sicut
1780 1967 1884 2027 Sol
1939 1987 2140 2029 coram
2191 1969 2307 2040 Me,

167 2058 171 2062 ⁶
209 2072 559 2148 significatur
597 2068 844 2127 Coelum
882 2075 940 2127 et
974 2068 1250 2126 Ecclesia
1284 2066 1520 2143 Ipsius,
1580 2085 1735 2144 quae
1773 2070 1830 2125 in
1867 2069 2023 2127 bono
2059 2070 2309 2128 coelesti

209 2181 362 2246 sunt,
419 2170 577 2248 quod
614 2176 706 2228 est
739 2168 957 2227 bonum
996 2169 1248 2241 amoris;
1304 2185 1416 2243 per
1452 2167 1756 2226 Thronum
1798 2170 1899 2243 qui
1949 2171 2104 2228 sicut
2137 2170 2311 2228 Luna

206 2273 395 2332 firmus
438 2275 497 2331 in
540 2278 848 2329 aeternum
892 2270 1261 2346 significatur
1310 2266 1555 2327 Coelum
1607 2274 1664 2327 et
1716 2267 1992 2327 Ecclesia
2047 2271 2310 2345 quaein

208 2373 367 2434 Bono
413 2372 736 2451 spirituali,
794 2371 953 2447 quod
1001 2377 1095 2430 est
1142 2370 1426 2428 Divinum
1477 2368 1734 2444 Verum3
1791 2385 1900 2445 per
1955 2368 2202 2429 Testem
2247 2371 2309 2427 in

214 2474 458 2532 nubibus
505 2474 738 2533 fidelem
787 2473 1154 2550 significatur
1192 2470 1460 2529 Verbum
1503 2473 1562 2528 in
1616 2486 1799 2530 sensu
1848 2470 2095 2541 literae,
2151 2470 2311 2547 quod

209 2576 376 2632 testis
412 2583 648 2633 vocatur
677 2577 816 2650 quia
846 2574 908 2632 id
935 2579 1210 2646 testatur,
1252 2571 1445 2630 nubes
1483 2578 1576 2630 est
1611 2587 1826 2630 sensus
1863 2570 2074 2629 literae
2100 2570 2307 2629 Verbi.

209 2675 381 2750 Apud
413 2650 684 2733 Eundem
751 2673 1135 2749 „Timebunt
1193 2669 1284 2731 Te
1327 2690 1471 2732 cum
1520 2669 1693 2748 Sole,
1758 2678 1817 2731 et
1868 2689 2080 2731 coram
2117 2669 2312 2731 Luna

205 2776 516 2853 ymeratio
554 2776 1059 2855 yeneratz'onum,
1091 2772 1348 2851 florebit
1398 2771 1468 2833 in
1517 2772 1734 2833 diebus
1766 2771 1901 2854 qius
1936 2771 2196 2854 justus,
2251 2777 2314 2831 et

205 2873 399 2938 multa
443 2894 587 2956 pam
640 2895 837 2954 usque
876 2874 1029 2935 dum
1076 2894 1200 2933 non
1251 2871 1409 2933 luna
1430 2894 1450 2933 .·
1512 2874 1635 2934 erit
1675 2873 1921 2933 Nomen
1969 2872 2195 2952 Ipsius
2240 2872 2314 2934 in

205 2981 549 3047 aeternum,
629 2994 841 3036 coram
900 2973 1045 3036 Sole
1087 2974 1336 3034 Nomen
1377 2971 1550 3034 Filii
1605 2973 1848 3034 habebit
1867 2993 1894 3046 ;
1954 2980 2013 3034 et
2059 2974 2309 3036 benedi-

206 3083 409 3139 centur
460 3078 530 3139 in
574 3076 680 3137 Eo
728 3095 936 3137 omnes
987 3078 1249 3155 yentes“
1310 3076 1543 3134 Psalm.
1612 3075 1878 3135 LXXII:
1939 3077 1997 3134 5.
2063 3081 2120 3135 7.
2188 3079 2309 3150 175

205 3176 348 3237 haec
386 3197 622 3255 quoque
661 3179 818 3237 dicta
866 3184 1005 3235 sunt
1053 3178 1126 3235 de
1175 3178 1464 3246 Domin0,
1514 3195 1648 3234 nam
1699 3179 1895 3253 agitur
1934 3178 1994 3234 in
2043 3182 2170 3235 toto
2203 3175 2308 3234 illo

204 3276 434 3338 Psalmo
473 3281 545 3338 dc
582 3280 725 3355 Ipso
740 3299 754 3354 3
813 3286 871 3336 et
923 3280 1063 3352 quia
1101 3278 1393 3335 Dominus
1433 3279 1491 3334 in
1530 3276 1713 3336 Coelo
1759 3284 2012 3353 apparet
2047 3276 2166 3334 illis
2206 3277 2310 3351 qui

202 3380 261 3436 in
293 3381 536 3439 coelesti
555 3380 762 3456 Regno
799 3379 1002 3454 Ipsius
1038 3385 1101 3435 ut
1138 3376 1258 3452 Sol,
1299 3385 1359 3435 et
1386 3378 1505 3435 illis
1545 3380 1731 3454 quiin
1762 3377 2060 3453 spirituali
2097 3376 2308 3451 Regno

205 3477 395 3555 Ipsius
445 3490 514 3541 ut
559 3482 760 3554 Luna,
842 3479 976 3537 ideo
1028 3478 1275 3546 dicitur,
1338 3478 1633 3536 timebunt
1682 3478 1770 3535 Te
1825 3494 1958 3535 cum
2011 3475 2179 3548 Sole,
2248 3480 2310 3533 et

205 3595 395 3640 coram
428 3582 601 3641 Luna
636 3582 940 3657 generatio
977 3581 1460 3655 generationum3
1517 3576 1674 3653 quod
1708 3576 1943 3634 florebit
1973 3578 2035 3633 in
2070 3574 2165 3633 die
2200 3573 2305 3632 illo

196 3678 421 3756 jusum,
476 3690 536 3741 ot
572 3682 761 3739 multa
800 3698 915 3756 pax
959 3695 1150 3755 usque
1189 3680 1328 3737 dum
1363 3697 1482 3737 non
1520 3677 1692 3745 luna,
1743 3675 2110 3751 significatur
2147 3672 2308 3748 quod

205 3783 307 3855 qui
334 3783 405 3840 in‘
429 3800 629 3841 amore
663 3785 724 3839 in
759 3782 1080 3839 Dominum
1129 3786 1298 3854 sunt,
1358 3785 1528 3837 erunt
1565 3780 1620 3836 in
1657 3778 1817 3834 veris
1869 3793 1941 3834 ex
1984 3775 2087 3834 illo
2123 3775 2302 3848 bonO,

203 3894 336 3938 nam
375 3900 519 3942 vera
556 3883 718 3958 apud
752 3883 885 3940 illos
935 3883 1033 3956 qui
1082 3883 1141 3938 in
1187 3879 1395 3957 Regno
1436 3879 1688 3938 coelesti
1736 3882 1899 3950 sunt,
1956 3893 2065 3935 seu
2104 3876 2204 3951 qui
2247 3877 2310 3933 in

206 3996 396 4041 amore
430 3986 490 4042 in
526 3985 876 4056 Dominum,
927 3981 1044 4039 illis
1079 3983 1260 4039 insita
1295 3986 1461 4053 sunt,
1508 3979 1660 4056 justi
1697 3980 1851 4037 enim
1890 3977 2166 4037 dicuntur
2205 3977 2308 4051 qui
2348 3981 2510 4044 [598]

205 4080 267 4137 in
307 4081 454 4142 bono
507 4087 761 4153 amoriS,
818 4091 876 4142 et
911 4101 1029 4158 pax
1066 4082 1282 4140 dicitur
1318 4081 1392 4140 de
1430 4080 1531 4138 illo
1568 4080 1761 4154 bono;
1816 4077 1925 4136 sed
1972 4084 2038 4137 ut
2085 4079 2312 4136 sciatur

207 4185 492 4260 quomodo
527 4185 643 4244 hoc
678 4183 1124 4258 intelligendum
1166 4189 1290 4255 est,
1344 4199 1559 4257 nempe
1590 4197 1783 4263 usque
1822 4178 1960 4237 dum
1997 4197 2114 4238 non
2148 4178 2314 4250 luna,

210 4278 451 4362 dicetur3
489 4286 596 4344 lux
629 4283 964 4362 procedens
1001 4300 1038 4342 a
1072 4284 1330 4343 Domino
1368 4288 1434 4341 ut
1471 4281 1640 4356 Sole,
1682 4280 1874 4341 differt
1910 4297 1947 4340 a
1984 4280 2119 4342 luce
2158 4296 2312 4358 quae
