2791 4778
468 407 578 461 334
889 393 1378 450 APOCALYPSIS
1417 392 1849 451 EXPLICATA.
1926 392 1972 464 §-
2018 402 2152 456 391.

461 557 811 617 nisestatum
872 553 1103 628 facere,
1167 560 1235 611 ut
1295 569 1483 628 supra
1535 570 1603 611 n:
1676 552 1852 625 3513
1924 556 1985 609 et
2036 568 2111 609 ex
2158 550 2574 626 significatione
2685 535 2688 571 ⁸

463 658 721 730 Altaris‚
779 653 938 731 quod
979 656 1040 712 in
1080 655 1350 728 proximo
1388 668 1573 711 sensu
1608 654 1689 710 sit
1724 650 1922 711 cultus
1970 669 2045 710 ex
2085 651 2242 710 bono
2274 655 2483 711 amoris
2514 656 2573 711 in

463 759 812 829 Dominum,
874 757 935 812 in
972 770 1156 813 sensu
1191 755 1455 812 interiori
1494 751 1745 811 Coelum
1782 757 1843 811 et
1877 752 2155 811 Ecclesia
2188 770 2342 828 quae
2384 755 2441 811 in
2473 753 2571 813 illo

465 875 699 930 amore,
757 864 818 915 et
850 858 913 913 in
948 872 1130 914 sensu
1164 856 1368 912 intimo
1404 853 1688 911 Divinum
1725 852 2071 911 Humanum
2107 852 2350 912 Domini
2389 854 2572 928 quoad

465 960 749 1018 Divinum
786 957 1017 1015 Bonum
1055 956 1260 1014 Divini
1294 954 1563 1012 Amoris:
1605 954 1765 1029 quod
1791 971 1902 1030 per
1938 953 2149 1012 s'ubter
2176 952 2373 1013 Altari
2402 956 2569 1031 signi·

465 1060 716 1119 ficentur
763 1057 848 1116 illi
899 1059 1000 1133 qui
1049 1056 1160 1114 sub
1215 1054 1397 1114 Coelo
1449 1057 1745 1115 reservati
1798 1061 1969 1127 sunt,
2037 1062 2132 1113 est
2187 1057 2332 1129 quia
2378 1055 2572 1114 dicitur

469 1160 629 1236 quod
665 1158 883 1216 viderit
916 1156 1124 1214 subter
1160 1149 1355 1213 Altari
1398 1156 1628 1213 animas
1667 1159 2000 1213 occisorum
2036 1163 2288 1231 propter
2330 1155 2573 1214 Verbum

468 1261 585 1319 Dei
624 1268 683 1317 et
715 1264 964 1333 propter
991 1258 1397 1314 testimonium
1438 1255 1599 1331 quod
1623 1255 1956 1330 habebant,
1997 1264 2058 1314 et
2091 1273 2201 1331 per
2238 1256 2376 1314 illos
2410 1256 2569 1315 intel-

467 1361 732 1436 liguntur
767 1359 868 1433 qui
903 1357 1014 1415 sub
1048 1356 1233 1416 Coelo
1270 1358 1569 1414 reservati
1607 1374 1799 1431 usque
1836 1355 1915 1414 ad
1950 1356 2224 1414 ultimum
2253 1356 2565 1430 Judicium3

472 1459 582 1518 sed
616 1458 729 1516 hoc
774 1460 913 1534 quia
946 1456 1206 1516 nondum
1243 1459 1303 1514 in
1340 1457 1558 1515 mundo
1593 1464 1797 1514 notum
1837 1462 1957 1530 est,
2015 1457 2152 1515 volo
2204 1457 2407 1516 dicere
2444 1473 2569 1533 quo-

467 1560 644 1620 modo
691 1576 827 1619 cum
874 1559 988 1617 hoc
1040 1575 1105 1616 se
1153 1557 1363 1633 habet3
1433 1560 1495 1614 in
1545 1554 1854 1633 Opusculo
1907 1556 1981 1615 de
2025 1554 2280 1618 Ummo
2330 1558 2566 1618 Jumcto

468 1662 725 1721 relatum
767 1666 890 1732 est,
950 1658 1109 1734 quod
1146 1668 1282 1716 ante
1321 1657 1594 1717 ultimum
1622 1657 1927 1717 Judieium
1965 1659 2146 1716 suerit
2180 1661 2375 1717 instar
2404 1658 2564 1732 Coeli,

469 1762 631 1838 quod
661 1760 1011 1836 intelligitur
1045 1776 1155 1834 per
1189 1760 1354 1834 prius
1386 1757 1635 1817 Ocelum
1674 1758 1833 1834 quod
1861 1761 2151 1831 transivit,
2190 1759 2389 1835 Apoc:
2416 1758 2566 1820 XXI:

476 1866 534 1937 1,
576 1868 635 1920 et
671 1861 829 1938 quod
863 1861 975 1919 hoc
1005 1858 1254 1919 Coelum
1291 1860 1622 1918 constiterit
1651 1877 1721 1918 ex
1754 1859 1871 1918 illis
1900 1861 2001 1934 qui
2040 1862 2099 1916 in
2140 1867 2391 1918 externo
2427 1859 2568 1919 cultu

467 1963 695 2038 absque
729 1964 959 2020 interno
996 1961 1254 2035 fuerunt,
1316 1970 1374 2018 et
1417 1962 1517 2035 qui
1551 1960 1688 2018 inde
1727 1959 2015 2019 moralem
2050 1962 2242 2018 vitam
2280 1968 2567 2020 externam

469 2070 721 2140 egerunt
756 2063 998 2120 tametsi
1035 2078 1195 2119 mere
1231 2060 1538 2119 naturales
1571 2068 1630 2119 et
1666 2078 1784 2119 non
1820 2060 2166 2137 spirituales
2213 2070 2446 2137 essent3
2494 2061 2568 2121 illi
2591 2032 2608 2061 s

470 2167 571 2242 qui
619 2165 732 2223 hoc
788 2162 1036 2222 Coelum
1083 2169 1222 2218 ante
1273 2161 1545 2219 ultimum
1595 2162 1897 2223 Judicium
1952 2165 2424 2234 constituerunt,
2472 2163 2569 2220 visi

469 2273 607 2325 sunt
644 2282 828 2341 snpra
862 2270 1111 2333 terram,
1170 2263 1350 2320 etiam
1385 2279 1572 2338 super
1607 2262 1934 2336 montibuS‚
1992 2261 2272 2336 collibuS,
2316 2270 2377 2321 et
2401 2266 2566 2339 petris

467 2370 528 2426 in
576 2366 794 2426 mundo
848 2362 1171 2441 spirituali,
1239 2368 1297 2421 et
1343 2363 1482 2423 inde
1534 2363 1914 2423 crediderunt
1967 2380 2034 2422 se
2085 2378 2223 2422 esse
2270 2365 2336 2423 in
2371 2362 2562 2440 Coe103

466 2468 576 2526 sed
611 2469 701 2527 illi
742 2468 843 2543 qui
878 2466 991 2524 hoc
1030 2464 1278 2523 Coelum
1317 2467 1787 2535 constituerunt,
1837 2467 1979 2540 quia
2013 2465 2204 2523 solum
2240 2467 2304 2522 in
2342 2473 2566 2525 externa

466 2570 676 2627 morali
724 2571 845 2627 vita
881 2567 1152 2640 fuerunt,
1213 2572 1274 2623 et
1323 2582 1440 2622 non
1477 2565 1653 2623 simul
1700 2568 1760 2623 in
1795 2567 2030 2623 interna
2080 2567 2409 2641 spirituali,
2470 2567 2565 2625 de-

460 2670 609 2746 jecti
645 2677 810 2740 sunt,
868 2675 1097 2727 etcum
1145 2666 1234 2724 illi
1271 2665 1508 2742 dejecti,
1562 2673 1704 2725 tunc
1744 2666 1966 2725 elevati
2015 2673 2154 2724 sunt
2202 2671 2264 2725 et
2318 2667 2568 2726 translati

468 2771 530 2826 in
571 2769 780 2826 eadem
816 2767 985 2842 loca,
1040 2767 1155 2826 hoc
1194 2771 1316 2840 est,
1373 2783 1558 2843 super
1593 2772 1858 2837 monteS‚
1896 2767 2081 2826 colles
2121 2773 2180 2825 et
2214 2775 2449 2843 petras,
2481 2768 2566 2827 ubi

466 2871 700 2945 priores
737 2868 1001 2941 fuerunt,
1066 2849 1271 2926 omnes
1322 2867 1411 2926 illi
1460 2869 1563 2943 qui
1595 2870 1889 2927 reservati
1937 2874 2147 2926 sunta
2181 2868 2470 2938 Domino,
2517 2873 2565 2928 et

468 2966 802 3026 absconditi
837 2968 932 3026 hic
983 2974 1043 3025 et
1087 2968 1240 3041 illic,
1295 2968 1571 3044 plerique
1618 2970 1676 3026 in
1722 2968 1999 3028 inferiore
2038 2976 2198 3026 terra
2212 2989 2229 3044 3
2289 2977 2358 3029 et
2390 2989 2457 3029 ex
2486 2969 2562 3027 his

464 3070 787 3127 formatum
826 3073 919 3127 est
970 3083 1188 3125 novum
1231 3067 1513 3128 Coelum:
1566 3069 1630 3127 hi
1681 3072 1781 3145 qui
1824 3070 2118 3127 reservati
2163 3077 2306 3128 sunt
2357 3079 2414 3131 et
2446 3078 2563 3130 tunc

470 3169 718 3241 elevati,
782 3167 1022 3225 fuerunt
1060 3184 1133 3225 ex
1169 3167 1287 3226 illis
1325 3171 1384 3227 in
1421 3169 1673 3245 munde,
1713 3172 1816 3247 qui
1851 3172 2130 3228 vixerunt
2164 3172 2356 3230 vitam
2391 3171 2561 3231 chari·

468 3270 606 3328 tatis
619 3313 634 3342 ‚
706 3274 767 3327 et
818 3270 919 3343 qui
966 3268 1205 3327 fuerunt
1252 3271 1312 3326 in
1368 3270 1680 3329 affectione
1739 3272 1869 3329 veri
1929 3269 2263 3345 spirituali:
2332 3271 2561 3333 elevatio

464 3371 676 3429 horum
722 3372 783 3429 in
829 3370 966 3429 loca
1012 3370 1277 3446 priorum
1331 3372 1577 3446 saepius
1628 3370 1772 3429 mihi
1820 3372 1951 3429 visa
2005 3377 2126 3429 ests
2189 3370 2253 3429 hi
2299 3381 2443 3432 sunt
2482 3371 2565 3447 qui

464 3471 876 3548 intelliguntur
929 3488 1039 3547 per
1094 3472 1322 3528 animas
1377 3472 1714 3530 occisorum
1764 3474 1930 3529 visas
1984 3470 2193 3529 subter
2244 3473 2468 3543 Altari,
2516 3475 2566 3529 et

466 3576 609 3651 quia
641 3572 729 3631 illi
782 3572 1066 3631 custoditi
1105 3572 1347 3630 fuerunt
1383 3589 1420 3629 a
1454 3571 1714 3631 Domino
1758 3555 1818 3629 in
1868 3578 2030 3630 terra
2077 3571 2376 3645 inferiori,
2435 3585 2565 3650 quae

464 3679 627 3733 terra
664 3680 759 3732 est
792 3672 904 3731 sub
944 3672 1155 3745 Coelo,
1211 3670 1347 3729 inde
1386 3683 1498 3748 per
1535 3671 1657 3731 vidi
1693 3671 1906 3732 subter
1940 3671 2137 3730 Altari
2180 3676 2568 3750 significantur

465 3777 567 3849 qui
603 3773 715 3832 sub
755 3772 938 3832 Coelo
980 3775 1273 3832 reservati
1321 3779 1488 3848 sunt3
1546 3772 1656 3831 sed
1703 3773 1779 3832 de
1827 3773 1922 3832 his
1957 3775 2019 3831 in
2055 3776 2259 3847 specie
2299 3779 2487 3852 agitur
2515 3773 2567 3830 in

463 3872 834 3950 Apocalypsi
896 3871 1059 3949 Cap:
1122 3873 1277 3932 XX:
1335 3876 1400 3931 4.
1460 3874 1517 3933 5.
1581 3877 1694 3933 12.
1752 3875 1874 3949 13,
1964 3874 2069 3933 ubi
2118 3872 2298 3949 plura
2348 3876 2423 3935 de
2466 3872 2569 3933 iuis

465 3971 719 4031 dicenda
754 3978 922 4031 sunt:
974 3973 1206 4031 interea
1240 3971 1314 4030 de
1375 3975 1562 4049 priori
1614 3973 1799 4033 Coelo
1852 3975 2010 4050 quod
2056 3976 2364 4048 transivit,
2419 3971 2569 4034 etde

463 4071 635 4133 Novo
674 4071 857 4131 Coelo
894 4072 1053 4148 quod
1088 4090 1125 4130 a
1157 4071 1437 4131 Domino
1450 4080 1591 4151 post
1615 4075 1891 4134 ultimum
1926 4074 2233 4134 Judicium
2273 4076 2567 4135 formatum

465 4178 589 4240 est,
637 4171 913 4231 videatur
950 4173 1012 4230 in
1054 4170 1362 4248 Opusculo
1413 4174 1487 4233 de
1524 4174 1778 4236 Ummo
1815 4177 2066 4236 Jumoro
2102 4192 2178 4233 n:
2234 4178 2321 4236 65
2355 4176 2431 4235 ad
2462 4175 2564 4245 725

463 4266 614 4325 haec
653 4283 853 4341 pauca
886 4268 1184 4328 sufficiant
1216 4288 1327 4346 pro
1365 4272 1571 4350 aliqua
1603 4275 2001 4336 illustratione
2031 4272 2109 4334 ad
2132 4274 2564 4355 intelligendum
