2791 4778
468 362 498 414 4
516 362 578 413 12
919 349 1407 406 APooAm·1›s1s
1453 350 1881 408 EXPLICATA.
1942 352 1991 418 §.⁷
2027 361 2160 413 403.

465 515 609 590 quia
656 509 875 569 malum
933 519 1028 571 est
1074 514 1361 584 interius,
1418 520 1728 570 externum
1785 513 1942 570 enim
1979 528 2152 571 omne
2189 528 2360 570 suum
2405 515 2552 588 quale

461 611 645 672 trahit
679 610 753 669 ab
797 603 1058 684 interno,
1111 629 1249 670 nam
1290 619 1384 671 est
1422 611 1668 672 effectus
1712 581 1892 688 ejus?
1931 611 2090 687 quod
2124 612 2348 671 malum
2383 630 2551 691 appa·

462 714 695 774 reatin
744 714 1004 771 externis
1065 719 1130 771 ut
1168 712 1389 771 bonum
1443 713 1603 788 apud
1653 711 1825 786 illos,
1893 719 1988 770 est
2037 715 2178 788 quia
2225 716 2552 772 mentiuntur

462 814 686 873 bonum
722 819 972 889 propter
1012 812 1262 887 malum,
1303 812 1462 889 quod
1495 816 1654 871 intus
1698 818 1824 882 est,
1862 811 1940 870 ad
1967 812 2349 872 obtinendum
2384 812 2548 888 finem,

467 917 566 974 cul
615 912 837 971 bonum
874 930 1175 990 apparens
1212 917 1402 972 servit
1437 919 1504 973 ut
1540 916 1814 972 medium.
1869 911 2074 972 Simile
2112 913 2327 973 dicitur
2362 915 2432 973 de
2456 913 2551 972 illis

468 1016 571 1092 qui
604 1019 1066 1091 permanserunt
1104 1015 1165 1072 in
1199 1019 1360 1072 terra
1398 1013 1680 1073 Canaane
1721 1012 1863 1072 alibi
1901 1014 2060 1089 apud
2106 1013 2373 1073 Eundem
2419 1012 2552 1087 „sio

467 1112 648 1174 dixit
683 1111 968 1172 Jehovah
1008 1111 1087 1172 de
1123 1113 1304 1193 Reye
1341 1119 1402 1173 et
1439 1112 1517 1173 de
1556 1115 1850 1175 universo
1882 1113 2119 1193 populo
2161 1113 2463 1175 habitante
2490 1114 2551 1173 in

463 1213 613 1276 urbe
647 1210 795 1287 hae,
833 1212 946 1292 qui
981 1232 1105 1274 non
1142 1214 1475 1275 acciverunt
1501 1214 1817 1275 vobiscum
1853 1214 1921 1274 in
1956 1214 2414 1295 captivitatem,
2443 1232 2554 1273 eoee

461 1312 612 1393 Eyo
653 1312 912 1374 mittens
950 1314 1022 1374 in
1072 1333 1172 1373 eos
1208 1312 1536 1393 ⁸qladium,
1579 1316 1862 1394 famem,
1913 1320 1972 1374 et
2000 1321 2278 1394 pestem,
2326 1321 2383 1375 et
2419 1314 2558 1374 dabo

460 1432 565 1474 eos
617 1412 785 1473 sieut
824 1415 995 1494 ficus
1047 1413 1378 1487 horridae,
1431 1435 1590 1494 quae
1640 1435 1765 1476 non
1816 1414 2059 1476 comedi
2097 1422 2377 1495 possunt
2420 1433 2556 1493 prae

458 1510 766 1575 malitia“
813 1513 1063 1573 XXIX:
1117 1519 1220 1574 16.
1269 1521 1377 1574 17.
1473 1515 1648 1591 Quod
1684 1516 1832 1576 ficus
1876 1523 1942 1574 ut
1989 1516 2167 1575 arbor
2202 1518 2262 1575 in
2303 1518 2553 1593 opposito

459 1632 642 1674 sensu
696 1614 988 1691 significet
1043 1615 1336 1674 hominem
1389 1634 1553 1675 mere
1610 1615 1969 1687 naturalem,
2048 1624 2113 1675 et
2162 1618 2485 1676 Ecclesiam
2526 1633 2555 1671 a

457 1714 782 1783 similibus»,
845 1732 955 1773 seu
993 1715 1152 1791 apud
1200 1733 1350 1791 quos
1401 1734 1520 1775 non
1566 1726 1659 1776 est
1697 1718 1916 1776 bonum
1951 1716 2225 1776 naturale
2267 1700 2411 1793 'quia
2458 1733 2554 1774 11011

459 1822 556 1874 est
595 1813 813 1874 bonum
862 1817 1052 1887 intu5‚
1120 1823 1354 1874 constat
1409 1817 1573 1895 apud
1619 1818 1842 1876 Lucam
1882 1816 2123 1892 „Jews
2184 1816 2368 1877 dixit
2417 1815 2555 1876 ham

455 1911 846 1975 Pam-abelam
859 1960 876 1990 ,
917 1916 1116 1996 ficum
1142 1914 1402 1976 habebat
1442 1915 1682 1996 aliquis
1716 1918 1787 1979 in
1820 1917 2001 1978 vinea
2030 1898 2415 1997 plantatam,
2466 1935 2552 1975 ve-

451 2014 549 2076 nit
600 2033 752 2094 erqo
793 2017 1090 2096 fructum
1145 2035 1453 2095 quaerens
1505 2018 1576 2078 in
1616 2037 1690 2079 ea
1740 2016 1853 2078 sed
1903 2036 2026 2079 non
2077 2017 2345 2089 invenit,
2402 2016 2561 2078 dixit

455 2113 545 2177 ad
596 2114 945 2178 Vinitorem
963 2163 980 2188 ,
1031 2135 1163 2176 eece
1202 2124 1331 2178 tres
1369 2137 1571 2179 annos
1604 2119 1780 2179 venio
1824 2138 2128 2199 quaerens
2167 2119 2465 2199 fructum
2500 2118 2561 2177 in

444 2218 580 2299 ficu
611 2215 729 2277 hac
745 2263 761 2294 ,
799 2237 926 2278 non
950 2223 1161 2279 autem
1188 2217 1459 2293 invenio,
1491 2219 1790 2280 exscinde
1827 2217 2043 2294 illam,
2082 2224 2155 2280 ut
2201 2217 2361 2298 qaid
2386 2220 2564 2279 etiam

453 2322 691 2379 terram
744 2317 1213 2400 infrufflj'eram
1257 2319 1518 2399 facia&
1586 2318 1687 2380 hie
1739 2339 1880 2381 vero
1930 2319 2314 2401 respondens
2377 2318 2562 2389 dixit,

454 2418 763 2492 Domine,
834 2417 1117 2499 relinque
1161 2417 1346 2480 illam
1385 2421 1581 2480 etiam
1631 2420 1745 2482 hoo
1779 2439 1972 2497 anne,
2035 2414 2235 2500 usque
2273 2420 2425 2481 dum
2457 2421 2564 2501 fo-

453 2517 639 2579 diam
683 2518 924 2582 eireum
958 2518 1173 2595 illam,
1231 2525 1290 2580 et
1332 2521 1643 2604 adjiciam
1684 2526 1941 2598 stercus,
1996 2521 2312 2601 siquidem
2345 2520 2568 2600 fecerit

440 2620 769 2700 fructum,
837 2620 942 2681 sin
996 2621 1210 2681 minus
1259 2621 1328 2680 in
1366 2622 1675 2701 futurum
1720 2622 2066 2683 ece-scindas
2114 2619 2347 2682 illam“
2391 2620 2562 2683 XIII:

460 2723 496 2778 6
541 2721 620 2778 ad
659 2724 733 2796 93
787 2739 897 2798 per
936 2726 1169 2785 vineam
1218 2723 1275 2779 in
1325 2740 1444 2798 qua
1480 2729 1613 2781 erat
1658 2724 1833 2796 ficus,
1889 2723 2255 2799 significatur
2300 2723 2566 2783 Ecclesia

453 2819 558 2878 ubi
594 2823 774 2886 etiam
810 2822 897 2880 illi
935 2827 1033 2898 qui
1070 2826 1130 2880 in
1176 2825 1437 2881 externis
1488 2830 1657 2897 sunt,
1720 2841 1855 2882 nam
1908 2826 1967 2881 in
2012 2824 2289 2883 Ecclesia
2338 2823 2562 2882 Domini

458 2926 556 2978 est
583 2920 882 2979 internum
915 2929 972 2980 et
1011 2930 1351 2995 externum,
1408 2926 1701 2981 internum
1733 2924 2044 2983 Ecclesiae
2083 2930 2176 2983 est
2209 2924 2469 2983 charitas
2510 2929 2561 2981 et

452 3018 590 3078 inde
627 3018 776 3078 fides
802 3064 817 3091 ,
874 3028 1183 3079 externum
1221 3033 1422 3081 autem
1461 3023 1768 3083 Ecclesiae
1806 3034 1899 3084 est
1933 3025 2151 3084 bonum
2189 3027 2352 3085 vitae
2366 3045 2382 3099 3
2436 3024 2559 3100 quia

450 3136 638 3196 opera
679 3120 989 3179 charitatis
1027 3127 1089 3180 et
1121 3121 1290 3197 fidei,
1348 3142 1505 3200 quae
1540 3131 1679 3184 sunt
1716 3125 1934 3183 bonum
1971 3128 2162 3198 vitae,
2218 3133 2357 3185 sunt
2394 3132 2552 3183 natu-

450 3220 594 3279 ralis
643 3219 930 3296 hominis,
988 3229 1048 3281 et
1084 3224 1218 3298 ipsa
1253 3222 1515 3283 charitas
1572 3230 1633 3283 et
1679 3225 1816 3284 inde
1860 3224 2010 3285 fides
2061 3232 2199 3284 sunt
2243 3223 2552 3302 spiritualis

449 3321 748 3395 hominia,
802 3322 939 3382 inde
974 3341 1086 3399 per
1121 3326 1356 3382 vineam
1393 3308 1761 3400 significatur
1809 3326 2120 3385 Ecclesiae
2169 3328 2465 3385 internum
2504 3332 2554 3382 et

451 3439 567 3500 per
621 3420 797 3481 ficum
840 3431 1150 3483 externum
1188 3425 1317 3501 eJus
1331 3445 1348 3500 3
1406 3425 1569 3502 apud
1613 3425 1866 3486 Gentem
1900 3426 2215 3487 Judaicam
2253 3427 2368 3486 fuit
2400 3423 2551 3485 modo

451 3530 760 3584 externum
817 3524 1159 3595 Ecclesiae,
1230 3526 1371 3600 quia
1418 3527 1477 3582 in
1525 3526 1689 3585 cultu
1744 3536 1988 3586 externo
2050 3527 2546 3603 repraesentativa

423 3630 619 3698 -erat,
677 3641 860 3700 quare
897 3643 1008 3702 per
1042 3625 1217 3685 ficum
1264 3625 1541 3685 Ecclesia
1593 3627 1754 3704 apud
1788 3628 1956 3708 illam
2008 3635 2248 3706 gentem
2284 3625 2548 3701 intelligi-

450 3732 583 3799 tur3
655 3724 764 3784 sed
814 3727 953 3801 quia
1007 3727 1068 3783 in
1120 3726 1287 3785 cultu
1328 3732 1573 3785 externo
1629 3733 1826 3803 erant,
1884 3736 1944 3787 et
1992 3732 2057 3788 in
2106 3727 2269 3786 nullo
2320 3731 2547 3795 interno,

453 3826 623 3882 erant
659 3827 814 3883 enim
848 3827 1007 3885 intus
1044 3826 1218 3896 mali,
1272 3831 1333 3886 et
1368 3828 1509 3901 quia
1533 3825 1730 3886 cultus
1760 3835 2042 3888 externus
2074 3827 2304 3904 absque
2340 3831 2547 3886 interno

452 3930 546 3983 est
579 3924 778 3985 nullus
816 3925 1013 3984 cultus
1029 3969 1049 4001 ,
1102 3932 1162 3984 et
1196 3925 1361 4001 apud
1395 3927 1586 3985 malos
1625 3933 1717 3987 est
1754 3928 1949 3988 malus
1985 3928 2201 3999 cultuS,
2238 3929 2373 3988 ideo
2408 3920 2550 4001 apud

445 4023 580 4084 illos
628 4041 747 4085 non
796 4024 1039 4100 aliquod
1072 4023 1292 4083 bonum
1343 4028 1617 4086 naturale
1667 4028 1814 4104 fuit3
1871 4046 2058 4107 quare
2106 4027 2354 4104 dicitur,
2408 4019 2550 4102 quod

446 4140 557 4198 per
593 4130 719 4182 tres
757 4141 946 4184 annos
985 4142 1101 4183 non
1136 4126 1431 4185 invenerit
1466 4127 1725 4187 fructum
1768 4131 1829 4187 in
1861 4128 2009 4204 ficu,
2062 4136 2124 4189 et
2160 4128 2319 4205 quod
2354 4122 2552 4186 dixerit

448 4219 524 4276 ad
569 4220 880 4280 vinitorem
923 4232 988 4281 ut
1025 4223 1502 4302 exscinderetur,
1558 4244 1671 4304 per
1710 4229 1869 4305 quod
1905 4229 2272 4307 significatur
2300 4225 2450 4305 quod
2485 4220 2550 4279 ab
