2791 4778
368 357 596 415 CAPUT
639 355 953 446 ssx'ruu,
1751 353 1961 410 vene:
2004 366 2059 417 9.
2214 363 2324 418 :4⁵

238 522 305 577 sit
333 517 494 575 fratri
529 531 642 575 seu
679 517 972 593 proxime,
1012 517 1363 592 septuagies
1393 520 1626 592 septem
1662 515 1742 573 ibi
1768 515 2064 592 significat
2078 515 2321 593 jugiter.

232 617 500 695 Quoniam
534 634 647 694 per
683 617 892 675 Altare
930 615 1074 674 talia
1107 616 1445 693 significata
1480 622 1650 686 sunt,
1683 616 1818 675 ideo
1854 617 2064 675 Altare
2100 616 2322 675 sactum

231 723 312 777 est
355 717 449 777 vel
505 735 579 777 ex
633 715 828 793 ligno,
883 717 983 776 vel
1033 734 1106 775 ex
1167 717 1376 790 humo,
1433 715 1532 774 vel
1585 734 1660 775 ex
1711 716 2012 794 lapidibus
2073 718 2321 792 integris

231 835 391 895 super
441 835 595 894 quos
642 835 759 876 non
806 825 1148 876 moveretur
1197 817 1418 876 ferrum
1438 862 1454 891 ,
1512 823 1569 875 et
1607 834 1843 894 quoque
1896 817 2321 877 circumdatum

231 926 308 978 est
339 936 511 978 aere:
571 918 729 995 quod
768 917 987 977 factum
1025 920 1105 977 sit
1140 935 1208 976 ex
1244 917 1433 994 ligno,
1491 924 1619 976 erat
1655 935 1870 993 causa,
1923 919 2063 995 quia
2095 917 2322 993 lignum

231 1019 504 1095 significat
535 1019 787 1093 bonum3
845 1018 1117 1077 similiter
1155 1017 1312 1095 quod
1349 1035 1424 1076 ex
1457 1017 1671 1088 hume,
1705 1036 1843 1077 nam
1877 1019 2093 1078 humus
2127 1017 2321 1077 simile
2384 1005 2397 1016 ³

228 1120 538 1196 significat3
594 1118 751 1195 quod
804 1137 877 1178 ex
925 1118 1227 1195 lapidibus
1281 1119 1557 1194 integris,
1616 1125 1744 1176 erat
1793 1136 2003 1192 causa,
2061 1120 2202 1194 quia
2236 1118 2323 1177 illi

225 1219 435 1296 lapides
490 1219 910 1297 significabant
960 1236 1106 1278 vera
1154 1219 1410 1277 formata
1459 1235 1532 1277 ex
1587 1218 1774 1294 bone,
1834 1234 1943 1278 seu
1996 1219 2216 1278 bonum
2259 1221 2321 1278 in

225 1321 421 1395 forma,
481 1328 544 1379 et
578 1338 652 1380 ne
691 1320 1009 1380 accederet
1043 1319 1271 1396 aliquid
1321 1336 1395 1377 ex
1435 1322 1682 1395 propria
1733 1320 2126 1396 intelligentia
2162 1320 2322 1395 quod
2390 1311 2393 1314 ’

193 1475 196 1480 .
226 1421 381 1479 simul
417 1422 705 1480 formaret
739 1421 830 1492 id,
895 1419 1258 1497 prohibitum
1305 1418 1419 1477 suit
1465 1436 1540 1476 ne
1575 1418 1808 1497 lapides
1848 1420 1937 1478 illi
1971 1425 2321 1496 aptarentur

224 1538 322 1596 per
371 1522 634 1596 aliquem
683 1520 995 1594 malleum,
1062 1522 1318 1580 securim
1377 1527 1482 1578 aut
1528 1520 1747 1579 ferrum
1763 1542 1780 1598 3
1849 1520 2007 1598 quod
2060 1523 2316 1580 circum-

224 1621 409 1680 datum
461 1623 646 1681 fuerit
701 1638 841 1680 aere
906 1619 1280 1698 significabat
1336 1620 1496 1696 quod
1557 1626 2041 1698 repraesentaret
2099 1621 2318 1678 bonum

221 1723 808 1799 undequaque,'aes
858 1725 1014 1781 enim
1063 1720 1372 1798 significat
1405 1720 1624 1780 bonum
1660 1725 1721 1781 in
1770 1724 2049 1781 externis,
2139 1719 2320 1796 Quod

219 1822 410 1882 Altare
447 1840 520 1882 ex
571 1823 731 1899 ligno
767 1823 991 1880 factum
1028 1823 1240 1891 fuerit,
1306 1828 1542 1881 constat
1587 1823 1749 1900 apud
1783 1823 1992 1882 Mosen
2044 1820 2318 1895 „Facies

218 1921 428 1983 Altare
472 1942 554 1984 ex
623 1921 827 2002 liquis
879 1922 1206 1995 Sohittim,
1285 1922 1559 2002 quinque
1617 1922 1811 1984 cubiti
1873 1920 2207 2002 lonyitudo
2260 1929 2321 1983 et
2400 1965 2403 1966 ν

220 2020 507 2099 latitudo,
569 2023 964 2103 quadratum
998 2022 1152 2099 erit,
1214 2030 1274 2085 et
1305 2023 1522 2103 facies
1572 2023 1632 2083 ei
1679 2041 1913 2085 cornua
1927 2042 1956 2095 ,·
2008 2029 2068 2083 et
2103 2023 2319 2102 facies·

219 2124 272 2184 ez·
305 2125 572 2186 cribrum
606 2143 767 2205 opus
799 2125 957 2186 retis
985 2124 1194 2195 aeri8;
1248 2142 1473 2184 cavum
1502 2119 2065 2194 tabulatumcriffl
2113 2123 2316 2182 Exod:

222 2223 477 2285 XXVII:
529 2231 557 2283 1
597 2225 674 2283 ad
709 2228 783 2284 8:
842 2233 903 2285 et
929 2225 1089 2301 apud
1117 2224 1498 2284 Ezechielem
1528 2219 1808 2298 „Altare
1847 2227 1985 2282 erat
2009 2240 2090 2282 ex
2119 2218 2317 2301 liyno,

223 2330 336 2386 tres
370 2324 560 2387 ulnae
594 2322 832 2401 altum,
895 2330 954 2385 et
981 2323 1341 2406 .lon9itudo
1385 2323 1523 2408 ejus
1566 2322 1734 2384 duae
1779 2320 1998 2398 ulnae,
2054 2320 2159 2382 oui
2197 2341 2317 2382 an-

225 2423 383 2504 guli,
446 2425 777 2507 lonyitudo
828 2428 963 2511 ejus
1017 2432 1077 2487 et
1108 2426 1395 2505 parietes
1435 2425 1570 2509 ejus
1617 2444 1696 2486 eoe
1750 2422 1962 2504 liquo:
2026 2428 2175 2483 tuno
2224 2421 2319 2483 Zo-

225 2532 443 2603 quatuo
472 2534 560 2588 est
600 2526 693 2588 ad
729 2546 851 2604 me,
904 2528 1057 2589 haec
1085 2546 1306 2587 mensa
1332 2546 1491 2606 quae
1530 2545 1743 2587 coram
1781 2523 2107 2586 Jehovah“
2139 2523 2316 2582 XLI:

227 2629 335 2703 225
386 2630 538 2704 quod
575 2628 783 2688 Altare
827 2648 902 2688 ex
946 2630 1108 2704 ligno
1144 2629 1365 2687 factum
1408 2630 1485 2686 sit
1522 2635 1582 2686 et
1624 2628 1944 2686 obductum
1982 2642 2153 2699 aere,
2207 2625 2318 2684 fuit

224 2728 377 2785 etiam
413 2737 663 2805 propter
700 2746 876 2789 usum
909 2735 978 2789 ut
1028 2731 1254 2804 portari
1289 2745 1359 2786 ac
1398 2728 1705 2786 transferri
1740 2734 1951 2803 posset
2000 2744 2036 2784 a
2083 2726 2218 2786 loco
2252 2726 2316 2783 in

220 2824 395 2887 locum
441 2832 502 2888 in
552 2829 823 2906 deserto,
881 2830 982 2888 nbi
1029 2835 1170 2888 tunc
1220 2830 1462 2888 fuerunt
1513 2828 1615 2887 filii
1670 2827 1950 2896 IsraeliS,
2002 2835 2128 2885 tum
2176 2828 2316 2902 quia

216 2924 414 3003 lignum
450 2930 747 3007 significat
782 2930 1036 3004 bonum,
1094 2937 1152 2988 et
1200 2929 1427 3006 lignum
1476 2929 1737 2988 schittim
1784 2928 2002 2987 bonurn
2037 2928 2312 3004 justitiae

218 3042 308 3087 seu
348 3033 540 3089 meriti
574 3030 816 3091 Domini
830 3050 852 3107 3
904 3029 1060 3106 quod
1107 3029 1331 3106 lignum
1380 3030 1674 3106 significet
1720 3030 1972 3101 bonum,
2039 3029 2314 3088 videatur
2380 3024 2385 3028 ’

219 3133 467 3191 11:643.
515 3133 600 3190 37
617 3133 729 3189 20.
776 3133 1001 3208 83543
1058 3138 1118 3189 et
1169 3130 1328 3206 quod
1375 3131 1601 3207 lignum
1650 3129 1911 3189 schittim
1959 3128 2178 3187 bonum
2205 3128 2311 3204 ju-

220 3230 394 3289 stitiae
421 3248 535 3290 seu
569 3235 781 3307 meriti,
822 3231 981 3308 quod
1011 3230 1137 3290 Soli
1163 3231 1437 3302 Domino,
1477 3249 1549 3289 n:
1596 3234 1807 3289 9472.
1855 3231 2065 3288 9486.
2099 3230 2309 3287 9528.

223 3328 407 3389 9715.
455 3333 717 3391 10178.
803 3331 981 3407 Quod
1035 3337 1236 3389 autem
1280 3330 1487 3389 Altare
1527 3348 1598 3390 ex
1643 3330 1824 3389 humo
1872 3328 2312 3400 aedificaretur,

219 3434 267 3485 et
303 3432 351 3488 si
394 3449 465 3490 ex
502 3431 836 3508 lapidibus,
894 3431 1052 3507 quod
1089 3448 1163 3489 ex
1210 3433 1458 3506 integris
1513 3439 1572 3489 et
1622 3448 1738 3489 non
1786 3447 1896 3504 per
1940 3426 2181 3503 aliquod
2215 3427 2309 3482 in-

215 3535 585 3592 strumentum
628 3533 768 3591 ferri
805 3533 1033 3604 caesis,
1091 3538 1325 3590 constat
1362 3533 1539 3590 etiam
1580 3529 1738 3605 apud
1772 3528 1981 3586 Mosen
2033 3520 2312 3599 „Altae-e

214 3615 414 3719 [humi]
428 3632 647 3712 facie-s
677 3630 863 3703 Mihi,
897 3638 971 3693 ut
995 3630 1317 3712 sacrzflces
1343 3650 1535 3709 euper
1560 3626 1675 3689 illo
1701 3623 2070 3686 holocausta
2098 3629 2212 3684 tua
2249 3627 2308 3682 et

213 3723 643 3793 Evcharistz‘oa
688 3738 819 3794 tua.
895 3730 1087 3808 Quod
1136 3731 1199 3809 si
1242 3727 1473 3792 Altare
1522 3726 1818 3809 lapidum
1850 3725 2078 3806 facias
2115 3720 2309 3797 Mihi,

210 3844 315 3890 uon
350 3831 722 3914 aedeficabie
775 3829 926 3892 illos
971 3838 1240 3906 caeso-95
1275 3831 1431 3910 quia
1483 3829 1545 3889 ei
1589 3825 1831 3889 caelum
1880 3825 2149 3886 movem’s
2195 3812 2306 3885 su!-

200 3942 303 4002 Per
354 3929 530 4005 illos,
599 3931 1039 4012 prophanabz’a
1097 3928 1317 3992 illud“
1393 3930 1596 3989 Exod:
1659 3928 1815 3988 XX:
1886 3930 1999 3985 21.
2067 3930 2192 3984 22:
2251 3931 2312 3983 et

209 4025 333 4087 alibi
360 4030 482 4104 „Si
506 4030 738 4094 Altare
767 4030 1060 4111 lapidum
1084 4031 1232 4092 aedi
1223 4032 1487 4111 fleatur,
1528 4047 1654 4091 non
1681 4024 2040 4108 impelletur
2054 4027 2311 4105 fmm
2349 4038 2510 4102 [573]

210 4140 379 4204 imper
427 4129 726 4212 lapides“
767 4132 959 4193 Deut:
997 4132 1279 4192 XXVII:
1324 4130 1457 4208 [5.]
1513 4134 1572 4191 6.
1652 4131 1961 4189 Hactenus
2000 4135 2308 4187 ostensum

214 4232 293 4285 est
325 4233 460 4305 quid
497 4251 609 4311 per
641 4227 851 4295 Altare
890 4232 1287 4310 significatum
1326 4236 1420 4290 est
1456 4232 1515 4290 in
1554 4232 1809 4309 genuino
1846 4244 2057 4304 sensu3
2099 4227 2308 4288 exinde
