2791 4778
391 358 624 415 CAPUT
658 358 825 425 QUIN
831 358 1003 416 TUM.
1788 359 1966 415 VERS
1980 380 1996 412 ε
2045 372 2095 420 9.
2257 374 2363 424 109

204 529 274 584 et
323 517 555 599 Reym‘
587 514 814 596 Ipsius
861 534 984 576 non
1023 515 1146 576 erit
1173 515 1385 596 finis“
1427 516 1484 574 I:
1529 517 1639 576 31.
1676 518 1788 577 32.
1821 520 1940 594 333
1978 537 2090 595 per
2125 520 2363 580 domum

207 619 454 682 saco-bi
509 616 859 693 intelligitur
897 616 1172 676 Ecclesia
1208 615 1450 674 Domini
1461 636 1478 692 ;
1535 616 1693 693 quod
1725 636 1840 677 non
1881 618 2046 679 Gens
2083 619 2358 694 Judaica,

200 726 416 800 patet.
501 717 799 794 Quoniam
849 716 1190 775 Humanum
1224 716 1466 776 Domini
1528 734 1721 793 aeque
1757 718 2040 779 Divinum
2094 721 2232 795 fuit,
2288 738 2360 782 ac

201 825 432 900 ipsum
466 819 752 878 Divinum
784 816 989 892 Ipsius
1040 816 1199 891 quod
1248 820 1535 875 assumsit
1568 817 1937 892 Humanum,
1992 820 2128 880 ideo
2180 824 2361 880 etiam

202 921 449 981 dicitur
483 916 767 979 Jehovah
801 915 1176 992 Redemptor
1226 918 1286 974 in
1322 918 1720 992 sequentibus
1772 918 1920 978 locis
1934 940 1951 994 3
2006 922 2166 996 apud
2201 921 2358 981 Esa-·

193 1024 342 1101 jam
390 1018 548 1095 „Sic
586 1016 766 1077 dixit
797 1014 1082 1075 Jehovah
1113 1014 1505 1094 Redemptor
1542 1024 1693 1079 tuas
1732 1015 2010 1080 Sanctus
2052 1018 2353 1097 Israelis),

202 1121 379 1202 Eyo
413 1116 697 1180 Jehovah
722 1115 914 1182 Deus
952 1118 1144 1176 tuus‘⁴
1187 1116 1490 1175 XLVIII:
1532 1122 1639 1175 17:
1683 1119 1846 1193 apud
1879 1120 2149 1180 Eundem
2193 1121 2356 1196 „Je-

205 1219 436 1283 hovah
474 1185 879 1280 ZebaothffN
871 1234 1047 1276 omen
1085 1215 1312 1295 Ipsius
1368 1222 1428 1276 et
1467 1216 1857 1296 Redemptor
1891 1225 2043 1280 tuuc
2082 1220 2359 1283 Sanetus

205 1318 543 1394 Israelis,
603 1316 794 1379 Deus
859 1316 1059 1377 totius
1118 1322 1321 1377 terrae
1382 1317 1706 1378 vocabitur
1728 1321 1759 1351 ‘⁶
1828 1318 1968 1378 LIV
1987 1341 2001 1379 ε
2056 1322 2128 1381 5:
2192 1322 2357 1400 apud

210 1421 534 1482 Davidem
582 1463 619 1493 „
641 1416 925 1478 Jehovah
960 1423 1152 1495 petra
1189 1435 1328 1476 mea
1387 1422 1446 1476 et
1486 1416 1875 1497 Redemptor
1914 1419 2006 1480 mi
2030 1424 2067 1454 “
2118 1422 2352 1482 Psalm:

213 1519 415 1582 XIX:
454 1523 481 1577 1
504 1521 562 1579 5:
601 1518 762 1594 apud
787 1518 827 1577 J
831 1520 1116 1577 eremiam
1155 1515 1592 1597 „Redemptor
1616 1538 1830 1579 eorum
1843 1520 2050 1600 sortis
2075 1520 2360 1583 Jehomlz

219 1618 526 1683 Zebaoth
580 1617 822 1678 Nomen
865 1615 1152 1698 ΙΡὸἤιιθίί
1206 1618 1284 1677 L:
1342 1620 1469 1678 34:
1532 1619 1693 1695 apud
1741 1621 1981 1698 Esajam
2032 1665 2067 1696 „
2100 1621 2202 1683 Tu
2238 1621 2350 1682 Je-

217 1719 442 1781 hovah,
481 1717 686 1781 Pater
731 1726 956 1790 noster,
1009 1718 1401 1796 Redemptor
1461 1726 1672 1779 noster
1730 1739 1773 1781 a
1817 1718 2065 1782 saeculo
2109 1721 2355 1784 Nomen

222 1820 502 1883 Tuum“
553 1819 792 1879 LXIII:
838 1823 946 1880 16.
1002 1820 1093 1878 Ex
1130 1819 1222 1877 his
1265 1836 1424 1878 nunc
1461 1826 1733 1880 constare
1769 1829 1998 1898 potest,
2056 1824 2355 1899 quomodo

211 1921 678 1997 intelligendum
718 1928 812 1979 est
848 1920 1006 1996 quod
1035 1919 1331 1978 Dominus
1369 1918 1517 1977 dixit
1555 1966 1590 1995 „
1617 1918 1798 1981 Venit
1827 1919 2049 1983 Filius
2074 1921 2354 1984 hominis

211 2028 295 2083 ut
336 2020 442 2082 det
467 2020 756 2082 animam
780 2019 1298 2099 Redemptionem
1326 2037 1451 2099 pro
1483 2017 1756 2080 multis“
1797 2022 2017 2082 Matth:
2047 2023 2189 2083 XX:
2233 2027 2346 2084 28.

214 2122 425 2182 Marc:
463 2122 544 2181 X:
586 2123 710 2196 453
768 2121 928 2196 quod
977 2138 1192 2196 nempe
1254 2127 1322 2179 ut
1371 2120 1746 2181 vindicentur
1804 2131 1863 2182 ct
1911 2122 2240 2182 liberentur
2275 2125 2351 2183 ab

214 2222 494 2297 Infern03
547 2223 761 2281 Passio
799 2223 979 2280 ‚enim
1039 2222 1231 2281 crucis
1291 2220 1404 2278 fuit
1465 2220 1674 2280 ultima
1719 2240 1925 2298 pugna
1974 2231 2034 2282 et
2078 2223 2352 2298 plenaria

215 2325 507 2396 victoria,
565 2339 683 2399 qua
718 2321 1064 2399 subjugavit
1097 2321 1329 2379 inferna
1373 2327 1433 2378 et
1471 2338 1589 2398 qua
1624 2321 1981 2398 glorificavit
2007 2322 2350 2381 Humanum

225 2440 438 2497 suum,
496 2424 767 2483 videatur
815 2423 1145 2482 Docrnnu
1190 2421 1403 2481 Novar.
1440 2421 1928 2481 Hisnosommr.
1976 2427 2129 2499 ιιι-2
2148 2425 2234 2482 93
2276 2423 2353 2482 ad

234 2526 402 2582 297.
460 2529 519 2580 et
559 2525 695 2583 300
736 2523 814 2580 ad
854 2524 1016 2582 306.

399 2623 559 2681 329.
609 2621 900 2698 Quoniam
926 2623 1139 2684 dicitur
1175 2623 1480 2682 redemisti
1507 2623 1639 2682 Deo
1675 2640 1783 2684 nos
1818 2626 1880 2684 in
1907 2625 2196 2700 sanguine
2226 2629 2347 2699 tuo,

232 2729 299 2783 et
332 2722 448 2782 hoc
481 2723 635 2781 intra
666 2721 994 2782 Ecclesiam
1042 2722 1395 2800 intelligitur
1443 2740 1691 2800 prorsus
1739 2724 2069 2785 secundum
2105 2741 2350 2785 sensum

228 2823 481 2898 literae,
539 2830 599 2882 et
630 2840 749 2882 non
781 2824 1110 2907 secundum
1148 2824 1408 2899 aliquem
1444 2841 1688 2883 sensum
1725 2824 2120 2901 spiritualem,
2169 2826 2350 2886 velim

225 2926 412 2985 etiam
443 2924 775 2999 ostendere,
817 2925 978 3000 quod
1013 2942 1124 3001 per
1158 2926 1511 3005 sanguinem
1546 2943 1664 2984 non
1698 2925 2065 3004 intelligatur
2091 2925 2349 3004 Sanguis

223 3042 339 3086 seu
376 3027 581 3103 passio
634 3026 828 3083 crucis
877 3025 1151 3093 Domini,
1202 3024 1310 3083 sed
1362 3025 1644 3085 Divinum
1680 3025 1907 3086 Verum
1942 3027 2274 3103 procedens
2311 3045 2350 3085 a

221 3125 515 3200 Domino,
573 3143 644 3184 ac
679 3125 945 3200 receptio
986 3125 1117 3201 ejus
1166 3124 1242 3184 ab
1289 3123 1562 3196 homine,
1601 3128 1684 3185 ita
1720 3127 1875 3203 quod
1908 3144 2020 3203 per
2045 3128 2354 3187 redemisti

223 3242 335 3286 nos
372 3227 433 3284 in
467 3226 758 3302 sanguine
792 3230 896 3283 tuo
933 3227 1012 3283 sit
1047 3224 1208 3302 quod
1240 3224 1635 3285 vindicaverit
1671 3234 1728 3285 et
1753 3227 2099 3287 liberaverit
2134 3228 2209 3286 ab
2245 3227 2349 3286 In-

222 3324 395 3385 ferno
441 3326 579 3395 illos
618 3327 719 3402 qui
755 3330 1089 3401 agnoscunt
1121 3325 1332 3400 Ipsum
1379 3332 1439 3384 et
1471 3329 1767 3402 recipiunt
1802 3327 2085 3387 Divinum
2122 3327 2348 3386 Verum

224 3426 299 3485 ab
324 3425 493 3504 Ipso,
533 3431 603 3485 ut
636 3441 824 3501 supra
859 3442 929 3483 n:
967 3426 1105 3484 328
1148 3423 1367 3484 dictum
1398 3432 1507 3509 est:
1548 3425 1643 3484 Ad
1669 3427 2127 3486 illustrationem
2162 3425 2343 3501 hujus

223 3529 316 3585 rei
350 3527 532 3585 velim
568 3524 868 3585 adducere
896 3526 1230 3600 sequentia.
1289 3524 1584 3600 Quoniam
1616 3528 1678 3584 in
1705 3524 1978 3583 Ecclesia
2010 3523 2348 3583 Israelitica

230 3628 455 3698 omnia,
530 3642 684 3703 quae
729 3624 1012 3683 mandata
1074 3630 1241 3699 sunt,
1314 3628 1833 3702 repraesentativa
1880 3623 2232 3683 coelestium
2288 3632 2350 3683 et

232 3726 632 3801 spiritualium
682 3731 881 3795 erant,
936 3732 996 3783 et
1042 3742 1114 3784 ne
1163 3722 1349 3783 hilum
1400 3726 1557 3802 quod
1608 3744 1726 3784 non
1763 3731 1926 3795 erat,
1979 3725 2115 3785 ideo
2165 3727 2345 3784 etiam

233 3824 576 3886 mandatum
622 3832 745 3897 est,
807 3842 944 3884 cum
991 3825 1246 3901 primum
1298 3826 1725 3885 instituebatur
1780 3825 1984 3886 Coena
2034 3826 2345 3888 Paschalis

236 3922 451 4003 „quod
486 3930 794 3988 eumer-ent
835 3924 914 3985 de
954 3924 1293 4005 sanquine,
1345 3931 1406 3985 et
1448 3924 1674 3986 darent
1712 3945 1904 4007 super
1938 3924 2100 3989 duos
2125 3933 2347 4008 postes

231 4029 290 4084 et
330 4043 521 4106 super
560 4023 1076 4107 superliminare,
1133 4032 1322 4102 super
1361 4024 1650 4088 domibus
1691 4026 1759 4089 in
1799 4025 2026 4107 quibus
2068 4029 2344 4090 comede-

229 4132 365 4188 rent
395 4124 693 4207 pecudem
730 4122 1115 4187 Paschalem
1132 4145 1152 4185 .·
1206 4129 1264 4184 et
1300 4125 1423 4189 erit
1463 4127 1736 4207 sanquis
1771 4127 1944 4189 vobis
1986 4128 2057 4193 in
2089 4129 2350 4209 siquam

227 4243 416 4308 super
479 4226 774 4289 domibus
792 4271 809 4303 ,
879 4224 988 4289 ubi
1052 4244 1161 4287 vos
1174 4245 1201 4297 ;
1279 4228 1620 4306 quumque·
1665 4225 1881 4291 videro
1950 4228 2344 4308 sanquinem,
