2791 4778
374 391 585 446 CAPUT
628 391 934 452 SEXTUM.
1586 457 1591 458 ⁷
1696 390 1907 446 VERS:
1952 402 2041 454 12·
2201 406 2306 456 371

253 568 390 609 omne
422 568 618 610 verum
657 550 799 610 fidei
836 549 1249 608 falsificatum:
1305 555 1367 607 et
1414 549 1627 609 stellae
1677 551 1830 610 coeli
1874 551 2216 612 ceciderunt
2249 556 2313 613 in

246 658 456 725 terram,
525 651 819 727 significat
871 651 1030 727 quod
1080 651 1448 726 cognitiones
1501 650 1641 708 boni
1690 658 1746 710 et
1799 655 1930 711 veri
1991 656 2309 730 perierint:

244 753 366 810 sicut
394 751 532 810 ficus
562 752 764 828 dejicit
792 766 1035 828 grossos
1073 768 1215 809 suos
1245 768 1281 808 a
1310 768 1526 827 magno
1556 759 1736 811 vento
1768 769 2078 824 concussa,
2119 758 2307 831 signi-

242 851 351 911 ficat
375 853 513 928 quas
549 851 844 911 naturalis
881 852 1058 911 homo
1087 868 1198 927 per
1232 853 1721 910 ratiocinationes
1751 854 2152 929 depopulatus
2185 861 2307 914 est:

242 959 286 1009 et
315 952 540 1012 Coelum
578 953 874 1012 abscessit
908 960 1189 1029 tanquam
1224 952 1378 1011 liber
1416 952 1791 1027 convolutus,
1830 954 2123 1030 significat
2155 956 2314 1031 quod

240 1053 524 1128 spiritualis
559 1054 739 1112 homo
776 1053 1054 1112 occlusus
1091 1055 1200 1110 sit:
1254 1059 1312 1111 et
1349 1056 1538 1111 omnis
1568 1036 1827 1113 mons‘et
1860 1054 2060 1113 insula
2097 1073 2128 1114 e
2164 1056 2314 1115 locis

239 1157 335 1211 suis
360 1161 547 1212 emota
582 1160 739 1227 sunt,
779 1154 1071 1231 significat
1098 1154 1255 1228 quod
1290 1170 1464 1212 omne
1501 1153 1721 1213 bonum
1749 1158 1968 1214 amoris
2007 1162 2068 1216 et
2100 1174 2309 1215 verum

239 1254 346 1312 fidei
378 1256 636 1331 perierit.

361 1358 512 1415 399.
596 1356 673 1413 Et
718 1355 840 1413 vidi
902 1372 1035 1411 cum
1091 1357 1436 1431 aperuisset
1495 1355 1756 1431 sigillum
1806 1364 2071 1431 sextum,
2149 1359 2313 1441 quod

234 1456 488 1531 significet
529 1456 1000 1532 praedictionem
1039 1455 1112 1513 de
1168 1462 1327 1514 statu
1365 1455 1676 1516 Ecclesiae
1713 1458 1909 1516 adhuc
1945 1459 2308 1534 ulteriorem,

234 1565 434 1615 constat
470 1574 548 1615 ex
588 1557 1019 1633 significatione
1059 1559 1294 1631 aperire
1334 1558 1534 1633 sigilla
1559 1558 1694 1617 libri
1737 1562 1840 1636 qui
1874 1563 1934 1617 in
1972 1577 2153 1618 manu
2180 1561 2312 1619 Do·-

234 1660 371 1731 mini‚
419 1658 581 1734 quod
622 1660 700 1715 sit
735 1656 1006 1715 revelare
1046 1657 1426 1731 abscondita,
1475 1666 1534 1718 et
1569 1661 1918 1735 praedicere
1958 1660 2192 1732 futura,
2240 1661 2316 1719 de

234 1775 328 1833 qua
359 1776 538 1836 supra
572 1776 642 1816 n:
690 1760 847 1817 352.
894 1759 1053 1816 361.
1096 1760 1254 1815 369.
1292 1761 1452 1817 378.
1490 1762 1649 1820 390.

358 1862 516 1918 400.
554 1859 631 1916 Et
660 1874 801 1917 ecce
829 1865 1024 1916 terrae
1054 1867 1250 1916 motus
1279 1842 1531 1939 magnus
1560 1863 1753 1921 factus
1794 1870 1903 1937 est,
1937 1861 2095 1939 quod
2123 1866 2310 1939 signi-

232 1959 346 2017 ficet
377 1967 593 2018 statum
623 1958 936 2017 Ecclesiae
972 1976 1219 2035 prorsus
1261 1962 1670 2036 immutatum,
1712 1970 1945 2022 constat
1983 1981 2053 2022 ex
2081 1964 2312 2040 signifi-

232 2065 433 2119 catione
468 2067 665 2120 terrae
703 2066 924 2134 motus,
967 2060 1126 2135 quod
1162 2062 1239 2118 sit
1275 2065 1523 2120 mutatio
1556 2069 1750 2120 status
1787 2063 2116 2136 Ecclesiae,
2155 2072 2319 2123 terra

232 2163 364 2221 enim
397 2169 487 2221 est
519 2160 826 2234 Ecclesia,
894 2167 953 2220 et
1008 2169 1200 2218 motus
1250 2168 1343 2220 est
1378 2164 1625 2220 mutatio
1682 2169 1903 2220 status:
1962 2163 2121 2238 quod
2157 2170 2320 2221 terra

232 2264 297 2320 sit
327 2263 619 2334 Ecclesia,
675 2260 952 2319 videatur
988 2278 1171 2337 supra
1209 2281 1278 2320 n:
1324 2264 1494 2320 304:
1552 2268 1609 2319 et
1648 2262 1808 2337 quod
1840 2268 2031 2320 motus
2068 2264 2146 2319 sit
2180 2279 2315 2320 mu-

231 2365 357 2422 tatio
392 2370 594 2433 status’,
632 2365 692 2420 in
729 2363 1003 2421 AncANJs
1034 2361 1453 2423 Connnsrmus
1489 2381 1554 2421 n:
1606 2365 1811 2422 1273.
1856 2364 2065 2421 1274.
2102 2363 2312 2421 1275.

246 2465 430 2521 1377.
483 2466 692 2522 3‘356.
798 2463 972 2538 Quod
1009 2464 1157 2521 haec
1194 2464 1524 2540 praedictio
1536 2509 1553 2538 ,
1613 2482 1767 2539 quae
1803 2462 2173 2540 significatur
2208 2479 2318 2538 per

236 2570 480 2638 apertum
514 2565 775 2640 sigillum
804 2570 1059 2638 sextum,
1097 2564 1364 2622 involvat
1393 2565 1550 2640 quod
1579 2566 1888 2624 Ecclesiae
1918 2569 2112 2622 status
2139 2580 2316 2639 pror-

231 2679 322 2722 sus
354 2667 689 2745 immutatus
726 2667 839 2733 sit,
894 2672 1061 2740 patet
1109 2683 1144 2722 a
1191 2665 1698 2741 praecedentibus
1754 2671 1813 2724 et
1850 2683 1885 2723 a
1928 2663 2320 2740 sequentibus

230 2765 280 2822 in
313 2782 378 2824 eo
415 2766 656 2842 Capite3
693 2768 755 2823 in
789 2765 1290 2840 praecedentibus
1330 2766 1700 2847 praedictum
1734 2773 1841 2840 est,
1885 2764 2044 2841 quod
2075 2766 2324 2840 perierit

229 2866 543 2925 intellectus
580 2865 770 2924 Verbi
803 2867 1004 2941 quoad
1038 2867 1275 2940 bonurn,
1319 2873 1376 2924 et
1414 2866 1551 2925 dein
1589 2867 1787 2943 quoad
1820 2883 2049 2936 verum,
2086 2871 2146 2924 et
2180 2871 2320 2925 tan-

229 2965 347 3024 dem
383 2966 539 3042 quod
574 2966 776 3024 nullus
805 2967 1147 3028 intellectus
1175 2967 1364 3026 Verbi
1403 2974 1568 3026 esset
1604 2986 1676 3026 ex
1706 2967 1879 3026 malis
1902 2971 2061 3048 vitae
2090 2973 2151 3025 et
2185 2966 2326 3027 inde

227 3065 376 3125 falsis
412 3068 748 3142 doctrinae3
810 3067 971 3143 quod
1003 3067 1344 3125 intellectus
1384 3068 1570 3126 Verbi
1618 3068 1965 3145 deperditus
2014 3071 2092 3126 sit
2128 3067 2328 3142 quoad

226 3165 455 3242 bonum,
527 3167 924 3244 significatum
979 3175 1069 3226 est
1116 3185 1225 3244 per
1280 3169 1515 3246 Equum
1564 3169 1790 3244 rufum,
1860 3172 1962 3245 qui
2011 3171 2180 3227 visus
2233 3173 2327 3227 est

226 3269 372 3326 exire
408 3287 481 3328 ex
523 3278 733 3344 aperto
784 3268 978 3344 sigillo
1026 3268 1191 3342 libri,
1262 3268 1336 3326 de
1403 3287 1519 3344 quo
1577 3287 1763 3346 supra
1816 3289 1889 3328 n:
1935 3272 2107 3345 3643
2164 3266 2328 3344 quod

224 3368 544 3431 intellectus
582 3368 770 3428 Verbi
802 3369 1147 3444 deperditus
1186 3371 1264 3428 sit
1293 3369 1492 3444 quoad
1528 3388 1754 3440 verum,
1792 3368 2193 3446 significatum
2231 3374 2330 3427 est

227 3485 323 3542 per
352 3471 585 3545 Equum
621 3472 852 3545 nigrum
898 3471 1126 3543 visum,
1184 3468 1258 3527 de
1310 3487 1427 3546 quo
1478 3486 1667 3546 supra
1713 3488 1783 3526 n:
1830 3472 1966 3527 372
1983 3487 1999 3542 3
2057 3471 2118 3524 et
2168 3467 2330 3541 quod

226 3569 346 3627 inde
393 3570 596 3629 nullus
641 3569 978 3628 intellectus
1031 3569 1218 3628 Verbi
1269 3576 1436 3629 esset
1494 3588 1569 3628 ex
1618 3567 1788 3625 malis
1845 3569 2000 3624 vitae
2049 3570 2110 3622 et
2155 3564 2327 3624 falsis

229 3668 531 3746 doctrinae,
571 3670 968 3746 significatum
1007 3677 1099 3729 est
1132 3688 1243 3746 per
1269 3672 1507 3746 Equum
1542 3667 1848 3745 pallidum,
1888 3665 1962 3725 de
1993 3681 2110 3742 quo
2141 3680 2330 3740 supra

226 3785 283 3828 n:
322 3773 492 3848 3813
551 3770 686 3830 inde
731 3788 887 3831 nunc
924 3773 1224 3846 sequitur,
1286 3770 1447 3848 qnod
1501 3776 1692 3827 status
1731 3767 2040 3827 Ecclesiae
2077 3779 2328 3841 prorsus

225 3870 552 3930 immutatus
591 3874 696 3947 sit3
751 3872 903 3930 haec
951 3888 987 3928 a
1022 3871 1557 3947 praecedentibus3
1616 3888 1652 3926 a
1688 3867 2084 3946 sequentibus
2125 3868 2324 3943 etiam,

223 3987 340 4029 nam
377 3973 595 4031 dicitur
632 3971 791 4047 quod
828 3971 919 4030 sol
969 3972 1163 4031 factus
1202 3974 1279 4030 sit
1319 3975 1488 4046 niger
1533 3977 1817 4046 tanquam
1869 3983 2083 4028 saccus
2138 3966 2329 4026 cilici-

221 4088 351 4148 nus,
409 4079 469 4132 et
520 4073 665 4132 luna
717 4073 879 4130 facta
915 4074 993 4130 sit
1049 4074 1206 4132 sicut
1254 4073 1530 4148 sanguiS,
1599 4078 1658 4131 et
1706 4071 1861 4147 quod
1909 4068 2124 4128 stellae
2165 4065 2336 4128 Coeli

218 4175 528 4233 ceciderint
581 4174 642 4230 in
694 4180 942 4247 terram,
1017 4155 1259 4249 praeter
1311 4173 1515 4248 plura,
1584 4189 1693 4249 per
1743 4189 1898 4248 quae
1964 4170 2335 4247 significatur
2373 4179 2534 4244 [590]

215 4274 363 4347 quod
397 4292 516 4333 non
546 4273 802 4349 amplius
839 4273 1080 4349 aliquod
1125 4270 1346 4331 bonum
1386 4275 1605 4330 amoris
1643 4289 1753 4330 nec
1781 4289 1991 4331 verum
2028 4271 2184 4344 fidei,
2224 4286 2333 4326 nec

1747 4373 1832 4426 ‘24
1877 4365 1915 4403 ³⁸
