2791 4778
349 424 582 479 CAPUT
626 423 933 480 SEX'PUM.
1368 459 1383 466 2
1507 415 1510 418 ’
1667 429 1908 483 ΎἚΚΞι
1954 439 2041 491 16.
2201 442 2307 495 483

194 585 410 643 ¹salutis
469 598 675 651 meae,
746 583 1039 658 significat
1096 586 1255 660 quod
1306 586 1592 646 colendus
1646 606 1759 663 per
1818 605 1961 649 vera
2008 609 2080 649 ex
2135 583 2311 667 b0n0,

210 685 352 743 unde
389 683 590 756 salus;
647 683 929 757 exaltari,
988 701 1122 744 cum
1161 685 1235 743 de
1270 686 1434 760 Deo,
1491 687 1706 747 dieitur
1744 689 1816 747 de
1859 690 2021 749 cultu
2059 709 2130 752 ex
2157 695 2312 753 bono

207 804 305 863 per
340 801 506 842 vera.
595 783 777 858 Apud
824 784 1095 842 Eundem
1151 784 1345 858 „Sint
1387 785 1457 846 in
1509 786 1959 868 beneplacitum
2000 811 2310 854 sermones

205 886 327 947 oris
375 884 531 958 mei,
598 887 658 940 et
709 882 1043 943 meditatio
1095 885 1309 945 cordis
1358 888 1506 958 mei,
1543 907 1758 950 coram
1811 889 1941 963 Te;
2027 890 2314 954 Jelzovah

205 985 394 1046 Petra
430 1003 602 1056 mea,
654 988 715 1041 et
753 982 1143 1064 Redemptor
1175 986 1316 1044 mi“
1366 987 1600 1047 Psalm:
1637 991 1823 1051 XlX:
1872 995 1898 1049 1
1921 994 1953 1050 5
1971 1013 1990 1068 3
2044 1011 2155 1070 per
2190 995 2303 1053 Je-

203 1087 408 1146 hovam
454 1085 698 1143 Petram
748 1084 1113 1159 significatur
1156 1087 1350 1146 simile
1401 1089 1562 1162 quod
1607 1107 1718 1166 per
1754 1092 2052 1151 Jehovam
2088 1094 2302 1168 Deum,

205 1203 405 1263 nempe
447 1186 740 1244 Dominus
788 1186 984 1258 quoad
1031 1187 1313 1245 Divinum
1358 1187 1593 1246 Bonum
1631 1197 1689 1248 et
1734 1177 2298 1268 Divinum‘Verum,

203 1295 255 1345 et
283 1286 654 1361 Redemptor
683 1301 756 1343 ex
795 1288 1248 1362 regeneratione
1291 1305 1448 1363 quae
1488 1287 1555 1345 fit
1581 1307 1691 1364 per
1728 1291 2010 1351 Divinum
2043 1293 2301 1368 Verum:

126 1385 129 1388 ’
201 1402 500 1446 sermones
539 1387 655 1443 oris
693 1386 1025 1460 significant
1058 1387 1427 1452 intellectum
1483 1391 1637 1464 veri,
1699 1407 1767 1447 ac
1821 1392 2124 1451 meditatio
2162 1409 2302 1453 eor-

201 1489 282 1546 dis
326 1487 778 1563 perceptionem
830 1485 986 1545 boni.
1066 1487 1249 1563 Apud
1291 1487 1560 1547 Eundem
1612 1487 1835 1562 „Dico
1882 1491 2028 1570 Deo
2072 1491 2307 1555 Petrae

200 1607 391 1661 meae,
448 1605 643 1665 quare
678 1581 910 1645 oblitus
937 1604 1003 1644 es
1037 1588 1206 1646 mei“
1243 1586 1479 1647 Psalm:
1516 1588 1724 1648 XLII:
1781 1595 1898 1665 1ος
1952 1610 2063 1670 per
2109 1595 2308 1654 Deum

201 1689 431 1747 Petram
469 1686 820 1761 intelligitur
846 1686 1135 1745 Dominus
1170 1690 1367 1763 quoad
1391 1690 1674 1748 Divinum
1702 1690 1957 1767 Verum,
1995 1693 2079 1752 ibi
2110 1693 2312 1771 quoad

202 1796 477 1847 tutamen.
587 1785 767 1861 Apud
827 1787 1095 1846 Eundem
1146 1787 1305 1861 „Ad
1353 1794 1414 1848 te
1466 1787 1750 1851 Jehovah
1799 1790 2000 1855 clamo
2013 1839 2030 1868 ‚
2105 1793 2310 1855 Petra

203 1908 359 1958 mea,
394 1907 505 1947 ,ne
566 1884 762 1946 sileas
820 1904 863 1945 a
929 1906 1055 1962 me,
1125 1908 1200 1949 ne
1242 1889 1422 1966 forte
1481 1888 1678 1952 sileas
1742 1913 1783 1952 a
1842 1898 1998 1954 me“
2073 1896 2305 1956 Psalm:

204 1988 503 2049 XXVIII:
554 1993 620 2062 13
675 1987 770 2044 hic
808 2004 1044 2063 quoque
1081 1989 1360 2049 Jehovah
1391 1997 1451 2049 et
1494 1992 1677 2050 Petra
1716 1994 1959 2069 dicitur,
2022 1998 2162 2069 quia
2197 2014 2308 2071 per

203 2090 489 2149 Jehovam
546 2087 893 2163 intelligitur
956 2089 1246 2147 Dominus
1318 2090 1516 2166 quoad
1571 2091 1848 2150 Divinum
1911 2094 2173 2167 Bonum,
2247 2101 2309 2153 et

203 2207 310 2265 per
352 2190 589 2248 Petram
638 2188 929 2246 Dominus
986 2190 1182 2265 quoad
1231 2190 1514 2247 Divinum
1563 2189 1819 2261 Verum,
1897 2199 1957 2250 et
2006 2197 2146 2267 quia
2193 2193 2306 2253 hoe

206 2297 266 2347 et
295 2288 442 2346 illud
472 2289 833 2364 intelligitur,
873 2289 1008 2347 ideo
1047 2292 1241 2347 etiam⁴
1268 2290 1359 2349 bis
1398 2289 1646 2364 dieitur,
1689 2310 1762 2350 ne
1793 2291 1974 2354 sileas
2006 2309 2042 2349 a
2077 2310 2190 2366 me,
2229 2283 2332 2352 ne

209 2391 364 2447 sorte
398 2386 569 2447 sileas
604 2408 638 2447 a
678 2408 796 2463 me,
852 2408 1033 2448 unum
1075 2393 1228 2449 enim
1265 2409 1331 2450 se
1382 2392 1566 2450 refert
1600 2393 1679 2450 ad
1727 2393 2008 2452 Divinum
2051 2385 2303 2469 Bonum,
2401 2381 2417 2395 ’

214 2489 455 2546 alterum
500 2489 574 2547 ad
622 2490 902 2549 Divinum
949 2487 1201 2561 Verum,
1264 2510 1397 2550 nam
1448 2494 1508 2550 in
1562 2492 1763 2552 Verbo
1821 2503 1912 2551 est
1965 2494 2307 2571 conjugium

211 2588 479 2648 Coeleste
529 2592 592 2648 in
640 2592 889 2667 singulis
936 2593 1096 2668 ejuS,
1165 2594 1324 2666 quod
1374 2600 1466 2676 est
1505 2595 1844 2670 conjugium
1880 2592 2020 2653 boni
2064 2602 2123 2653 et
2160 2597 2301 2653 veri.

201 2690 379 2765 Apud
428 2690 724 2749 Habakuk
796 2736 826 2764 ‚‚
856 2690 1138 2751 Jehovah
1186 2691 1274 2751 ad
1306 2691 1638 2774 judicium
1672 2694 1960 2772 posuisti
2013 2712 2182 2766 eam,
2247 2700 2308 2754 et
2399 2698 2402 2699 ⁷

200 2788 395 2851 Petra
448 2788 538 2849 ad
598 2791 1067 2869 compiendum
1125 2791 1507 2853 stabilivisti
1557 2812 1697 2853 eum
1721 2796 1756 2826 ‘⁴‘
1805 2795 1878 2852 1:
1945 2798 2062 2853 12:
2147 2794 2310 2871 apud

197 2891 435 2968 Esajam
490 2888 850 2971 „Oonfldz'te
894 2892 963 2952 in
1010 2891 1317 2953 Jehovam
1363 2892 1433 2952 in
1471 2898 1817 2966 aeternum,
1871 2893 2024 2972 quia
2064 2894 2135 2955 in
2176 2892 2311 2955 Jah

193 2990 476 3051 Jelzovah
499 2989 701 3050 Petra
735 2993 1180 3053 ειεέιεηψιὶίιιιὶθ(ί
1211 2993 1447 3053 XXVI:
1490 2998 1565 3051 4:
1604 2995 1763 3070 apud
1786 2994 2058 3055 Eundem
2090 2992 2307 3071 „Gam-

194 3098 296 3152 tus
349 3091 476 3152 erit
524 3091 695 3150 vobis
747 3091 912 3151 sicut
963 3095 1167 3153 noetis
1215 3093 1664 3174 sanctificandi
1702 3096 1983 3175 festum,
2046 3102 2105 3157 et
2141 3115 2308 3176 qau-

192 3191 376 3253 dz’um
414 3190 629 3251 cordis
670 3191 836 3252 sicut
875 3192 1222 3254 incedentis
1266 3213 1409 3255 oum
1444 3192 1680 3274 fistula
1715 3196 1806 3257 ad
1840 3195 2209 3257 veniendum
2241 3194 2314 3257 in

190 3289 476 3352 Montem
522 3289 820 3363 Jehovae‚
878 3291 967 3353 ad
1012 3293 1280 3354 Petram
1331 3291 1655 3354 Israelis“
1710 3296 1928 3357 XXX.
1973 3300 2096 3367 29:
2153 3279 2316 3373 apud

190 3392 467 3451 Eundem
507 3390 732 3465 „Num
769 3391 960 3452 Deus
999 3401 1095 3453 est
1118 3401 1377 3472 praeter
1411 3392 1547 3464 Me,
1602 3412 1710 3453 nee
1754 3393 1987 3469 Petra,
2040 3414 2165 3454 non
2196 3414 2310 3454 no-

186 3493 295 3553 vi“‘
354 3491 591 3551 XLIV:
643 3496 714 3552 8:
788 3493 950 3569 apud
984 3495 1279 3553 Davidem
1320 3490 1807 3567 „Jubilabz’mus
1842 3492 2076 3552 Petrae
2125 3490 2309 3553 salu·

188 3593 273 3652 tis
337 3598 621 3665 nostrae,
696 3593 1013 3653 veniemus
1069 3599 1215 3654 ante
1258 3591 1472 3672 facies
1531 3590 1705 3673 Ejus
1761 3590 1830 3650 in
1876 3591 2311 3671 consessione“

185 3694 430 3752 Psalm:
479 3691 682 3752 XCV:
741 3698 797 3751 1.
842 3696 917 3751 2:
986 3697 1046 3751 in
1093 3693 1272 3753 Libro
1338 3692 1371 3752 I
1414 3691 1709 3752 Samuelis
1773 3689 1982 3766 „Non
2034 3690 2314 3752 Sanctus

185 3794 363 3854 siout
397 3790 711 3865 Jehovah,
780 3798 835 3852 et
882 3811 1005 3853 non
1057 3792 1259 3854 Pebra
1308 3793 1477 3853 sicut
1527 3792 1717 3853 Deus
1764 3794 2021 3852 noster“
2086 3792 2174 3851 II:
2234 3796 2309 3851 2:
2353 3795 2512 3860 [663]
2603 3873 2618 3881 θ

185 3892 356 3971 apud
392 3890 688 3950 Davidem
732 3894 1020 3967 „Rectus
1054 3892 1338 3953 Jehovah
1372 3891 1572 3954 Petra
1607 3895 1794 3952 mea“
1837 3892 2067 3951 Psalm:
2104 3891 2313 3952 XCII:

193 3999 220 4052 1
243 3999 318 4054 6:
377 3991 540 4068 apud
574 3993 845 4053 Eundem
884 3991 1060 4066 „Ille
1090 3993 1334 4053 vocabit
1371 3991 1480 4052 Me
1504 3992 1707 4055 Pater
1744 4012 1919 4054 ‘meus
1960 3990 2079 4067 Tu,
2123 3991 2316 4053 Deus

183 4111 401 4167 meua,
466 4090 668 4152 Petra
707 4091 949 4153 saluti-s·
981 4113 1180 4154 meae.-
1233 4093 1429 4154 etiam
1455 4092 1605 4172 Eyo
1642 4092 2155 4172 Primoyenz’tum
2191 4090 2314 4152 da-

183 4192 255 4252 bo
297 4191 479 4253 Eum
524 4189 729 4253 altum
768 4193 1023 4272 reyibus
1063 4197 1311 4255 :mast
1364 4194 1598 4253 Psalm:
1639 4193 2004 4254 LXXXIX:
2050 4197 2162 4252 27.
2200 4196 2312 4267 283

187 4296 251 4350 in
290 4294 384 4350 his
415 4293 561 4353 locis
592 4312 703 4370 per
737 4295 978 4353 Petram
1013 4294 1362 4372 intelligitur
1397 4295 1679 4358 Divinum
1710 4295 1938 4353 Verum
1971 4311 2007 4351 a
2038 4294 2315 4362 Domino,

1819 4397 1898 4451 31
1947 4388 1986 4427 ²*
