<?xml version="1.0" encoding="UTF-8"?>
<!DOCTYPE html PUBLIC "-//W3C//DTD XHTML 1.0 Transitional//EN"
    "http://www.w3.org/TR/xhtml1/DTD/xhtml1-transitional.dtd">
<html xmlns="http://www.w3.org/1999/xhtml" xml:lang="en" lang="en">
 <head>
  <title>
</title>
<meta http-equiv="Content-Type" content="text/html;charset=utf-8" />
  <meta name='ocr-system' content='tesseract 3.04.00' />
  <meta name='ocr-capabilities' content='ocr_page ocr_carea ocr_par ocr_line ocrx_word'/>
</head>
<body>
  <div class='ocr_page' id='page_1' title='image "apocalypsisexpl03swedgoog_0056.png"; bbox 0 0 2791 4778; ppageno 0'>
   <div class='ocr_carea' id='block_1_1' title="bbox 122 3087 189 3490">
    <p class='ocr_par' dir='ltr' id='par_1_1' title="bbox 122 3087 189 3490">
     <span class='ocr_line' id='line_1_1' title="bbox 122 3149 131 3490; textangle 90"><span class='ocrx_word' id='word_1_1' title='bbox 124 3441 129 3490; x_wconf 40' lang='grc' dir='ltr'><strong><em>ᾼΔῆ</em></strong></span> <span class='ocrx_word' id='word_1_2' title='bbox 122 3245 131 3426; x_wconf 67' lang='grc' dir='ltr'><strong><em>..-..-ι-...-ι,--.</em></strong></span> <span class='ocrx_word' id='word_1_3' title='bbox 126 3149 129 3184; x_wconf 64' lang='grc'><strong><em>-,</em></strong></span> 
     </span>
     <span class='ocr_line' id='line_1_2' title="bbox 157 3157 164 3161; textangle 90"><span class='ocrx_word' id='word_1_4' title='bbox 157 3157 164 3161; x_wconf 81' lang='grc' dir='ltr'>ι</span> 
     </span>
     <span class='ocr_line' id='line_1_3' title="bbox 181 3087 189 3094; textangle 90"><span class='ocrx_word' id='word_1_5' title='bbox 181 3087 189 3094; x_wconf 70' lang='grc' dir='ltr'>ι</span> 
     </span>
    </p>
   </div>
   <div class='ocr_carea' id='block_1_2' title="bbox 527 350 2217 422">
    <p class='ocr_par' dir='ltr' id='par_1_2' title="bbox 527 350 2217 422">
     <span class='ocr_line' id='line_1_4' title="bbox 527 350 2217 422; baseline 0.005 -23"><span class='ocrx_word' id='word_1_6' title='bbox 527 368 597 420; x_wconf 68' lang='lat'><strong><em>34</em></strong></span> <span class='ocrx_word' id='word_1_7' title='bbox 970 352 1461 408; x_wconf 74' lang='lat' dir='ltr'><strong><em>APOCALYPsts</em></strong></span> <span class='ocrx_word' id='word_1_8' title='bbox 1506 350 1940 409; x_wconf 76' lang='lat' dir='ltr'><strong><em>EXPLICATA.</em></strong></span> <span class='ocrx_word' id='word_1_9' title='bbox 1994 352 2042 422; x_wconf 81' lang='lat'><strong><em>§.</em></strong></span> <span class='ocrx_word' id='word_1_10' title='bbox 2087 361 2217 414; x_wconf 73' lang='lat'><strong>304.</strong></span> 
     </span>
    </p>
   </div>
   <div class='ocr_carea' id='block_1_3' title="bbox 513 510 2659 2700">
    <p class='ocr_par' dir='ltr' id='par_1_3' title="bbox 513 510 2659 2700">
     <span class='ocr_line' id='line_1_5' title="bbox 520 510 2659 595; baseline 0 -18"><span class='ocrx_word' id='word_1_11' title='bbox 520 535 699 589; x_wconf 87' lang='lat' dir='ltr'><strong><em>rum,</em></strong></span> <span class='ocrx_word' id='word_1_12' title='bbox 769 532 996 595; x_wconf 79' lang='lat' dir='ltr'><strong><em>aquae,</em></strong></span> <span class='ocrx_word' id='word_1_13' title='bbox 1038 513 1353 594; x_wconf 86' lang='lat' dir='ltr'><strong><em>fontium,</em></strong></span> <span class='ocrx_word' id='word_1_14' title='bbox 1423 513 1805 594; x_wconf 73' lang='lat' dir='ltr'><strong><em>abyssorum</em></strong></span> <span class='ocrx_word' id='word_1_15' title='bbox 1836 511 2205 574; x_wconf 72' lang='lat' dir='ltr'><strong><em>exeuntium</em></strong></span> <span class='ocrx_word' id='word_1_16' title='bbox 2242 531 2325 574; x_wconf 71' lang='lat' dir='ltr'><strong><em>em</em></strong></span> <span class='ocrx_word' id='word_1_17' title='bbox 2366 510 2539 576; x_wconf 84' lang='lat' dir='ltr'><strong><em>valle</em></strong></span> <span class='ocrx_word' id='word_1_18' title='bbox 2593 523 2659 577; x_wconf 83' lang='lat' dir='ltr'><strong><em>et</em></strong></span> 
     </span>
     <span class='ocr_line' id='line_1_6' title="bbox 521 611 2657 695; baseline -0 -17"><span class='ocrx_word' id='word_1_19' title='bbox 521 621 728 678; x_wconf 76' lang='lat' dir='ltr'><strong><em>monte</em></strong></span> <span class='ocrx_word' id='word_1_20' title='bbox 739 637 767 689; x_wconf 90' lang='lat'><em>;</em></span> <span class='ocrx_word' id='word_1_21' title='bbox 826 614 1092 677; x_wconf 80' lang='lat' dir='ltr'><strong><em>Terram</em></strong></span> <span class='ocrx_word' id='word_1_22' title='bbox 1133 613 1367 687; x_wconf 84' lang='lat' dir='ltr'><strong><em>tritici,</em></strong></span> <span class='ocrx_word' id='word_1_23' title='bbox 1412 612 1659 687; x_wconf 78' lang='lat' dir='ltr'><em>hordei,</em></span> <span class='ocrx_word' id='word_1_24' title='bbox 1713 613 1890 686; x_wconf 85' lang='lat' dir='ltr'><strong><em>vitis,</em></strong></span> <span class='ocrx_word' id='word_1_25' title='bbox 1922 614 2126 695; x_wconf 85' lang='lat' dir='ltr'><strong><em>ficus,</em></strong></span> <span class='ocrx_word' id='word_1_26' title='bbox 2167 611 2657 695; x_wconf 58' lang='lat' dir='ltr'><strong><em>matema-anati,-</em></strong></span> 
     </span>
     <span class='ocr_line' id='line_1_7' title="bbox 527 710 2653 796; baseline 0 -19"><span class='ocrx_word' id='word_1_27' title='bbox 527 716 795 779; x_wconf 71' lang='lat' dir='ltr'><strong><em>Tem-am</em></strong></span> <span class='ocrx_word' id='word_1_28' title='bbox 836 713 1056 791; x_wconf 85' lang='lat' dir='ltr'><strong><em>olivae,</em></strong></span> <span class='ocrx_word' id='word_1_29' title='bbox 1105 712 1242 789; x_wconf 84' lang='lat' dir='ltr'><strong><em>olei,</em></strong></span> <span class='ocrx_word' id='word_1_30' title='bbox 1281 710 1494 775; x_wconf 85' lang='lat' dir='ltr'><strong><em>mellis</em></strong></span> <span class='ocrx_word' id='word_1_31' title='bbox 1509 734 1537 786; x_wconf 91' lang='lat'><strong><em>,·</em></strong></span> <span class='ocrx_word' id='word_1_32' title='bbox 1595 711 1863 775; x_wconf 78' lang='lat' dir='ltr'><strong><em>Terram</em></strong></span> <span class='ocrx_word' id='word_1_33' title='bbox 1899 713 2012 775; x_wconf 81' lang='lat' dir='ltr'><strong><em>ubi</em></strong></span> <span class='ocrx_word' id='word_1_34' title='bbox 2046 732 2171 774; x_wconf 83' lang='lat' dir='ltr'><strong><em>non</em></strong></span> <span class='ocrx_word' id='word_1_35' title='bbox 2215 733 2357 775; x_wconf 84' lang='lat' dir='ltr'><strong><em>cum</em></strong></span> <span class='ocrx_word' id='word_1_36' title='bbox 2396 715 2653 796; x_wconf 80' lang='lat' dir='ltr'><strong><em>defectu</em></strong></span> 
     </span>
     <span class='ocr_line' id='line_1_8' title="bbox 521 811 2650 897; baseline -0 -18"><span class='ocrx_word' id='word_1_37' title='bbox 521 818 663 879; x_wconf 83' lang='lat' dir='ltr'><strong><em>edes</em></strong></span> <span class='ocrx_word' id='word_1_38' title='bbox 706 835 973 897; x_wconf 82' lang='lat' dir='ltr'><strong><em>panem,</em></strong></span> <span class='ocrx_word' id='word_1_39' title='bbox 1043 812 1212 876; x_wconf 74' lang='lat' dir='ltr'><strong><em>nihil</em></strong></span> <span class='ocrx_word' id='word_1_40' title='bbox 1260 813 1504 895; x_wconf 75' lang='lat' dir='ltr'><strong><em>deficiet</em></strong></span> <span class='ocrx_word' id='word_1_41' title='bbox 1517 834 1547 887; x_wconf 88' lang='lat'><strong><em>,·</em></strong></span> <span class='ocrx_word' id='word_1_42' title='bbox 1615 812 1883 875; x_wconf 82' lang='lat' dir='ltr'><strong><em>Terram</em></strong></span> <span class='ocrx_word' id='word_1_43' title='bbox 1937 814 2048 875; x_wconf 80' lang='lat' dir='ltr'><strong><em>ubi</em></strong></span> <span class='ocrx_word' id='word_1_44' title='bbox 2090 811 2343 894; x_wconf 80' lang='lat' dir='ltr'><strong><em>lapides</em></strong></span> <span class='ocrx_word' id='word_1_45' title='bbox 2366 818 2650 896; x_wconf 71' lang='lat' dir='ltr'><strong><em>smum,</em></strong></span> 
     </span>
     <span class='ocr_line' id='line_1_9' title="bbox 520 912 2653 995; baseline 0 -17"><span class='ocrx_word' id='word_1_46' title='bbox 520 923 581 979; x_wconf 90' lang='lat' dir='ltr'><strong><em>et</em></strong></span> <span class='ocrx_word' id='word_1_47' title='bbox 622 936 703 979; x_wconf 72' lang='lat' dir='ltr'><strong><em>ex</em></strong></span> <span class='ocrx_word' id='word_1_48' title='bbox 741 916 1058 978; x_wconf 83' lang='lat' dir='ltr'><strong><em>montibus</em></strong></span> <span class='ocrx_word' id='word_1_49' title='bbox 1093 913 1394 995; x_wconf 85' lang='lat' dir='ltr'><strong><em>effoditur</em></strong></span> <span class='ocrx_word' id='word_1_50' title='bbox 1429 932 1694 993; x_wconf 78' lang='lat' dir='ltr'><strong><em>cuprum</em></strong></span> <span class='ocrx_word' id='word_1_51' title='bbox 1702 933 1730 987; x_wconf 90' lang='lat'><em>;</em></span> <span class='ocrx_word' id='word_1_52' title='bbox 1783 920 1842 975; x_wconf 89' lang='lat' dir='ltr'><strong><em>et</em></strong></span> <span class='ocrx_word' id='word_1_53' title='bbox 1879 912 2159 975; x_wconf 84' lang='lat' dir='ltr'><strong><em>comedes</em></strong></span> <span class='ocrx_word' id='word_1_54' title='bbox 2197 921 2257 976; x_wconf 90' lang='lat' dir='ltr'><strong><em>et</em></strong></span> <span class='ocrx_word' id='word_1_55' title='bbox 2300 916 2653 979; x_wconf 68' lang='lat' dir='ltr'><strong><em>satiaberis</em></strong></span> 
     </span>
     <span class='ocr_line' id='line_1_10' title="bbox 519 1013 2654 1094; baseline -0 -15"><span class='ocrx_word' id='word_1_56' title='bbox 519 1019 591 1079; x_wconf 84' lang='lat' dir='ltr'><strong><em>in</em></strong></span> <span class='ocrx_word' id='word_1_57' title='bbox 638 1016 842 1079; x_wconf 70' lang='lat' dir='ltr'><strong><em>Tma</em></strong></span> <span class='ocrx_word' id='word_1_58' title='bbox 874 1015 995 1077; x_wconf 75' lang='lat' dir='ltr'><strong><em>hac</em></strong></span> <span class='ocrx_word' id='word_1_59' title='bbox 1031 1017 1234 1076; x_wconf 84' lang='lat' dir='ltr'><strong><em>bona“</em></strong></span> <span class='ocrx_word' id='word_1_60' title='bbox 1288 1015 1483 1074; x_wconf 83' lang='lat' dir='ltr'><strong><em>Dent:</em></strong></span> <span class='ocrx_word' id='word_1_61' title='bbox 1526 1013 1705 1073; x_wconf 85' lang='lat' dir='ltr'>VIII:</span> <span class='ocrx_word' id='word_1_62' title='bbox 1754 1018 1808 1074; x_wconf 89' lang='lat' dir='ltr'><strong><em>l.</em></strong></span> <span class='ocrx_word' id='word_1_63' title='bbox 1857 1021 1915 1074; x_wconf 82' lang='grc'><strong><em>7.</em></strong></span> <span class='ocrx_word' id='word_1_64' title='bbox 1962 1017 2022 1075; x_wconf 91' lang='grc'><strong><em>8.</em></strong></span> <span class='ocrx_word' id='word_1_65' title='bbox 2069 1017 2129 1074; x_wconf 84' lang='grc'><strong><em>9.</em></strong></span> <span class='ocrx_word' id='word_1_66' title='bbox 2166 1018 2289 1092; x_wconf 87' lang='lat'><strong><em>103</em></strong></span> <span class='ocrx_word' id='word_1_67' title='bbox 2344 1035 2457 1094; x_wconf 89' lang='lat' dir='ltr'><strong><em>per</em></strong></span> <span class='ocrx_word' id='word_1_68' title='bbox 2487 1017 2654 1079; x_wconf 87' lang='lat' dir='ltr'><strong><em>haec</em></strong></span> 
     </span>
     <span class='ocr_line' id='line_1_11' title="bbox 520 1116 2651 1192; baseline 0 -15"><span class='ocrx_word' id='word_1_69' title='bbox 520 1118 939 1179; x_wconf 84' lang='lat' dir='ltr'><strong><em>describuntur</em></strong></span> <span class='ocrx_word' id='word_1_70' title='bbox 984 1119 1181 1176; x_wconf 85' lang='lat' dir='ltr'><strong><em>omnia</em></strong></span> <span class='ocrx_word' id='word_1_71' title='bbox 1216 1116 1551 1187; x_wconf 82' lang='lat' dir='ltr'><strong><em>Ecclesiae,</em></strong></span> <span class='ocrx_word' id='word_1_72' title='bbox 1608 1123 1730 1174; x_wconf 86' lang='lat' dir='ltr'><strong><em>tam</em></strong></span> <span class='ocrx_word' id='word_1_73' title='bbox 1785 1118 2076 1174; x_wconf 84' lang='lat' dir='ltr'><strong><em>interiora</em></strong></span> <span class='ocrx_word' id='word_1_74' title='bbox 2113 1133 2293 1192; x_wconf 84' lang='lat' dir='ltr'><strong><em>quam</em></strong></span> <span class='ocrx_word' id='word_1_75' title='bbox 2343 1120 2651 1177; x_wconf 81' lang='lat' dir='ltr'><strong><em>exteriora</em></strong></span> 
     </span>
     <span class='ocr_line' id='line_1_12' title="bbox 521 1213 2650 1296; baseline 0 -18"><span class='ocrx_word' id='word_1_76' title='bbox 521 1220 650 1296; x_wconf 89' lang='lat' dir='ltr'><strong><em>ejus</em></strong></span> <span class='ocrx_word' id='word_1_77' title='bbox 666 1239 682 1295; x_wconf 85' lang='lat'><em>3</em></span> <span class='ocrx_word' id='word_1_78' title='bbox 745 1218 854 1277; x_wconf 85' lang='lat' dir='ltr'><strong><em>sed</em></strong></span> <span class='ocrx_word' id='word_1_79' title='bbox 891 1234 1192 1294; x_wconf 79' lang='lat' dir='ltr'><strong><em>exponere</em></strong></span> <span class='ocrx_word' id='word_1_80' title='bbox 1240 1216 1383 1291; x_wconf 86' lang='lat' dir='ltr'><strong><em>quid</em></strong></span> <span class='ocrx_word' id='word_1_81' title='bbox 1436 1215 1673 1291; x_wconf 86' lang='lat' dir='ltr'><strong><em>singula</em></strong></span> <span class='ocrx_word' id='word_1_82' title='bbox 1707 1215 2075 1292; x_wconf 87' lang='lat' dir='ltr'><strong><em>significant,</em></strong></span> <span class='ocrx_word' id='word_1_83' title='bbox 2130 1213 2427 1291; x_wconf 86' lang='lat' dir='ltr'><strong><em>prolixum</em></strong></span> <span class='ocrx_word' id='word_1_84' title='bbox 2464 1218 2650 1289; x_wconf 83' lang='lat' dir='ltr'><strong><em>soret,</em></strong></span> 
     </span>
     <span class='ocr_line' id='line_1_13' title="bbox 518 1315 2650 1396; baseline 0.001 -19"><span class='ocrx_word' id='word_1_85' title='bbox 518 1337 630 1378; x_wconf 87' lang='lat' dir='ltr'><strong><em>nec</em></strong></span> <span class='ocrx_word' id='word_1_86' title='bbox 671 1319 850 1396; x_wconf 87' lang='lat' dir='ltr'><strong><em>hujus</em></strong></span> <span class='ocrx_word' id='word_1_87' title='bbox 897 1318 1016 1377; x_wconf 85' lang='lat' dir='ltr'><strong><em>loci</em></strong></span> <span class='ocrx_word' id='word_1_88' title='bbox 1051 1325 1157 1376; x_wconf 90' lang='lat' dir='ltr'><strong><em>est.</em></strong></span> <span class='ocrx_word' id='word_1_89' title='bbox 1232 1315 1391 1393; x_wconf 86' lang='lat' dir='ltr'><strong><em>Quia</em></strong></span> <span class='ocrx_word' id='word_1_90' title='bbox 1429 1315 1619 1374; x_wconf 86' lang='lat' dir='ltr'><strong><em>Terra</em></strong></span> <span class='ocrx_word' id='word_1_91' title='bbox 1665 1316 2040 1392; x_wconf 85' lang='lat' dir='ltr'><strong><em>significabat</em></strong></span> <span class='ocrx_word' id='word_1_92' title='bbox 2073 1316 2446 1393; x_wconf 80' lang='lat' dir='ltr'><strong><em>Ecclesiam,</em></strong></span> <span class='ocrx_word' id='word_1_93' title='bbox 2503 1319 2650 1380; x_wconf 88' lang='lat' dir='ltr'><strong><em>ideo</em></strong></span> 
     </span>
     <span class='ocr_line' id='line_1_14' title="bbox 519 1413 2654 1499; baseline 0 -20"><span class='ocrx_word' id='word_1_94' title='bbox 519 1422 675 1479; x_wconf 87' lang='lat' dir='ltr'><strong><em>inter</em></strong></span> <span class='ocrx_word' id='word_1_95' title='bbox 709 1418 1154 1478; x_wconf 85' lang='lat' dir='ltr'><strong><em>benedictiones</em></strong></span> <span class='ocrx_word' id='word_1_96' title='bbox 1190 1418 1301 1476; x_wconf 78' lang='lat' dir='ltr'><strong><em>suit</em></strong></span> <span class='ocrx_word' id='word_1_97' title='bbox 1354 1460 1393 1490; x_wconf 85' lang='lat'><em>„</em></span> <span class='ocrx_word' id='word_1_98' title='bbox 1421 1413 1614 1491; x_wconf 74' lang='lat' dir='ltr'><strong><em>Quod</em></strong></span> <span class='ocrx_word' id='word_1_99' title='bbox 1651 1415 1714 1476; x_wconf 85' lang='lat' dir='ltr'><strong><em>si</em></strong></span> <span class='ocrx_word' id='word_1_100' title='bbox 1751 1416 2024 1477; x_wconf 83' lang='lat' dir='ltr'><strong><em>viverent</em></strong></span> <span class='ocrx_word' id='word_1_101' title='bbox 2066 1416 2410 1480; x_wconf 80' lang='lat' dir='ltr'><strong><em>secundum</em></strong></span> <span class='ocrx_word' id='word_1_102' title='bbox 2438 1438 2654 1499; x_wconf 79' lang='lat' dir='ltr'><strong><em>prae-</em></strong></span> 
     </span>
     <span class='ocr_line' id='line_1_15' title="bbox 519 1515 2651 1597; baseline 0 -18"><span class='ocrx_word' id='word_1_103' title='bbox 519 1523 722 1597; x_wconf 79' lang='lat' dir='ltr'><strong><em>cepta,</em></strong></span> <span class='ocrx_word' id='word_1_104' title='bbox 798 1516 1000 1578; x_wconf 82' lang='lat' dir='ltr'><strong><em>Terra</em></strong></span> <span class='ocrx_word' id='word_1_105' title='bbox 1055 1515 1235 1578; x_wconf 87' lang='lat' dir='ltr'><strong><em>daret</em></strong></span> <span class='ocrx_word' id='word_1_106' title='bbox 1281 1519 1660 1595; x_wconf 79' lang='lat' dir='ltr'><strong><em>proventum</em></strong></span> <span class='ocrx_word' id='word_1_107' title='bbox 1673 1561 1687 1590; x_wconf 94' lang='lat'><strong><em>,</em></strong></span> <span class='ocrx_word' id='word_1_108' title='bbox 1755 1521 2069 1577; x_wconf 70' lang='lat' dir='ltr'><strong><em>cessarent</em></strong></span> <span class='ocrx_word' id='word_1_109' title='bbox 2121 1516 2310 1596; x_wconf 83' lang='lat' dir='ltr'><strong><em>ferae</em></strong></span> <span class='ocrx_word' id='word_1_110' title='bbox 2351 1516 2568 1581; x_wconf 84' lang='lat' dir='ltr'><strong><em>malae</em></strong></span> <span class='ocrx_word' id='word_1_111' title='bbox 2611 1540 2651 1579; x_wconf 87' lang='lat' dir='ltr'><strong><em>e</em></strong></span> 
     </span>
     <span class='ocr_line' id='line_1_16' title="bbox 522 1614 2642 1696; baseline 0.001 -18"><span class='ocrx_word' id='word_1_112' title='bbox 522 1618 755 1693; x_wconf 80' lang='lat' dir='ltr'><strong><em>Terra,</em></strong></span> <span class='ocrx_word' id='word_1_113' title='bbox 798 1636 907 1678; x_wconf 82' lang='lat' dir='ltr'><strong><em>neo</em></strong></span> <span class='ocrx_word' id='word_1_114' title='bbox 931 1614 1201 1696; x_wconf 72' lang='lat' dir='ltr'><strong><em>yladius</em></strong></span> <span class='ocrx_word' id='word_1_115' title='bbox 1226 1615 1653 1695; x_wconf 79' lang='lat' dir='ltr'><strong><em>pertransiret</em></strong></span> <span class='ocrx_word' id='word_1_116' title='bbox 1698 1615 2013 1678; x_wconf 52' lang='grc' dir='ltr'><strong><em>Τωϊασνιν(ί</em></strong></span> <span class='ocrx_word' id='word_1_117' title='bbox 2050 1617 2260 1678; x_wconf 86' lang='lat' dir='ltr'><strong><em>Levit:</em></strong></span> <span class='ocrx_word' id='word_1_118' title='bbox 2289 1618 2531 1681; x_wconf 84' lang='lat' dir='ltr'>XXVI:</span> <span class='ocrx_word' id='word_1_119' title='bbox 2578 1623 2642 1680; x_wconf 89' lang='lat'><strong><em>3.</em></strong></span> 
     </span>
     <span class='ocr_line' id='line_1_17' title="bbox 521 1717 2649 1794; baseline 0.001 -16"><span class='ocrx_word' id='word_1_120' title='bbox 521 1724 583 1778; x_wconf 87' lang='grc'><strong><em>4.</em></strong></span> <span class='ocrx_word' id='word_1_121' title='bbox 628 1722 688 1794; x_wconf 85' lang='grc'><strong><em>6;</em></strong></span> <span class='ocrx_word' id='word_1_122' title='bbox 743 1718 900 1794; x_wconf 87' lang='lat' dir='ltr'><strong><em>quod</em></strong></span> <span class='ocrx_word' id='word_1_123' title='bbox 938 1726 1097 1777; x_wconf 87' lang='lat' dir='ltr'><strong><em>terra</em></strong></span> <span class='ocrx_word' id='word_1_124' title='bbox 1133 1717 1301 1776; x_wconf 90' lang='lat' dir='ltr'><strong><em>daret</em></strong></span> <span class='ocrx_word' id='word_1_125' title='bbox 1335 1723 1711 1794; x_wconf 87' lang='lat' dir='ltr'><strong><em>proventum,</em></strong></span> <span class='ocrx_word' id='word_1_126' title='bbox 1748 1718 2042 1794; x_wconf 85' lang='lat' dir='ltr'><strong><em>significat</em></strong></span> <span class='ocrx_word' id='word_1_127' title='bbox 2077 1717 2237 1794; x_wconf 90' lang='lat' dir='ltr'><strong><em>quod</em></strong></span> <span class='ocrx_word' id='word_1_128' title='bbox 2272 1722 2332 1779; x_wconf 88' lang='lat' dir='ltr'><strong><em>in</em></strong></span> <span class='ocrx_word' id='word_1_129' title='bbox 2366 1720 2649 1781; x_wconf 80' lang='lat' dir='ltr'><strong><em>Ecclesia</em></strong></span> 
     </span>
     <span class='ocr_line' id='line_1_18' title="bbox 519 1816 2644 1897; baseline 0.001 -19"><span class='ocrx_word' id='word_1_130' title='bbox 519 1825 684 1878; x_wconf 82' lang='lat' dir='ltr'><strong><em>esset</em></strong></span> <span class='ocrx_word' id='word_1_131' title='bbox 723 1818 942 1877; x_wconf 90' lang='lat' dir='ltr'><strong><em>bonum</em></strong></span> <span class='ocrx_word' id='word_1_132' title='bbox 992 1824 1050 1877; x_wconf 88' lang='lat' dir='ltr'><strong><em>et</em></strong></span> <span class='ocrx_word' id='word_1_133' title='bbox 1085 1835 1291 1876; x_wconf 80' lang='lat' dir='ltr'><strong><em>verum</em></strong></span> <span class='ocrx_word' id='word_1_134' title='bbox 1305 1837 1322 1892; x_wconf 88' lang='lat'>;</span> <span class='ocrx_word' id='word_1_135' title='bbox 1378 1816 1538 1893; x_wconf 91' lang='lat' dir='ltr'><strong><em>quod</em></strong></span> <span class='ocrx_word' id='word_1_136' title='bbox 1590 1825 1901 1878; x_wconf 79' lang='lat' dir='ltr'><strong><em>cessarent</em></strong></span> <span class='ocrx_word' id='word_1_137' title='bbox 1948 1818 2111 1877; x_wconf 83' lang='lat' dir='ltr'><strong><em>ferae</em></strong></span> <span class='ocrx_word' id='word_1_138' title='bbox 2162 1819 2387 1895; x_wconf 88' lang='lat' dir='ltr'><strong><em>malae,</em></strong></span> <span class='ocrx_word' id='word_1_139' title='bbox 2448 1824 2644 1897; x_wconf 84' lang='lat' dir='ltr'><strong><em>signi-</em></strong></span> 
     </span>
     <span class='ocr_line' id='line_1_19' title="bbox 517 1917 2645 1997; baseline 0.002 -20"><span class='ocrx_word' id='word_1_140' title='bbox 517 1919 658 1979; x_wconf 83' lang='lat' dir='ltr'><strong><em>ficat</em></strong></span> <span class='ocrx_word' id='word_1_141' title='bbox 711 1918 868 1996; x_wconf 91' lang='lat' dir='ltr'><strong><em>quod</em></strong></span> <span class='ocrx_word' id='word_1_142' title='bbox 919 1918 1262 1977; x_wconf 82' lang='lat' dir='ltr'><strong><em>affectiones</em></strong></span> <span class='ocrx_word' id='word_1_143' title='bbox 1327 1917 1521 1976; x_wconf 88' lang='lat' dir='ltr'><strong><em>malae</em></strong></span> <span class='ocrx_word' id='word_1_144' title='bbox 1578 1924 1638 1977; x_wconf 91' lang='lat' dir='ltr'><strong><em>et</em></strong></span> <span class='ocrx_word' id='word_1_145' title='bbox 1676 1920 2232 1997; x_wconf 83' lang='lat' dir='ltr'><strong><em>concupiscentiae,</em></strong></span> <span class='ocrx_word' id='word_1_146' title='bbox 2284 1938 2441 1997; x_wconf 89' lang='lat' dir='ltr'><strong><em>quae</em></strong></span> <span class='ocrx_word' id='word_1_147' title='bbox 2477 1921 2645 1981; x_wconf 87' lang='lat' dir='ltr'><strong><em>illam</em></strong></span> 
     </span>
     <span class='ocr_line' id='line_1_20' title="bbox 519 2016 2639 2097; baseline 0.002 -21"><span class='ocrx_word' id='word_1_148' title='bbox 519 2020 866 2092; x_wconf 83' lang='lat' dir='ltr'><strong><em>destruunt,</em></strong></span> <span class='ocrx_word' id='word_1_149' title='bbox 906 2036 1019 2077; x_wconf 90' lang='lat' dir='ltr'><strong><em>non</em></strong></span> <span class='ocrx_word' id='word_1_150' title='bbox 1059 2023 1288 2092; x_wconf 83' lang='lat' dir='ltr'><strong><em>essent3</em></strong></span> <span class='ocrx_word' id='word_1_151' title='bbox 1344 2017 1503 2094; x_wconf 84' lang='lat' dir='ltr'><strong><em>qu&#39;od</em></strong></span> <span class='ocrx_word' id='word_1_152' title='bbox 1539 2016 1775 2095; x_wconf 87' lang='lat' dir='ltr'><strong><em>gladius</em></strong></span> <span class='ocrx_word' id='word_1_153' title='bbox 1811 2037 1929 2080; x_wconf 89' lang='lat' dir='ltr'><strong><em>non</em></strong></span> <span class='ocrx_word' id='word_1_154' title='bbox 1963 2020 2359 2095; x_wconf 76' lang='lat' dir='ltr'><strong><em>pertransiret</em></strong></span> <span class='ocrx_word' id='word_1_155' title='bbox 2394 2027 2639 2097; x_wconf 89' lang='lat' dir='ltr'><strong><em>terram,</em></strong></span> 
     </span>
     <span class='ocr_line' id='line_1_21' title="bbox 518 2116 2645 2201; baseline 0.002 -24"><span class='ocrx_word' id='word_1_156' title='bbox 518 2118 813 2194; x_wconf 86' lang='lat' dir='ltr'><strong><em>significat</em></strong></span> <span class='ocrx_word' id='word_1_157' title='bbox 849 2118 1007 2195; x_wconf 87' lang='lat' dir='ltr'><strong><em>quod</em></strong></span> <span class='ocrx_word' id='word_1_158' title='bbox 1043 2136 1159 2177; x_wconf 89' lang='lat' dir='ltr'><strong><em>non</em></strong></span> <span class='ocrx_word' id='word_1_159' title='bbox 1196 2116 1413 2176; x_wconf 85' lang='lat' dir='ltr'><strong><em>falsum</em></strong></span> <span class='ocrx_word' id='word_1_160' title='bbox 1455 2119 1701 2194; x_wconf 79' lang='lat' dir='ltr'><strong><em>ejiceret</em></strong></span> <span class='ocrx_word' id='word_1_161' title='bbox 1739 2139 1966 2182; x_wconf 81' lang='lat' dir='ltr'><strong><em>verum.</em></strong></span> <span class='ocrx_word' id='word_1_162' title='bbox 2025 2119 2184 2197; x_wconf 86' lang='lat' dir='ltr'><strong><em>Quia</em></strong></span> <span class='ocrx_word' id='word_1_163' title='bbox 2224 2120 2414 2181; x_wconf 86' lang='lat' dir='ltr'><strong><em>Terra</em></strong></span> <span class='ocrx_word' id='word_1_164' title='bbox 2448 2125 2645 2201; x_wconf 89' lang='lat' dir='ltr'><strong><em>signi-</em></strong></span> 
     </span>
     <span class='ocr_line' id='line_1_22' title="bbox 515 2218 2644 2299; baseline 0.003 -21"><span class='ocrx_word' id='word_1_165' title='bbox 515 2218 735 2278; x_wconf 83' lang='lat' dir='ltr'><strong><em>ficabat</em></strong></span> <span class='ocrx_word' id='word_1_166' title='bbox 761 2219 1112 2288; x_wconf 85' lang='lat' dir='ltr'><strong><em>Ecclesiam,</em></strong></span> <span class='ocrx_word' id='word_1_167' title='bbox 1145 2218 1325 2276; x_wconf 89' lang='lat' dir='ltr'><strong><em>etiam</em></strong></span> <span class='ocrx_word' id='word_1_168' title='bbox 1350 2224 1638 2277; x_wconf 83' lang='lat' dir='ltr'><strong><em>statutum</em></strong></span> <span class='ocrx_word' id='word_1_169' title='bbox 1670 2228 1816 2294; x_wconf 86' lang='lat' dir='ltr'><strong><em>erat,</em></strong></span> <span class='ocrx_word' id='word_1_170' title='bbox 1849 2219 2065 2299; x_wconf 81' lang='lat' dir='ltr'><strong><em>„quod</em></strong></span> <span class='ocrx_word' id='word_1_171' title='bbox 2089 2220 2401 2299; x_wconf 80' lang='lat' dir='ltr'><strong><em>septimus</em></strong></span> <span class='ocrx_word' id='word_1_172' title='bbox 2429 2242 2644 2284; x_wconf 84' lang='lat' dir='ltr'><strong><em>annus</em></strong></span> 
     </span>
     <span class='ocr_line' id='line_1_23' title="bbox 515 2317 2638 2402; baseline 0.002 -22"><span class='ocrx_word' id='word_1_173' title='bbox 515 2325 676 2380; x_wconf 87' lang='lat' dir='ltr'><strong><em>esset</em></strong></span> <span class='ocrx_word' id='word_1_174' title='bbox 714 2318 1101 2381; x_wconf 73' lang='lat' dir='ltr'><strong><em>Sabbatha-m</em></strong></span> <span class='ocrx_word' id='word_1_175' title='bbox 1146 2317 1411 2394; x_wconf 80' lang='lat' dir='ltr'><strong><em>Terrae,</em></strong></span> <span class='ocrx_word' id='word_1_176' title='bbox 1466 2323 1526 2377; x_wconf 90' lang='lat' dir='ltr'><strong><em>et</em></strong></span> <span class='ocrx_word' id='word_1_177' title='bbox 1579 2339 1703 2381; x_wconf 87' lang='lat' dir='ltr'><strong><em>non</em></strong></span> <span class='ocrx_word' id='word_1_178' title='bbox 1746 2317 1923 2382; x_wconf 82' lang='lat' dir='ltr'><strong><em>labor</em></strong></span> <span class='ocrx_word' id='word_1_179' title='bbox 1959 2340 2151 2402; x_wconf 83' lang='lat' dir='ltr'><strong><em>super</em></strong></span> <span class='ocrx_word' id='word_1_180' title='bbox 2189 2318 2313 2382; x_wconf 82' lang='lat' dir='ltr'><strong><em>illa</em></strong></span> <span class='ocrx_word' id='word_1_181' title='bbox 2336 2324 2374 2356; x_wconf 87' lang='lat'><em>“</em></span> <span class='ocrx_word' id='word_1_182' title='bbox 2426 2323 2602 2384; x_wconf 82' lang='lat' dir='ltr'><strong><em>Levit</em></strong></span> <span class='ocrx_word' id='word_1_183' title='bbox 2619 2345 2638 2384; x_wconf 77' lang='grc' dir='ltr'><strong><em>ε</em></strong></span> 
     </span>
     <span class='ocr_line' id='line_1_24' title="bbox 513 2419 2629 2503; baseline 0.001 -20"><span class='ocrx_word' id='word_1_184' title='bbox 513 2423 716 2483; x_wconf 84' lang='lat' dir='ltr'><strong>XXV:</strong></span> <span class='ocrx_word' id='word_1_185' title='bbox 764 2426 791 2481; x_wconf 91' lang='lat'>1</span> <span class='ocrx_word' id='word_1_186' title='bbox 840 2422 916 2482; x_wconf 88' lang='lat' dir='ltr'><strong><em>ad</em></strong></span> <span class='ocrx_word' id='word_1_187' title='bbox 958 2424 1019 2481; x_wconf 87' lang='lat'><strong><em>8:</em></strong></span> <span class='ocrx_word' id='word_1_188' title='bbox 1074 2428 1135 2481; x_wconf 89' lang='lat' dir='ltr'><strong><em>et</em></strong></span> <span class='ocrx_word' id='word_1_189' title='bbox 1172 2438 1412 2497; x_wconf 88' lang='lat' dir='ltr'><strong><em>quoque</em></strong></span> <span class='ocrx_word' id='word_1_190' title='bbox 1447 2420 1583 2480; x_wconf 90' lang='lat' dir='ltr'><strong><em>ideo</em></strong></span> <span class='ocrx_word' id='word_1_191' title='bbox 1621 2422 1840 2481; x_wconf 87' lang='lat' dir='ltr'><strong><em>dicitur</em></strong></span> <span class='ocrx_word' id='word_1_192' title='bbox 1883 2421 2140 2498; x_wconf 78' lang='lat' dir='ltr'><strong><em>„Terra</em></strong></span> <span class='ocrx_word' id='word_1_193' title='bbox 2160 2419 2415 2502; x_wconf 80' lang='lat' dir='ltr'><strong><em>polluta</em></strong></span> <span class='ocrx_word' id='word_1_194' title='bbox 2426 2443 2629 2503; x_wconf 77' lang='lat' dir='ltr'><strong><em>prop-</em></strong></span> 
     </span>
     <span class='ocr_line' id='line_1_25' title="bbox 514 2520 2633 2602; baseline 0 -18"><span class='ocrx_word' id='word_1_195' title='bbox 514 2531 608 2584; x_wconf 84' lang='lat' dir='ltr'><strong><em>ter</em></strong></span> <span class='ocrx_word' id='word_1_196' title='bbox 644 2521 821 2584; x_wconf 85' lang='lat' dir='ltr'><strong><em>mala</em></strong></span> <span class='ocrx_word' id='word_1_197' title='bbox 840 2569 854 2591; x_wconf 84' lang='lat'><strong><em>,</em></strong></span> <span class='ocrx_word' id='word_1_198' title='bbox 910 2529 970 2582; x_wconf 88' lang='lat' dir='ltr'><strong><em>et</em></strong></span> <span class='ocrx_word' id='word_1_199' title='bbox 1022 2520 1190 2602; x_wconf 83' lang='lat' dir='ltr'><strong><em>quod</em></strong></span> <span class='ocrx_word' id='word_1_200' title='bbox 1224 2525 1486 2600; x_wconf 80' lang='lat' dir='ltr'><strong><em>propter</em></strong></span> <span class='ocrx_word' id='word_1_201' title='bbox 1527 2521 2023 2584; x_wconf 82' lang='lat' dir='ltr'><strong><em>abominationes</em></strong></span> <span class='ocrx_word' id='word_1_202' title='bbox 2064 2530 2396 2602; x_wconf 68' lang='lat' dir='ltr'><strong><em>exspueret</em></strong></span> <span class='ocrx_word' id='word_1_203' title='bbox 2432 2520 2633 2584; x_wconf 84' lang='lat' dir='ltr'><strong><em>illos“</em></strong></span> 
     </span>
     <span class='ocr_line' id='line_1_26' title="bbox 514 2615 2628 2700; baseline 0.001 -18"><span class='ocrx_word' id='word_1_204' title='bbox 514 2625 712 2682; x_wconf 88' lang='lat' dir='ltr'><strong><em>Levit:</em></strong></span> <span class='ocrx_word' id='word_1_205' title='bbox 749 2619 981 2682; x_wconf 87' lang='lat' dir='ltr'><strong><em>XVHl:</em></strong></span> <span class='ocrx_word' id='word_1_206' title='bbox 1021 2628 1049 2681; x_wconf 91' lang='grc'>1</span> <span class='ocrx_word' id='word_1_207' title='bbox 1087 2621 1163 2680; x_wconf 90' lang='lat' dir='ltr'><strong><em>ad</em></strong></span> <span class='ocrx_word' id='word_1_208' title='bbox 1194 2624 1306 2680; x_wconf 82' lang='lat'><strong><em>28.</em></strong></span> <span class='ocrx_word' id='word_1_209' title='bbox 1362 2622 1441 2679; x_wconf 90' lang='lat' dir='ltr'><strong><em>Et</em></strong></span> <span class='ocrx_word' id='word_1_210' title='bbox 1475 2623 1616 2698; x_wconf 88' lang='lat' dir='ltr'><strong><em>quia</em></strong></span> <span class='ocrx_word' id='word_1_211' title='bbox 1643 2623 1833 2682; x_wconf 89' lang='lat' dir='ltr'><strong><em>Terra</em></strong></span> <span class='ocrx_word' id='word_1_212' title='bbox 1864 2623 2240 2700; x_wconf 83' lang='lat' dir='ltr'><strong><em>significabat</em></strong></span> <span class='ocrx_word' id='word_1_213' title='bbox 2266 2615 2628 2700; x_wconf 85' lang='lat' dir='ltr'><strong><em>Ecclesiam,</em></strong></span> 
     </span>
    </p>
   </div>
   <div class='ocr_carea' id='block_1_4' title="bbox 316 2720 2634 2805">
    <p class='ocr_par' dir='ltr' id='par_1_4' title="bbox 316 2720 2634 2805">
     <span class='ocr_line' id='line_1_27' title="bbox 316 2720 2634 2805; baseline 0.002 -23"><span class='ocrx_word' id='word_1_214' title='bbox 316 2734 475 2795; x_wconf 60' lang='lat'>{3551</span> <span class='ocrx_word' id='word_1_215' title='bbox 518 2724 653 2782; x_wconf 89' lang='lat' dir='ltr'><strong><em>ideo</em></strong></span> <span class='ocrx_word' id='word_1_216' title='bbox 684 2765 719 2797; x_wconf 91' lang='lat'>„</span> <span class='ocrx_word' id='word_1_217' title='bbox 736 2721 1062 2783; x_wconf 78' lang='lat' dir='ltr'><strong><em>Dominus</em></strong></span> <span class='ocrx_word' id='word_1_218' title='bbox 1088 2720 1349 2804; x_wconf 70' lang='lat' dir='ltr'><strong><em>exspuit</em></strong></span> <span class='ocrx_word' id='word_1_219' title='bbox 1377 2721 1449 2782; x_wconf 84' lang='lat' dir='ltr'><strong><em>in</em></strong></span> <span class='ocrx_word' id='word_1_220' title='bbox 1479 2722 1763 2795; x_wconf 83' lang='lat' dir='ltr'><strong><em>Terram,</em></strong></span> <span class='ocrx_word' id='word_1_221' title='bbox 1812 2729 1873 2784; x_wconf 86' lang='lat' dir='ltr'><strong><em>et</em></strong></span> <span class='ocrx_word' id='word_1_222' title='bbox 1884 2723 2049 2804; x_wconf 87' lang='lat' dir='ltr'><strong><em>fecit</em></strong></span> <span class='ocrx_word' id='word_1_223' title='bbox 2077 2722 2290 2785; x_wconf 80' lang='lat' dir='ltr'><strong><em>lutum</em></strong></span> <span class='ocrx_word' id='word_1_224' title='bbox 2319 2743 2402 2786; x_wconf 79' lang='lat' dir='ltr'><strong><em>ea·</em></strong></span> <span class='ocrx_word' id='word_1_225' title='bbox 2427 2732 2634 2805; x_wconf 78' lang='lat' dir='ltr'><strong><em>sputa,</em></strong></span> 
     </span>
    </p>
   </div>
   <div class='ocr_carea' id='block_1_5' title="bbox 507 2818 2641 4314">
    <p class='ocr_par' dir='ltr' id='par_1_5' title="bbox 507 2818 2641 4314">
     <span class='ocr_line' id='line_1_28' title="bbox 515 2818 2641 2900; baseline 0.001 -17"><span class='ocrx_word' id='word_1_226' title='bbox 515 2829 575 2884; x_wconf 90' lang='lat' dir='ltr'><strong><em>et</em></strong></span> <span class='ocrx_word' id='word_1_227' title='bbox 618 2820 881 2882; x_wconf 75' lang='lat' dir='ltr'><strong><em>inunxit</em></strong></span> <span class='ocrx_word' id='word_1_228' title='bbox 918 2841 1108 2900; x_wconf 80' lang='lat' dir='ltr'><strong><em>super</em></strong></span> <span class='ocrx_word' id='word_1_229' title='bbox 1134 2818 1346 2882; x_wconf 70' lang='lat' dir='ltr'><strong><em>oeulos</em></strong></span> <span class='ocrx_word' id='word_1_230' title='bbox 1371 2822 1542 2883; x_wconf 82' lang='lat' dir='ltr'><strong><em>caeci</em></strong></span> <span class='ocrx_word' id='word_1_231' title='bbox 1555 2867 1572 2898; x_wconf 90' lang='lat'><strong><em>,</em></strong></span> <span class='ocrx_word' id='word_1_232' title='bbox 1618 2827 1678 2882; x_wconf 90' lang='lat' dir='ltr'><strong><em>et</em></strong></span> <span class='ocrx_word' id='word_1_233' title='bbox 1706 2822 1914 2895; x_wconf 75' lang='lat' dir='ltr'><strong><em>dixit,</em></strong></span> <span class='ocrx_word' id='word_1_234' title='bbox 1957 2824 2063 2884; x_wconf 81' lang='lat' dir='ltr'><strong><em>abi</em></strong></span> <span class='ocrx_word' id='word_1_235' title='bbox 2103 2822 2252 2885; x_wconf 82' lang='lat' dir='ltr'><strong><em>lava</em></strong></span> <span class='ocrx_word' id='word_1_236' title='bbox 2295 2831 2355 2885; x_wconf 90' lang='lat' dir='ltr'><strong><em>te</em></strong></span> <span class='ocrx_word' id='word_1_237' title='bbox 2379 2825 2454 2886; x_wconf 82' lang='lat' dir='ltr'><strong><em>in</em></strong></span> <span class='ocrx_word' id='word_1_238' title='bbox 2492 2824 2641 2887; x_wconf 82' lang='lat' dir='ltr'><strong><em>lacu</em></strong></span> 
     </span>
     <span class='ocr_line' id='line_1_29' title="bbox 515 2919 2638 3000; baseline 0.001 -14"><span class='ocrx_word' id='word_1_239' title='bbox 515 2919 806 2987; x_wconf 62' lang='lat' dir='ltr'><strong><em>Siloam</em></strong></span> <span class='ocrx_word' id='word_1_240' title='bbox 861 2922 1017 2982; x_wconf 85' lang='lat' dir='ltr'><strong><em>Joh:</em></strong></span> <span class='ocrx_word' id='word_1_241' title='bbox 1071 2923 1182 2982; x_wconf 90' lang='lat' dir='ltr'><strong><em>IX:</em></strong></span> <span class='ocrx_word' id='word_1_242' title='bbox 1228 2926 1286 2982; x_wconf 89' lang='lat'><strong><em>6.</em></strong></span> <span class='ocrx_word' id='word_1_243' title='bbox 1331 2927 1388 2981; x_wconf 83' lang='lat'><strong><em>7.</em></strong></span> <span class='ocrx_word' id='word_1_244' title='bbox 1437 2925 1546 2983; x_wconf 90' lang='lat'><strong><em>11.</em></strong></span> <span class='ocrx_word' id='word_1_245' title='bbox 1589 2925 1708 2983; x_wconf 81' lang='lat'><strong><em>15:</em></strong></span> <span class='ocrx_word' id='word_1_246' title='bbox 1760 2931 1819 2984; x_wconf 89' lang='lat' dir='ltr'><strong><em>et</em></strong></span> <span class='ocrx_word' id='word_1_247' title='bbox 1863 2925 1998 2985; x_wconf 89' lang='lat' dir='ltr'><strong><em>ideo</em></strong></span> <span class='ocrx_word' id='word_1_248' title='bbox 2053 2924 2450 3000; x_wconf 80' lang='lat' dir='ltr'><strong><em>„Dominus</em></strong></span> <span class='ocrx_word' id='word_1_249' title='bbox 2493 2946 2638 2988; x_wconf 83' lang='lat' dir='ltr'><strong><em>cum</em></strong></span> 
     </span>
     <span class='ocr_line' id='line_1_30' title="bbox 515 3020 2635 3104; baseline 0 -17"><span class='ocrx_word' id='word_1_250' title='bbox 515 3022 773 3087; x_wconf 73' lang='lat' dir='ltr'><strong><em>Scribas</em></strong></span> <span class='ocrx_word' id='word_1_251' title='bbox 808 3026 868 3082; x_wconf 90' lang='lat' dir='ltr'><strong><em>et</em></strong></span> <span class='ocrx_word' id='word_1_252' title='bbox 895 3020 1245 3085; x_wconf 75' lang='lat' dir='ltr'><strong><em>Pharisaei</em></strong></span> <span class='ocrx_word' id='word_1_253' title='bbox 1275 3024 1651 3102; x_wconf 79' lang='lat' dir='ltr'><strong><em>quaerebant</em></strong></span> <span class='ocrx_word' id='word_1_254' title='bbox 1673 3022 1901 3104; x_wconf 80' lang='lat' dir='ltr'><strong><em>Ipsum</em></strong></span> <span class='ocrx_word' id='word_1_255' title='bbox 1939 3024 2018 3086; x_wconf 85' lang='lat' dir='ltr'><strong><em>de</em></strong></span> <span class='ocrx_word' id='word_1_256' title='bbox 2041 3023 2303 3087; x_wconf 84' lang='lat' dir='ltr'><strong><em>muliere</em></strong></span> <span class='ocrx_word' id='word_1_257' title='bbox 2339 3026 2412 3087; x_wconf 87' lang='lat' dir='ltr'><strong><em>in</em></strong></span> <span class='ocrx_word' id='word_1_258' title='bbox 2436 3024 2635 3088; x_wconf 81' lang='lat' dir='ltr'><strong><em>adul-</em></strong></span> 
     </span>
     <span class='ocr_line' id='line_1_31' title="bbox 516 3121 2640 3204; baseline 0.001 -18"><span class='ocrx_word' id='word_1_259' title='bbox 516 3123 675 3186; x_wconf 84' lang='lat' dir='ltr'><strong><em>terio</em></strong></span> <span class='ocrx_word' id='word_1_260' title='bbox 711 3121 1118 3204; x_wconf 75' lang='lat' dir='ltr'><strong><em>deprehensa,</em></strong></span> <span class='ocrx_word' id='word_1_261' title='bbox 1171 3121 1468 3185; x_wconf 83' lang='lat' dir='ltr'><strong><em>deorsum</em></strong></span> <span class='ocrx_word' id='word_1_262' title='bbox 1507 3143 1574 3184; x_wconf 88' lang='lat' dir='ltr'><strong><em>se</em></strong></span> <span class='ocrx_word' id='word_1_263' title='bbox 1614 3123 1956 3186; x_wconf 84' lang='lat' dir='ltr'><strong><em>incurvans</em></strong></span> <span class='ocrx_word' id='word_1_264' title='bbox 1991 3126 2294 3187; x_wconf 66' lang='lat' dir='ltr'><strong><em>scribebat</em></strong></span> <span class='ocrx_word' id='word_1_265' title='bbox 2328 3126 2399 3188; x_wconf 89' lang='lat' dir='ltr'><strong><em>in</em></strong></span> <span class='ocrx_word' id='word_1_266' title='bbox 2433 3126 2640 3189; x_wconf 72' lang='lat' dir='ltr'><strong><em>Terra</em></strong></span> 
     </span>
     <span class='ocr_line' id='line_1_32' title="bbox 518 3225 2639 3304; baseline 0.001 -19"><span class='ocrx_word' id='word_1_267' title='bbox 518 3225 663 3286; x_wconf 85' lang='lat' dir='ltr'><strong><em>bis“</em></strong></span> <span class='ocrx_word' id='word_1_268' title='bbox 725 3225 876 3284; x_wconf 80' lang='lat' dir='ltr'><strong><em>Joh:</em></strong></span> <span class='ocrx_word' id='word_1_269' title='bbox 915 3226 1091 3285; x_wconf 88' lang='lat' dir='ltr'>VIII:</span> <span class='ocrx_word' id='word_1_270' title='bbox 1140 3228 1201 3285; x_wconf 88' lang='grc'><strong><em>6.</em></strong></span> <span class='ocrx_word' id='word_1_271' title='bbox 1248 3228 1320 3298; x_wconf 84' lang='lat'><strong><em>83</em></strong></span> <span class='ocrx_word' id='word_1_272' title='bbox 1384 3242 1496 3300; x_wconf 87' lang='lat' dir='ltr'><strong><em>per</em></strong></span> <span class='ocrx_word' id='word_1_273' title='bbox 1550 3225 1709 3302; x_wconf 90' lang='lat' dir='ltr'><strong><em>quod</em></strong></span> <span class='ocrx_word' id='word_1_274' title='bbox 1751 3226 2118 3303; x_wconf 83' lang='lat' dir='ltr'><strong><em>significatur</em></strong></span> <span class='ocrx_word' id='word_1_275' title='bbox 2165 3227 2325 3304; x_wconf 90' lang='lat' dir='ltr'><strong><em>quod</em></strong></span> <span class='ocrx_word' id='word_1_276' title='bbox 2358 3228 2639 3288; x_wconf 87' lang='lat' dir='ltr'><strong><em>Ecclesia</em></strong></span> 
     </span>
     <span class='ocr_line' id='line_1_33' title="bbox 513 3324 2637 3405; baseline 0 -19"><span class='ocrx_word' id='word_1_277' title='bbox 513 3326 695 3405; x_wconf 90' lang='lat' dir='ltr'><strong><em>plena</em></strong></span> <span class='ocrx_word' id='word_1_278' title='bbox 742 3335 903 3387; x_wconf 86' lang='lat' dir='ltr'><strong><em>esset</em></strong></span> <span class='ocrx_word' id='word_1_279' title='bbox 951 3327 1294 3399; x_wconf 81' lang='lat' dir='ltr'><strong><em>adulteriis,</em></strong></span> <span class='ocrx_word' id='word_1_280' title='bbox 1344 3324 1458 3384; x_wconf 91' lang='lat' dir='ltr'><strong><em>hoc</em></strong></span> <span class='ocrx_word' id='word_1_281' title='bbox 1497 3331 1621 3399; x_wconf 89' lang='lat' dir='ltr'><strong><em>est,</em></strong></span> <span class='ocrx_word' id='word_1_282' title='bbox 1669 3327 1851 3403; x_wconf 88' lang='lat' dir='ltr'><strong><em>plena</em></strong></span> <span class='ocrx_word' id='word_1_283' title='bbox 1898 3328 2334 3388; x_wconf 86' lang='lat' dir='ltr'><strong><em>adulteratione</em></strong></span> <span class='ocrx_word' id='word_1_284' title='bbox 2382 3329 2524 3387; x_wconf 90' lang='lat' dir='ltr'><strong><em>boni</em></strong></span> <span class='ocrx_word' id='word_1_285' title='bbox 2576 3335 2637 3388; x_wconf 86' lang='lat' dir='ltr'><strong><em>et</em></strong></span> 
     </span>
     <span class='ocr_line' id='line_1_34' title="bbox 509 3427 2635 3505; baseline 0 -16"><span class='ocrx_word' id='word_1_286' title='bbox 509 3428 920 3490; x_wconf 81' lang='lat' dir='ltr'><strong><em>falsificatione</em></strong></span> <span class='ocrx_word' id='word_1_287' title='bbox 980 3430 1136 3504; x_wconf 81' lang='lat' dir='ltr'><strong><em>veri3</em></strong></span> <span class='ocrx_word' id='word_1_288' title='bbox 1211 3442 1398 3503; x_wconf 86' lang='lat' dir='ltr'><strong><em>quare</em></strong></span> <span class='ocrx_word' id='word_1_289' title='bbox 1460 3427 1640 3485; x_wconf 89' lang='lat' dir='ltr'><strong><em>etiam</em></strong></span> <span class='ocrx_word' id='word_1_290' title='bbox 1690 3427 1985 3486; x_wconf 90' lang='lat' dir='ltr'><strong><em>Dominus</em></strong></span> <span class='ocrx_word' id='word_1_291' title='bbox 2049 3427 2196 3487; x_wconf 81' lang='lat' dir='ltr'><strong><em>dixit</em></strong></span> <span class='ocrx_word' id='word_1_292' title='bbox 2230 3428 2375 3504; x_wconf 88' lang='lat' dir='ltr'><strong><em>illis,</em></strong></span> <span class='ocrx_word' id='word_1_293' title='bbox 2442 3473 2482 3504; x_wconf 90' lang='lat'><em>„</em></span> <span class='ocrx_word' id='word_1_294' title='bbox 2498 3427 2635 3505; x_wconf 75' lang='lat' dir='ltr'><strong><em>Qui</em></strong></span> 
     </span>
     <span class='ocr_line' id='line_1_35' title="bbox 510 3525 2633 3612; baseline -0.001 -20"><span class='ocrx_word' id='word_1_295' title='bbox 510 3536 786 3592; x_wconf 83' lang='lat' dir='ltr'><strong><em>vestrum</em></strong></span> <span class='ocrx_word' id='word_1_296' title='bbox 826 3527 1135 3590; x_wconf 84' lang='lat' dir='ltr'><strong><em>immunis</em></strong></span> <span class='ocrx_word' id='word_1_297' title='bbox 1173 3530 1268 3586; x_wconf 88' lang='lat' dir='ltr'><strong><em>est</em></strong></span> <span class='ocrx_word' id='word_1_298' title='bbox 1306 3543 1348 3585; x_wconf 88' lang='lat' dir='ltr'><strong><em>a</em></strong></span> <span class='ocrx_word' id='word_1_299' title='bbox 1376 3531 1633 3603; x_wconf 80' lang='lat' dir='ltr'><strong><em>peccato</em></strong></span> <span class='ocrx_word' id='word_1_300' title='bbox 1658 3526 1919 3606; x_wconf 79' lang='lat' dir='ltr'><strong><em>primus</em></strong></span> <span class='ocrx_word' id='word_1_301' title='bbox 1957 3525 2028 3589; x_wconf 85' lang='lat' dir='ltr'><strong><em>in</em></strong></span> <span class='ocrx_word' id='word_1_302' title='bbox 2052 3545 2192 3588; x_wconf 86' lang='lat' dir='ltr'><strong><em>eam</em></strong></span> <span class='ocrx_word' id='word_1_303' title='bbox 2215 3527 2431 3612; x_wconf 82' lang='lat' dir='ltr'><strong><em>jaciat</em></strong></span> <span class='ocrx_word' id='word_1_304' title='bbox 2459 3526 2633 3609; x_wconf 79' lang='lat' dir='ltr'><strong><em>lapi-</em></strong></span> 
     </span>
     <span class='ocr_line' id='line_1_36' title="bbox 510 3622 2634 3708; baseline 0 -17"><span class='ocrx_word' id='word_1_305' title='bbox 510 3631 652 3691; x_wconf 80' lang='lat' dir='ltr'><strong><em>dem</em></strong></span> <span class='ocrx_word' id='word_1_306' title='bbox 661 3651 689 3703; x_wconf 89' lang='lat'><em>;</em></span> <span class='ocrx_word' id='word_1_307' title='bbox 742 3629 856 3690; x_wconf 83' lang='lat' dir='ltr'><strong><em>sed</em></strong></span> <span class='ocrx_word' id='word_1_308' title='bbox 894 3648 1062 3690; x_wconf 84' lang='lat' dir='ltr'><strong><em>unus</em></strong></span> <span class='ocrx_word' id='word_1_309' title='bbox 1091 3631 1245 3707; x_wconf 80' lang='lat' dir='ltr'><strong><em>post</em></strong></span> <span class='ocrx_word' id='word_1_310' title='bbox 1284 3622 1491 3687; x_wconf 79' lang='lat' dir='ltr'><strong><em>alium</em></strong></span> <span class='ocrx_word' id='word_1_311' title='bbox 1525 3627 1810 3702; x_wconf 74' lang='lat' dir='ltr'><strong><em>exibant,</em></strong></span> <span class='ocrx_word' id='word_1_312' title='bbox 1855 3626 2043 3689; x_wconf 86' lang='lat' dir='ltr'><strong><em>initio</em></strong></span> <span class='ocrx_word' id='word_1_313' title='bbox 2068 3629 2252 3708; x_wconf 79' lang='lat' dir='ltr'><strong><em>sacto</em></strong></span> <span class='ocrx_word' id='word_1_314' title='bbox 2291 3648 2335 3690; x_wconf 86' lang='lat' dir='ltr'><strong><em>a</em></strong></span> <span class='ocrx_word' id='word_1_315' title='bbox 2361 3629 2634 3691; x_wconf 77' lang='lat' dir='ltr'><strong><em>seniori-</em></strong></span> 
     </span>
     <span class='ocr_line' id='line_1_37' title="bbox 509 3726 2633 3808; baseline 0 -19"><span class='ocrx_word' id='word_1_316' title='bbox 509 3731 626 3790; x_wconf 83' lang='lat' dir='ltr'><strong><em>bus</em></strong></span> <span class='ocrx_word' id='word_1_317' title='bbox 659 3748 854 3807; x_wconf 83' lang='lat' dir='ltr'><strong><em>usque</em></strong></span> <span class='ocrx_word' id='word_1_318' title='bbox 892 3728 982 3788; x_wconf 77' lang='lat' dir='ltr'><strong><em>aa</em></strong></span> <span class='ocrx_word' id='word_1_319' title='bbox 1018 3726 1282 3789; x_wconf 84' lang='lat' dir='ltr'><strong><em>ultimos</em></strong></span> <span class='ocrx_word' id='word_1_320' title='bbox 1304 3728 1338 3760; x_wconf 84' lang='lat'>“</span> <span class='ocrx_word' id='word_1_321' title='bbox 1408 3727 1598 3787; x_wconf 86' lang='lat' dir='ltr'><strong><em>Vers:</em></strong></span> <span class='ocrx_word' id='word_1_322' title='bbox 1657 3733 1713 3787; x_wconf 84' lang='lat'><strong><em>7.</em></strong></span> <span class='ocrx_word' id='word_1_323' title='bbox 1759 3731 1816 3789; x_wconf 84' lang='lat'><strong><em>9.</em></strong></span> <span class='ocrx_word' id='word_1_324' title='bbox 1887 3728 2182 3805; x_wconf 83' lang='lat' dir='ltr'><strong><em>Quoniam</em></strong></span> <span class='ocrx_word' id='word_1_325' title='bbox 2227 3729 2521 3808; x_wconf 84' lang='lat' dir='ltr'><strong><em>pleraque</em></strong></span> <span class='ocrx_word' id='word_1_326' title='bbox 2571 3733 2633 3790; x_wconf 88' lang='lat' dir='ltr'><strong><em>in</em></strong></span> 
     </span>
     <span class='ocr_line' id='line_1_38' title="bbox 509 3828 2633 3908; baseline 0 -18"><span class='ocrx_word' id='word_1_327' title='bbox 509 3828 716 3890; x_wconf 86' lang='lat' dir='ltr'><strong><em>Verbo</em></strong></span> <span class='ocrx_word' id='word_1_328' title='bbox 747 3830 926 3887; x_wconf 89' lang='lat' dir='ltr'><strong><em>etiam</em></strong></span> <span class='ocrx_word' id='word_1_329' title='bbox 956 3845 1199 3888; x_wconf 88' lang='lat' dir='ltr'><strong><em>sensum</em></strong></span> <span class='ocrx_word' id='word_1_330' title='bbox 1227 3830 1570 3907; x_wconf 88' lang='lat' dir='ltr'><strong><em>oppositum</em></strong></span> <span class='ocrx_word' id='word_1_331' title='bbox 1594 3828 1838 3904; x_wconf 87' lang='lat' dir='ltr'><strong><em>habent,</em></strong></span> <span class='ocrx_word' id='word_1_332' title='bbox 1867 3831 1952 3889; x_wconf 89' lang='lat' dir='ltr'><strong><em>ita</em></strong></span> <span class='ocrx_word' id='word_1_333' title='bbox 1974 3846 2211 3907; x_wconf 91' lang='lat' dir='ltr'><strong><em>quoque</em></strong></span> <span class='ocrx_word' id='word_1_334' title='bbox 2234 3830 2443 3907; x_wconf 84' lang='lat' dir='ltr'><strong><em>Terra,</em></strong></span> <span class='ocrx_word' id='word_1_335' title='bbox 2475 3849 2633 3908; x_wconf 86' lang='lat' dir='ltr'><strong><em>quae</em></strong></span> 
     </span>
     <span class='ocr_line' id='line_1_39' title="bbox 509 3928 2630 4007; baseline 0.001 -18"><span class='ocrx_word' id='word_1_336' title='bbox 509 3932 574 3989; x_wconf 90' lang='lat' dir='ltr'><strong><em>in</em></strong></span> <span class='ocrx_word' id='word_1_337' title='bbox 601 3946 672 3989; x_wconf 90' lang='lat' dir='ltr'><strong><em>eo</em></strong></span> <span class='ocrx_word' id='word_1_338' title='bbox 700 3945 885 3988; x_wconf 87' lang='lat' dir='ltr'><strong><em>sensu</em></strong></span> <span class='ocrx_word' id='word_1_339' title='bbox 911 3928 1206 4006; x_wconf 84' lang='lat' dir='ltr'><strong><em>significat</em></strong></span> <span class='ocrx_word' id='word_1_340' title='bbox 1228 3929 1562 3991; x_wconf 88' lang='lat' dir='ltr'><strong><em>Ecclesiam</em></strong></span> <span class='ocrx_word' id='word_1_341' title='bbox 1589 3936 1903 4005; x_wconf 88' lang='lat' dir='ltr'><strong><em>vastatam,</em></strong></span> <span class='ocrx_word' id='word_1_342' title='bbox 1936 3947 2090 4007; x_wconf 89' lang='lat' dir='ltr'><strong><em>quae</em></strong></span> <span class='ocrx_word' id='word_1_343' title='bbox 2118 3936 2215 3989; x_wconf 89' lang='lat' dir='ltr'><strong><em>est</em></strong></span> <span class='ocrx_word' id='word_1_344' title='bbox 2244 3932 2482 4006; x_wconf 88' lang='lat' dir='ltr'><strong><em>quando</em></strong></span> <span class='ocrx_word' id='word_1_345' title='bbox 2508 3949 2630 3992; x_wconf 87' lang='lat' dir='ltr'><strong><em>non</em></strong></span> 
     </span>
     <span class='ocr_line' id='line_1_40' title="bbox 510 4028 2631 4107; baseline 0.001 -18"><span class='ocrx_word' id='word_1_346' title='bbox 510 4029 768 4107; x_wconf 84' lang='lat' dir='ltr'><strong><em>amplius</em></strong></span> <span class='ocrx_word' id='word_1_347' title='bbox 796 4028 1014 4088; x_wconf 87' lang='lat' dir='ltr'><strong><em>bonum</em></strong></span> <span class='ocrx_word' id='word_1_348' title='bbox 1052 4034 1267 4092; x_wconf 85' lang='lat' dir='ltr'><strong><em>amoris</em></strong></span> <span class='ocrx_word' id='word_1_349' title='bbox 1305 4039 1365 4092; x_wconf 88' lang='lat' dir='ltr'><strong><em>et</em></strong></span> <span class='ocrx_word' id='word_1_350' title='bbox 1391 4050 1599 4092; x_wconf 88' lang='lat' dir='ltr'><strong><em>verum</em></strong></span> <span class='ocrx_word' id='word_1_351' title='bbox 1626 4030 1783 4104; x_wconf 83' lang='lat' dir='ltr'><strong><em>fidei,</em></strong></span> <span class='ocrx_word' id='word_1_352' title='bbox 1819 4030 1930 4090; x_wconf 88' lang='lat' dir='ltr'><strong><em>sed</em></strong></span> <span class='ocrx_word' id='word_1_353' title='bbox 1965 4031 2099 4092; x_wconf 83' lang='lat' dir='ltr'><strong><em>loco</em></strong></span> <span class='ocrx_word' id='word_1_354' title='bbox 2135 4031 2372 4091; x_wconf 89' lang='lat' dir='ltr'><strong><em>illorum</em></strong></span> <span class='ocrx_word' id='word_1_355' title='bbox 2407 4032 2631 4093; x_wconf 85' lang='lat' dir='ltr'><strong><em>malum</em></strong></span> 
     </span>
     <span class='ocr_line' id='line_1_41' title="bbox 511 4131 2629 4211; baseline 0.001 -21"><span class='ocrx_word' id='word_1_356' title='bbox 511 4137 572 4190; x_wconf 83' lang='lat' dir='ltr'><strong><em>et</em></strong></span> <span class='ocrx_word' id='word_1_357' title='bbox 605 4131 850 4207; x_wconf 86' lang='lat' dir='ltr'><strong><em>falsum3</em></strong></span> <span class='ocrx_word' id='word_1_358' title='bbox 904 4131 1055 4192; x_wconf 86' lang='lat' dir='ltr'><strong><em>hacc</em></strong></span> <span class='ocrx_word' id='word_1_359' title='bbox 1102 4136 1244 4211; x_wconf 86' lang='lat' dir='ltr'><strong><em>quia</em></strong></span> <span class='ocrx_word' id='word_1_360' title='bbox 1290 4133 1574 4192; x_wconf 88' lang='lat' dir='ltr'><strong><em>damnant</em></strong></span> <span class='ocrx_word' id='word_1_361' title='bbox 1618 4132 1949 4203; x_wconf 87' lang='lat' dir='ltr'><strong><em>hominem,</em></strong></span> <span class='ocrx_word' id='word_1_362' title='bbox 1998 4149 2108 4208; x_wconf 88' lang='lat' dir='ltr'><strong><em>per</em></strong></span> <span class='ocrx_word' id='word_1_363' title='bbox 2146 4131 2395 4192; x_wconf 82' lang='lat' dir='ltr'><strong><em>Terram</em></strong></span> <span class='ocrx_word' id='word_1_364' title='bbox 2444 4135 2505 4192; x_wconf 89' lang='lat' dir='ltr'><strong><em>in</em></strong></span> <span class='ocrx_word' id='word_1_365' title='bbox 2558 4150 2629 4192; x_wconf 89' lang='lat' dir='ltr'><strong><em>eo</em></strong></span> 
     </span>
     <span class='ocr_line' id='line_1_42' title="bbox 507 4232 2627 4314; baseline -0.001 -21"><span class='ocrx_word' id='word_1_366' title='bbox 507 4250 690 4294; x_wconf 84' lang='lat' dir='ltr'><strong><em>sensu</em></strong></span> <span class='ocrx_word' id='word_1_367' title='bbox 726 4235 902 4296; x_wconf 85' lang='lat' dir='ltr'><strong><em>ctiam</em></strong></span> <span class='ocrx_word' id='word_1_368' title='bbox 938 4235 1308 4314; x_wconf 83' lang='lat' dir='ltr'><strong><em>significatur</em></strong></span> <span class='ocrx_word' id='word_1_369' title='bbox 1344 4233 1666 4301; x_wconf 79' lang='lat' dir='ltr'><strong><em>damnatiO,</em></strong></span> <span class='ocrx_word' id='word_1_370' title='bbox 1704 4240 1769 4289; x_wconf 86' lang='lat' dir='ltr'><strong><em>nt</em></strong></span> <span class='ocrx_word' id='word_1_371' title='bbox 1803 4234 1865 4289; x_wconf 89' lang='lat' dir='ltr'><strong><em>in</em></strong></span> <span class='ocrx_word' id='word_1_372' title='bbox 1901 4232 2288 4308; x_wconf 82' lang='lat' dir='ltr'><strong><em>sequentibus</em></strong></span> <span class='ocrx_word' id='word_1_373' title='bbox 2323 4234 2416 4293; x_wconf 90' lang='lat' dir='ltr'><strong><em>his</em></strong></span> <span class='ocrx_word' id='word_1_374' title='bbox 2450 4234 2627 4308; x_wconf 80' lang='lat' dir='ltr'><strong><em>locis3</em></strong></span> 
     </span>
    </p>
   </div>
  </div>
 </body>
</html>
