2791 4778
397 325 628 381 CAPUT
681 309 1065 394 QUINTUM.'
1817 328 2031 383 vens=
2075 338 2126 390 s.
2286 341 2354 393 75

220 490 286 547 in
322 485 551 548 Mundo
587 487 915 565 spirituali,
970 486 1071 546 ubi
1106 488 1304 547 omnia
1351 504 1509 563 quae
1545 489 2040 565 apperpriuntur
2075 489 2354 550 sensIbus

218 586 733 664 correspondent,
789 588 1204 663 perceptivum
1254 586 1395 646 boni
1445 594 1506 646 et
1539 590 1667 647 veri
1704 589 1995 648 sentiatur
2029 591 2185 647 sicut
2223 591 2351 649 fra-

217 705 410 766 grans
462 704 538 745 ex
587 690 773 765 gratis
822 688 1135 757 odoribus,
1187 692 1246 747 et
1295 689 1433 748 vice
1468 705 1696 765 versa,
1734 688 1808 747 de
1843 706 1965 765 qua
2006 706 2072 748 re
2124 689 2200 749 ab
2239 707 2347 749 ex-

216 789 531 867 perientia
573 788 851 847 videatur
884 791 943 847 in
983 787 1256 847 Anems
1299 785 1720 848 Cosnss‘rmus
1771 805 1840 847 n:
1889 791 2093 848 1514.
2145 792 2351 851 1517.

227 890 447 949 1518.
497 890 705 948 1519.
753 890 962 948 1631.
1008 889 1219 948 4626.
1262 890 1478 947 4628.
1521 890 1734 948 4630.
1780 890 1996 949 4631.
2047 889 2226 949 5711
2274 891 2352 949 ad

225 990 362 1049 571
387 994 421 1048 7
439 1009 458 1064 3
514 988 650 1047 inde
689 994 814 1064 est,
872 987 1033 1066 quod
1068 986 1306 1047 odorari
1350 988 1643 1065 signiticet
1677 990 2022 1066 percipere,
2077 992 2254 1049 etiam
2291 993 2352 1050 in

212 1089 525 1151 communi
558 1106 833 1147 sermone
870 1087 1034 1166 apud
1066 1087 1355 1159 homineS,
1393 1088 1538 1147 talia
1573 1091 1728 1148 enim
1764 1091 1824 1148 in
1859 1107 2192 1148 sermonem
2227 1090 2345 1151 hu·

214 1207 468 1249 inanum
506 1194 799 1248 venerunt
846 1207 920 1248 ex
958 1188 1519 1264 correspondentia,
1574 1196 1639 1247 ut
1674 1189 1861 1249 multa
1896 1188 2047 1262 alia,
2100 1194 2349 1267 spiritus

215 1292 383 1350 enim
422 1291 679 1349 hominis
712 1297 803 1348 est
830 1288 1147 1349 actualiter
1179 1290 1242 1347 in
1278 1289 1499 1348 mundo
1535 1289 1861 1366 spirituali,
1901 1294 2139 1350 tametsi
2173 1292 2350 1351 homo

218 1390 287 1449 id
321 1393 551 1449 nescit:
606 1392 780 1450 etiam
819 1391 1264 1467 perceptivum,
1316 1389 1474 1465 quod
1512 1397 1603 1450 est
1638 1389 1799 1466 apud
1831 1390 2148 1466 hominem,
2206 1410 2346 1468 pro·

223 1490 399 1549 ducit
446 1507 686 1548 sensum
748 1491 1027 1550 odoratus
1077 1493 1138 1549 in
1201 1490 1331 1567 ejus
1382 1507 1670 1566 corpore,
1730 1497 1789 1549 et
1836 1490 1950 1549 hoc
2001 1509 2239 1568 quoque
2278 1511 2352 1551 ex

229 1591 797 1667 correspondentia3
850 1592 959 1651 sed
994 1592 1110 1651 hoc
1149 1608 1434 1649 arcanum
1476 1597 1596 1664 est,
1655 1590 1812 1669 quod
1849 1609 2028 1668 aegre
2069 1592 2345 1666 creditur,

225 1693 375 1767 quia
411 1690 702 1749 hactenus
739 1693 1000 1769 ignotum
1039 1698 1152 1752 est.
1212 1690 1531 1752 Sciendum
1578 1700 1686 1767 est,
1730 1691 1889 1770 quod
1925 1693 2141 1752 bonum
2180 1711 2348 1751 amo-

220 1794 307 1851 ris
347 1801 409 1853 et
437 1792 741 1851 charitatis
767 1793 1062 1869 producat
1094 1793 1256 1852 illam
1284 1792 1760 1852 suaveolentiam
1797 1810 1907 1852 seu
1940 1795 2345 1870 fragrantiam,

219 1892 329 1951 sed
369 1911 483 1969 per
519 1910 757 1961 verum,
804 1913 920 1951 non
957 1900 1158 1952 autem
1197 1912 1272 1953 ex
1304 1910 1374 1956 ,Se
1412 1893 1641 1971 absque
1678 1912 1850 1963 vere,
1902 1896 2096 1952 minus
2133 1913 2341 1953 verum

224 1993 384 2069 quod
423 2002 675 2052 vocatur
710 1993 847 2053 fidei
892 1994 1121 2071 absque
1158 1993 1333 2068 bono,
1371 2011 1508 2051 nam
1547 1994 1762 2052 bonum
1801 1995 2028 2071 absque
2051 2012 2195 2054 vero
2231 2014 2349 2054 non

220 2092 408 2152 habet
457 2093 702 2170 aliquod
734 2097 1182 2171 perceptivum,
1236 2111 1349 2154 nec
1401 2111 1611 2154 verum
1666 2095 1893 2172 absque
1929 2095 2103 2154 bono.
2174 2095 2348 2173 Quod

228 2192 479 2253 Suffitus
517 2195 850 2271 significent
883 2195 989 2253 illa
1019 2195 1214 2255 cultus
1253 2212 1409 2272 quae
1435 2195 1583 2254 fiunt
1621 2213 1694 2255 ex
1719 2195 1875 2255 bono
1905 2196 2216 2271 spirituali,
2257 2204 2349 2255 est

227 2294 369 2369 quia
405 2294 622 2353 bonum
662 2295 976 2372 spirituale
1013 2295 1192 2355 trabit
1229 2298 1519 2373 originem
1570 2302 1629 2355 et
1666 2296 2046 2355 existentiam
2085 2311 2158 2353 ex
2194 2296 2348 2354 bono

228 2394 506 2468 coelesti,
548 2403 607 2455 et
639 2396 754 2457 hoc
787 2397 1007 2456 bonum
1049 2405 1141 2456 est
1176 2398 1394 2456 bonum
1435 2399 1655 2456 amoris
1692 2399 1750 2455 in
1786 2396 2108 2455 Dominum
2146 2413 2183 2452 a
2217 2396 2351 2454 Do-

232 2496 409 2567 mino,
451 2503 511 2554 et
543 2495 681 2556 inde
719 2504 810 2564 est
840 2500 1035 2575 ipsum
1062 2496 1283 2557 bonum
1314 2496 1508 2571 Coeli,
1565 2503 1660 2556 est
1695 2499 1849 2556 enim
1885 2495 1946 2555 id
1972 2495 2190 2554 bonum
2228 2498 2341 2555 im-

235 2593 496 2653 mediate
527 2614 601 2653 ex
626 2596 898 2673 Domino,
930 2605 989 2658 et
1015 2605 1107 2657 est
1132 2599 1430 2657 Dominus
1452 2600 1512 2656 in
1540 2596 1642 2656 illo
1671 2596 1827 2656 bono
1854 2603 1923 2655 nt
1955 2599 2015 2655 in
2043 2612 2153 2655 suo
2183 2598 2345 2674 apud

233 2694 522 2770 Angelos,
562 2712 753 2773 usque
788 2698 971 2774 adeo,
1026 2706 1094 2757 ut
1128 2701 1260 2759 sive
1296 2699 1464 2759 dicas
1497 2698 1817 2756 Dominum
1857 2712 1992 2756 esse
2028 2699 2089 2755 in
2126 2697 2247 2757 illis
2288 2708 2350 2759 et

229 2793 365 2854 illos
402 2798 464 2853 in
499 2797 792 2867 Domino,
845 2808 948 2858 aut
982 2802 1035 2859 si
1071 2799 1236 2859 dicas
1273 2799 1594 2858 Dominum
1632 2815 1769 2858 esse
1806 2797 1970 2874 apud
2003 2797 2139 2856 illos
2176 2801 2233 2857 in
2273 2817 2346 2860 eo

225 2893 419 2967 bono,
474 2904 533 2956 et
565 2897 699 2957 illos
734 2901 794 2958 in
827 2900 1086 2960 Domino
1126 2917 1261 2959 cum
1297 2901 1357 2957 in
1390 2898 1496 2958 illo
1531 2900 1718 2968 bon0,
1769 2898 1928 2959 idem
1963 2900 2071 2957 sit:
2126 2898 2347 2958 bonum

224 2998 566 3072 spirituale,
625 2999 783 3075 quod
832 3000 1014 3058 trahit
1048 3001 1334 3077 originem
1384 3006 1446 3060 et
1483 3001 1858 3059 existentiam
1896 3016 1972 3059 ex
2007 2999 2161 3058 bono
2199 3017 2342 3059 coe·

219 3094 382 3173 lesti,
428 3106 523 3156 est
557 3100 776 3158 bonum
807 3100 1112 3161 charitatis
1146 3118 1290 3176 erga
1314 3101 1675 3177 proximum3
1715 3100 1909 3159 cultus
1947 3118 2022 3160 ex
2050 3099 2346 3160 hoc-bono

223 3204 313 3254 cst
347 3201 453 3277 qui
491 3199 858 3276 significatur
908 3218 1018 3276 per
1052 3200 1333 3260 suffitum.
1418 3200 1576 3277 Quia
1625 3202 1814 3260 omnis
1868 3200 2068 3260 cultus
2103 3200 2345 3259 Domini

152 3284 163 3295 ’
221 3294 282 3354 fit
315 3316 390 3359 ex
430 3299 619 3374 bono,
677 3303 915 3359 tametsi
951 3318 1063 3376 per
1102 3318 1283 3375 vera,
1341 3310 1404 3361 et
1440 3301 1557 3360 duo
1594 3301 1766 3360 Bona
1803 3300 2168 3361 universalia
2206 3308 2348 3360 sunt

223 3414 368 3471 quae
408 3401 640 3460 faciunt
670 3401 909 3471 Coelos,
945 3408 1007 3462 et
1034 3403 1406 3478 distinguunt
1438 3402 1574 3461 illos
1610 3404 1670 3460 in
1707 3402 1827 3461 duo
1855 3402 2084 3477 Regna,
2125 3418 2344 3475 nempe

222 3493 452 3559 Bonum
505 3500 820 3577 coeleste,
879 3501 1039 3578 quod
1099 3509 1192 3561 est
1245 3503 1467 3562 bonum
1519 3503 1737 3562 amoris
1785 3503 1844 3560 in
1879 3500 2232 3570 Dominum,
2287 3507 2347 3559 et

226 3592 455 3658 Bonum
490 3602 836 3678 spirituale,
879 3602 1038 3680 quod
1074 3609 1168 3663 est
1203 3603 1424 3663 bonum
1462 3602 1769 3662 charitatis
1806 3617 1952 3678 erga
1983 3600 2342 3677 proximum,

229 3694 360 3755 ideo
407 3699 523 3758 duo
563 3702 799 3763 Altaria
841 3704 1004 3780 apud
1044 3702 1199 3764 filios
1244 3704 1490 3764 Israelis
1530 3708 1730 3772 erant,
1781 3719 1963 3761 unum
2009 3717 2119 3777 pro
2169 3702 2343 3763 holo-

233 3799 477 3870 caustis,
534 3801 789 3863 alterum
840 3822 951 3882 pro
1004 3803 1432 3879 suffitionibus,
1499 3810 1559 3863 et
1597 3820 1711 3880 per
1751 3802 1959 3862 Altare
2008 3800 2346 3862 holocausti

232 3894 671 3970 significabatur
721 3904 920 3964 cultus
972 3921 1046 3965 ex
1081 3904 1239 3965 bono
1275 3907 1495 3964 amoris
1533 3903 1843 3977 coelestis,
1892 3910 1954 3963 et
1987 3920 2099 3980 per
2135 3903 2345 3964 Altare

231 3994 461 4059 suffitus
507 4003 701 4065 cultus
752 4023 827 4065 ex
861 4005 1022 4066 bono
1075 4007 1293 4065 amoris
1346 4004 1676 4083 spiritualis
1695 4024 1712 4081 3
1767 4003 1902 4064 inde
1951 4010 2154 4081 patet,
2206 4004 2348 4080 quid

229 4108 335 4166 Per
366 4101 599 4164 suffitus
639 4107 1226 4184 repraesentabatur.
1308 4104 1486 4182 Quod
1527 4106 1611 4164 ita
1656 4107 1765 4180 sit,
1820 4112 2095 4166 constare
2147 4111 2346 4180 potest
2416 4093 2420 4097 ’

230 4209 300 4252 0¹
338 4199 482 4264 locis
521 4207 585 4265 in
622 4204 846 4283 Verbo,
886 4206 987 4266 nbi
1024 4214 1457 4281 memorantur3
1514 4211 1580 4263 ut
1616 4205 1777 4282 apud
1811 4204 2021 4264 Mosen
2065 4202 2347 4278 „Facies
