2791 4778
464 348 576 401 426
892 336 1387 392 APOCALYPSIS
1431 335 1863 390 EXPLICATA.
1933 336 1977 402 ς.
2016 343 2147 396 405.

464 499 580 556 nisi
613 499 674 555 in
711 496 1149 572 cognitionibus
1187 497 1293 569 sit,
1346 495 1444 554 hie
1485 497 1602 554 nisi
1640 497 1699 552 in
1739 496 2074 571 cognitione
2115 494 2189 552 de
2216 494 2458 554 homine
2485 499 2570 553 in-

463 604 633 657 terno
672 606 732 654 et
772 602 1017 655 externo
1033 641 1048 671 ,
1106 612 1177 655 ac
1214 594 1290 653 de
1339 596 1511 655 bonis
1568 603 1629 654 et
1676 598 1834 653 veris
1891 612 2045 671 quae
2091 594 2318 653 faciunt
2365 595 2569 655 Eccle-

464 700 614 756 siam
679 699 743 755 in
801 696 940 755 illis.
1040 697 1223 772 Apud
1284 695 1631 756 Sachariam
1683 692 1986 770 „Sustuli
2038 693 2250 755 oeulos
2302 713 2475 755 meos
2522 701 2574 755 et

464 796 632 868 vidi,
689 815 831 857 cum
869 815 998 856 eece
1044 803 1317 875 quatuor
1347 787 1597 858 'our-‘ms
1639 801 1936 858 eoeeuntes
1977 796 2139 855 inter
2180 802 2454 868 montes,
2517 800 2571 854 et

463 903 704 958 montes
738 902 977 957 montes
1004 896 1221 957 aerz's“
1276 897 1392 956 VI:
1441 902 1466 955 l
1495 919 1511 974 ;
1568 901 1762 974 agitur
1796 899 1855 954 in
1894 914 1964 955 eo
2005 896 2215 971 Capite
2248 896 2322 953 de
2350 899 2570 955 instau-

465 997 656 1057 randa
691 1015 846 1056 nova
880 998 1155 1056 Ecclesia
1198 998 1358 1074 apud
1385 1010 1626 1074 gentes.
1680 1016 1814 1056 nam
1853 1000 2050 1073 agitur
2090 997 2164 1054 de
2201 1014 2357 1054 novo
2400 998 2570 1055 Tem-

468 1098 603 1174 ple,
655 1115 767 1173 per
803 1099 963 1172 quod
999 1098 1364 1174 significatur
1406 1117 1562 1157 nova
1596 1098 1871 1157 Ecclesia
1885 1117 1898 1170 3
1951 1115 2061 1172 per
2099 1113 2304 1154 currus
2344 1115 2563 1155 exeun-

464 1197 670 1255 tesab
708 1199 860 1256 inter
896 1205 1164 1272 montes,
1230 1200 1597 1274 significatur
1634 1200 1902 1259 doctrIna
1957 1215 2111 1272 quae
2155 1197 2459 1255 formanda
2497 1214 2568 1255 ex

464 1298 620 1356 bono
667 1315 778 1371 per
827 1316 1001 1372 vera,
1061 1316 1267 1358 currus
1315 1299 1652 1375 significant
1698 1298 2080 1370 doctrinalia,
2141 1304 2372 1354 montes
2424 1297 2572 1354 bona

469 1399 720 1465 amoris,
793 1401 948 1456 inter
996 1407 1227 1459 montes
1280 1400 1575 1475 signifieat
1622 1417 1771 1457 vera
1808 1417 1877 1457 ex
1927 1398 2157 1470 bouis„
2201 1414 2339 1453 nam
2397 1397 2572 1455 valles

463 1514 616 1573 quae
659 1507 799 1556 sunt
847 1501 1001 1557 inter
1049 1508 1279 1558 montes
1327 1500 1664 1576 significant
1703 1517 1846 1557 vera
1881 1499 2189 1570 inferiora,
2250 1516 2407 1572 quae
2446 1504 2573 1555 sunt

462 1615 609 1656 vera
649 1598 937 1657 naturalis
974 1600 1262 1658 hominis:
1329 1603 1654 1660 utseiatur
1705 1599 1859 1676 quod
1914 1616 2023 1675 per
2059 1599 2295 1656 Montes
2351 1597 2569 1674 signifi-

468 1705 675 1756 centur
709 1699 866 1756 bona
900 1700 1190 1758 naturalis
1229 1701 1511 1775 hominis,
1571 1702 1706 1759 ideo
1751 1700 1963 1760 dicitur
1991 1707 2051 1757 et
2086 1705 2319 1757 montes
2354 1706 2571 1755 montes

465 1799 650 1872 aeris,
707 1815 811 1856 aes
850 1799 1142 1874 signifieat
1176 1800 1398 1859 bonum
1435 1801 1722 1860 naturalis
1757 1800 2032 1859 hominis,
2121 1799 2305 1874 Apud
2348 1798 2569 1857 Sacha-

463 1898 609 1955 riam
670 1896 1003 1971 „Jelzovah
1037 1900 1237 1960 exibit
1283 1906 1342 1959 et
1379 1902 1700 1980 puynabit
1749 1906 1966 1960 eontra
1996 1905 2256 1977 flente&
2330 1898 2574 1958 stabunt

453 1996 647 2076 pedes
699 1996 921 2077 Ipsius
970 2000 1038 2059 in
1094 1999 1198 2060 die
1252 1999 1365 2076 illo
1414 2021 1607 2081 super
1652 2006 1858 2062 monte
1910 1998 2228 2059 olivarum
2282 2004 2427 2060 ante
2459 1998 2570 2077 fa-

465 2098 591 2158 cies
646 2096 1139 2181 Hierosolymae
1174 2102 1249 2161 ab
1298 2102 1559 2177 oriente,
1632 2108 1690 2163 et
1741 2099 2124 2181 dzffindetur
2156 2118 2338 2158 mons
2377 2097 2571 2159 oliva-

463 2218 639 2270 rum,
683 2219 849 2278 pars
897 2201 1032 2283 ejus
1071 2221 1290 2261 wreus
1332 2209 1539 2263 ortum
1566 2207 1625 2262 et
1661 2221 1880 2264 versus
1923 2219 2098 2259 mare
2132 2197 2299 2260 valle
2325 2217 2571 2280 maym,

463 2304 523 2359 et
560 2300 797 2361 recedet
820 2322 987 2381 pars
1034 2303 1270 2366 montis
1317 2323 1536 2364 versus
1590 2302 2098 2383 septentrionem,
2153 2306 2212 2360 et
2251 2320 2411 2380 par-s·
2442 2298 2573 2379 ejus

463 2420 686 2462 versus
721 2404 1048 2464 meridiem
1069 2425 1095 2475 ,·
1150 2411 1298 2464 tuno
1334 2405 1617 2484 fuyietz’s
1654 2425 1768 2484 per
1800 2400 2029 2463 vallem
2069 2403 2380 2462 montium
2413 2417 2570 2461 meo-

463 2521 649 2577 rum,
721 2508 778 2561 et
817 2505 1139 2585 pertinyet
1173 2503 1367 2566 vallis
1414 2507 1725 2567 moratium
1769 2523 1989 2565 versus
2037 2501 2252 2564 ΛΜΝ
2292 2504 2474 2562 XIV:
2513 2502 2569 2558 3.

472 2607 536 2660 4.
588 2606 661 2678 53
715 2604 865 2663 haee
907 2606 1067 2665 dicta
1094 2615 1235 2665 sunt
1272 2608 1344 2665 de
1382 2607 1589 2667 ultimo
1628 2609 1667 2667 J
1676 2607 1868 2665 udicio
1900 2606 2057 2688 quod
2094 2624 2129 2662 a
2165 2604 2420 2663 Domino
2448 2618 2572 2663 eum

464 2704 580 2762 suit
617 2706 677 2761 in
713 2705 938 2764 Mundo
952 2751 967 2780 ,
1010 2725 1143 2765 nam
1182 2707 1502 2771 Dominus».
1561 2726 1692 2769 eum
1733 2709 1841 2765 suit
1879 2711 1939 2764 in
1975 2705 2226 2777 Mundo,
2292 2708 2487 2764 omnia
2515 2704 2570 2761 in

471 2803 672 2863 Coelis
712 2812 771 2862 et
807 2808 864 2863 in
908 2808 1154 2866 infernis
1184 2810 1241 2866 in
1282 2809 1547 2866 ordinem
1581 2809 1842 2883 redegit,
1881 2824 2064 2882 quare
2104 2814 2244 2864 tune
2280 2807 2426 2865 feeit
2459 2806 2564 2865 Ju-

466 2903 682 2962 dicium
722 2922 903 2978 super
941 2907 1129 2965 malos
1169 2918 1229 2967 et
1266 2926 1448 2984 super
1491 2909 1680 2968 bonos
1695 2929 1710 2982 3
1778 2909 1891 2965 hoo
1942 2907 2244 2967 Judicium
2297 2914 2390 2965 est
2426 2900 2567 2982 quod

463 3005 525 3060 in
563 3001 763 3060 Verbo
805 3004 1045 3063 Veteris
1076 3007 1448 3067 Testamenti
1485 3007 1832 3085 intelligitur
1868 3026 1977 3084 per
2025 3006 2182 3066 diem
2217 3006 2561 3084 indignatio-

464 3106 588 3170 niS,
632 3105 818 3186 irae„
848 3105 1420 3183 excandescentiae,
1494 3110 1789 3169 vindictae
1850 3109 2156 3189 Jehovae,
2215 3124 2286 3166 ac
2323 3127 2432 3185 per
2466 3122 2560 3164 an-

463 3221 604 3262 num
641 3204 1126 3280 retributionum3
1184 3208 1257 3266 de
1301 3208 1417 3268 hoe
1466 3210 1708 3269 Judicio
1745 3210 2020 3269 videatur
2055 3210 2115 3265 in
2155 3206 2463 3284 Opusculo
2502 3204 2561 3261 de

466 3304 710 3365 Ummo
761 3304 1015 3365 Jumcm-
1058 3326 1125 3364 n:
1170 3312 1299 3367 46:
1358 3311 1516 3385 quod
1562 3311 1636 3368 de
1675 3310 1936 3368 adventu
1966 3308 2220 3382 Domini,
2263 3326 2333 3368 ae
2363 3310 2435 3367 de
2460 3307 2560 3366 Ju-

467 3405 619 3464 dicio
656 3411 798 3464 tune
833 3409 892 3464 in
928 3424 999 3466 eo
1032 3407 1240 3485 Capite
1279 3417 1521 3486 agatur,
1557 3417 1728 3486 patet
1764 3412 1838 3469 ab
1875 3411 1968 3468 his
2004 3409 2203 3468 verbis
2232 3409 2317 3468 ibi
2358 3407 2561 3484 „Tunc

463 3505 666 3568 veniet
700 3505 987 3568 Jehovah
1032 3508 1221 3570 Deus
1271 3529 1478 3586 meus,
1534 3529 1745 3571 omnes
1781 3508 2006 3571 Sancti
2046 3506 2309 3586 Tecum,
2367 3516 2425 3570 et
2461 3501 2561 3567 erit

465 3608 538 3669 in
578 3608 686 3669 die
730 3605 846 3669 z‘llo
892 3628 1016 3669 non
1066 3608 1212 3688 lux,
1271 3608 1567 3690 splendor
1616 3617 1674 3671 et
1723 3609 2118 3680 comtseati0;
2184 3616 2246 3669 et
2279 3611 2402 3671 erit
2446 3606 2561 3668 dies

455 3729 635 3773 ,unus
676 3709 789 3788 qui
826 3715 1013 3770 notus
1048 3712 1171 3774 erit
1207 3711 1516 3782 Jehovae,
1540 3702 1678 3771 ‘non
1715 3710 1853 3771 die-s·
1883 3729 1992 3770 nee
2028 3729 2187 3793 now,
2227 3711 2384 3789 quia
2417 3709 2564 3769 circa

469 3817 716 3890 tempu-s·
760 3827 1050 3888 vesperae
1084 3812 1205 3872 erit
1241 3811 1407 3872 luoe“
1447 3812 1633 3872 Vers:
1681 3814 1740 3882 5,
1784 3815 1841 3870 6.
1891 3816 1959 3886 73
2014 3820 2252 3887 tempus
2293 3820 2563 3888 vesperae

470 3917 567 3970 est
613 3911 885 3970 ultimum
926 3919 1162 3987 tempus
1213 3912 1551 3984 Ecclesiae,
1616 3912 1852 3988 quando
1900 3911 2230 3985 Judicium,
2287 3919 2426 3971 tune
2469 3923 2561 3966 ve·

466 4027 649 4087 spera
688 4017 781 4069 est
819 4010 991 4069 malis
1030 4010 1138 4069 sed
1172 4011 1275 4069 lux
1325 4011 1531 4072 bonis:
1589 4012 1726 4071 dum
1778 4013 1929 4072 haec
1986 4014 2245 4089 primum
2297 4014 2561 4074 sciuntur,

464 4115 634 4183 patet
670 4109 805 4169 dein
840 4127 952 4186 per
988 4127 1232 4169 sensum
1281 4113 1685 4189 spiritualem,
1750 4113 1893 4190 quid
1945 4112 2183 4188 singula
2226 4111 2311 4171 ibi
2353 4106 2559 4187 signifi-

467 4210 632 4278 cant,
689 4224 935 4282 nempe,
994 4227 1104 4285 per
1143 4209 1421 4271 Jehovah
1459 4214 1643 4272 exibit
1684 4221 1744 4273 et
1778 4213 2074 4290 pugnabit
2112 4219 2317 4273 eontra
2351 4216 2558 4289 genteS,
