2791 4778
365 373 600 428 CAPUT
657 373 970 430 SEXTUM.
1716 375 1921 430 VERS:
1971 385 2060 437 16.
2218 387 2324 439 491

218 551 320 609 per
356 537 511 591 iram
536 532 768 608 IpsiuS,
810 539 869 591 et
906 531 1068 607 quod
1105 539 1316 609 petrae
1350 521 1938 593 >evertenturcoram
1974 533 2133 609 IpSO,
2172 537 2326 610 ignis

219 636 370 692 enim
409 633 710 709 significat
746 633 904 691 mala
941 650 1204 691 amorum
1256 636 1352 692 sui
1394 640 1456 691 et
1490 634 1727 708 mundi,
1784 652 1856 694 ac
1891 641 2100 710 petrae
2137 638 2324 711 signi-

214 733 388 792 ficant
439 734 593 794 salsa
645 734 817 802 inde,
881 750 950 790 ac
1001 737 1190 792 everti
1236 734 1532 809 significat
1590 737 1816 810 perire3
1874 737 2052 794 etiam
2099 743 2324 811 petrae,

215 850 393 911 super
450 834 663 908 quibus
710 841 845 892 sunt
894 833 980 890 illi
1027 836 1126 907 qui
1160 837 1221 892 in
1257 834 1739 911 principiisfalsi
1776 841 1836 893 et
1869 835 2005 892 inde
2041 838 2099 892 in
2139 839 2326 893 omnis

215 936 452 1012 generis
497 934 664 992 falsis
700 941 868 1007 sunt,
927 934 1003 990 ad
1040 936 1232 992 visum
1271 941 1617 994 evertuntur
1663 927 1850 994 et'sic
1885 935 1972 992 illi
2008 938 2110 1011 qui
2146 952 2327 1011 super

211 1038 286 1095 iis·
332 1035 694 1112 dejiciuntur
740 1038 799 1092 in
856 1035 1175 1108 infernum,
1232 1035 1340 1093 sed
1394 1035 1510 1095 hoc
1559 1035 1623 1094 fit
1668 1039 1727 1094 in
1773 1035 1993 1094 Mundo
2030 1035 2327 1111 spirituali

211 1137 312 1195 ubi
351 1152 566 1194 omnes
603 1135 872 1193 habitant
899 1135 1226 1193 secundum
1255 1136 1432 1211 quale
1469 1138 1810 1194 interiorum
1838 1153 2081 1194 suorum
2110 1136 2324 1211 quibus

212 1243 465 1295 externa
499 1234 982 1311 correspondent.
1072 1236 1255 1312 Apud
1302 1236 1544 1311 Esajam
1612 1235 1800 1310 „Qui
1843 1233 2214 1295 incaluistis
2259 1236 2328 1296 in

209 1335 340 1396 dii-s
379 1336 497 1395 sub
529 1335 699 1396 omni
734 1335 950 1395 arbore
983 1335 1218 1410 viridi,
1273 1335 1383 1414 qui
1416 1337 1717 1396 mactatis
1763 1342 1950 1396 natos
1984 1336 2061 1403 ,in
2092 1335 2326 1413 fluviis

210 1438 321 1497 sub
378 1433 665 1515 scopulis
702 1438 1085 1515 petrarum“
1136 1436 1339 1494 LVII:
1400 1439 1469 1511 53
1538 1436 1674 1511 quid
1712 1438 1789 1494 sit
1841 1436 2207 1495 incalescere
2264 1439 2325 1495 in

213 1537 324 1595 diis
367 1536 484 1595 sub
521 1540 679 1596 omni
716 1536 927 1595 arbore
972 1537 1177 1608 viridi,
1237 1543 1296 1595 et
1343 1544 1603 1596 mactare
1649 1543 1819 1598 natos
1857 1538 1915 1593 in
1971 1536 2163 1594 fluviis
2211 1536 2323 1595 sub

208 1636 478 1712 scopulis
514 1645 852 1712 petrarum,
917 1654 1091 1695 nemo
1140 1640 1254 1694 scit
1308 1639 1421 1695 nisi
1477 1656 1550 1696 ex
1595 1654 1773 1695 sensu
1830 1640 2092 1706 interno,
2142 1640 2203 1695 in
2253 1654 2323 1696 eo

209 1754 391 1795 sensu
432 1754 541 1812 per
577 1738 941 1795 incalescere
993 1739 1048 1794 in
1097 1737 1209 1796 diis
1260 1738 1371 1796 sub
1411 1740 1568 1795 omni
1621 1738 1832 1795 arbore
1883 1738 2055 1796 viridi
2095 1736 2320 1813 signifi-

211 1844 379 1895 catur
421 1837 618 1896 colere
656 1838 853 1897 Deum
902 1855 974 1895 ex
1025 1841 1181 1895 omni
1228 1839 1382 1897 falso
1415 1839 1598 1913 quod
1634 1838 1906 1908 obvenit,
1949 1836 2321 1897 incalescere

209 1939 267 1994 in
310 1938 422 1996 diis
464 1946 556 1995 est
605 1938 820 1996 ardens
868 1938 1096 2009 cultus,
1155 1942 1342 1997 omnis
1394 1939 1570 1997 arbor
1618 1939 1820 1996 viridis
1869 1945 1960 1996 est
1997 1955 2168 1995 omne
2203 1938 2320 1996 fal-

212 2054 342 2094 sum
381 2038 534 2113 quod
573 2038 845 2112 obvenit,
917 2038 1090 2100 arbor
1135 2040 1290 2095 enim
1330 2038 1623 2111 significat
1679 2040 2043 2112 cognitiones
2083 2045 2141 2094 et
2174 2056 2318 2113 per-
2378 2051 2385 2058 ·

214 2140 548 2214 ceptioneS‚
603 2138 700 2197 hic
739 2141 1107 2216 cognitiones
1158 2145 1216 2195 et
1267 2139 1689 2213 perceptiones
1726 2137 1892 2209 falsi3
1951 2144 2009 2194 et
2044 2154 2154 2211 per
2189 2154 2319 2193 ma-

214 2243 377 2294 ctare
412 2245 582 2296 natos
625 2242 684 2296 in
731 2240 927 2296 fluviis
966 2238 1077 2296 sub
1113 2237 1377 2313 scopulis
1415 2243 1722 2312 petrarum
1740 2259 1773 2307 ‚·
1812 2236 2173 2313 significatur
2210 2254 2319 2293 ex-

217 2337 518 2410 stinguere
567 2357 707 2399 vera
751 2357 862 2416 per
909 2339 1062 2397 falsa
1116 2356 1187 2398 ex
1236 2327 1483 2416 propria
1531 2337 1951 2414 intelligentia,
2012 2339 2135 2395 nati
2184 2344 2325 2395 sunt

220 2451 394 2510 vera,
441 2437 596 2497 fluvii
633 2448 771 2499 sunt
807 2442 1051 2517 propria
1086 2440 1508 2515 intelligentia,
1574 2438 1804 2514 scopuli
1840 2445 2143 2514 petrarum
2183 2444 2322 2494 sunt

216 2534 384 2606 salsa,
408 2538 528 2596 -sub
565 2541 828 2615 scopulis
865 2540 1099 2609 illarum
1129 2539 1423 2616 significat
1460 2558 1533 2598 ex
1571 2539 1834 2597 sensuali
1869 2541 1928 2596 in
1966 2555 2082 2612 quo
2120 2538 2320 2595 lumen

214 2635 477 2696 ultimum
529 2640 800 2699 naturale
867 2647 985 2714 est,
1068 2643 1167 2716 qui
1221 2642 1375 2698 enim
1430 2641 1490 2697 in
1537 2640 1650 2699 hoc
1702 2639 1830 2697 solo
1880 2638 2102 2695 lumine
2160 2645 2315 2710 sunt,
2361 2645 2522 2704 [668]

213 2742 371 2796 stant
405 2739 518 2797 sub
566 2740 839 2816 abruptis
874 2742 1094 2816 petris,
1153 2747 1212 2799 et
1260 2757 1379 2798 non
1416 2740 1657 2817 aliquod
1705 2757 1912 2797 verum
1961 2738 2198 2805 vident,
2251 2754 2321 2795 ac

208 2839 514 2897 sindicitur
550 2858 667 2898 non
714 2843 1054 2916 percipiunt
1068 2862 1083 2916 3
1138 2842 1196 2898 in
1233 2840 1339 2898 tali
1373 2844 1629 2898 statione
1679 2840 1764 2898 illi
1801 2840 1975 2897 ctiam
2016 2838 2157 2896 mihi
2207 2839 2322 2896 visi

206 2945 344 2997 sunt
380 2942 439 2997 in
473 2940 695 3000 Mundo
733 2941 1060 3017 spirituali,
1100 2941 1237 2999 inde
1279 2946 1463 3017 patet,
1507 2941 1665 3015 quod
1698 2957 1807 3015 per
1848 2945 2110 2998 mactare
2147 2945 2318 2996 natos

201 3055 316 3096 non
357 3041 725 3116 intelligatur
760 3042 894 3099 illos
932 3049 1225 3115 mactare,
1284 3042 1392 3100 sed
1435 3059 1577 3100 vera
1614 3042 2011 3115 exstinguere.
2104 3039 2323 3099 Simili-

203 3144 292 3197 ter
345 3141 506 3214 apud
561 3142 857 3201 Davidem
916 3141 1217 3215 „Beatus
1263 3140 1374 3221 qui
1425 3140 1842 3220 apprehendet
1897 3147 1955 3200 et
2002 3139 2324 3219 disperyet

200 3238 490 3319 infantes·
529 3246 672 3300 tuos
726 3241 816 3301 ad
839 3247 1096 3319 petram
1119 3237 1156 3276 “'
1210 3243 1444 3301 Psalm:
1501 3241 1890 3300 CXXXVII:
1948 3244 1982 3298 9
2003 3261 2018 3315 3
2072 3259 2184 3316 per
2226 3243 2320 3296 in·-

198 3338 403 3398 fantes
464 3341 560 3398 hic
622 3361 732 3406 nec
786 3342 1195 3418 intelliguntur
1255 3343 1546 3409 infanteS‚
1627 3342 1735 3399 sed
1784 3342 1939 3399 falsa
1992 3343 2319 3413 nascentia,

200 3442 405 3517 agitur
443 3444 595 3498 enim
636 3443 707 3500 de
745 3442 1003 3511 Babele,
1041 3461 1151 3517 per
1186 3459 1365 3517 quam
1400 3441 1809 3516 significantur
1844 3440 1997 3497 falsa
2033 3439 2184 3496 malit
2209 3439 2318 3496 de-

196 3543 499 3599 struentia
541 3560 685 3601 vera
733 3543 870 3601 boni
914 3542 1253 3607 Ecclesiae;
1318 3541 1640 3598 destructio
1675 3538 1910 3596 illorum
1954 3537 2324 3614 :significatur¹

192 3658 310 3715 per
348 3640 696 3716 dispergere
734 3644 868 3700 illos
907 3642 983 3698 ad
1010 3650 1262 3716 petram,
1300 3648 1473 3717 petra
1503 3645 1595 3698 est
1621 3638 1834 3695 falsum
1867 3638 2005 3695 mali
2042 3654 2320 3713 regnans,

195 3748 253 3798 et
298 3740 650 3816 dispergere
689 3749 783 3801 est
819 3742 1158 3800 destruere:
1218 3743 1315 3816 qui
1353 3741 1546 3799 solum
1574 3742 1636 3798 in
1671 3750 1851 3797 sensu
1888 3739 2096 3797 literae
2134 3737 2320 3794 Verbi
2410 3811 2416 3817 ι

191 3846 434 3908 manet,
490 3847 550 3898 et
594 3859 722 3900 rnon
772 3843 1023 3901 ulterius
1076 3844 1326 3917 cogitat,
1382 3841 1558 3900 facile
1597 3847 1798 3916 potest
1832 3839 2028 3898 induci
2068 3837 2143 3895 ad
2179 3853 2313 3894 cre-

194 3939 492 4010 dendum,
529 3942 686 4017 quod
719 3943 933 4002 beatus
972 3943 1201 4000 dicatur
1231 3944 1331 4017 qui
1365 3943 1486 4001 tale
1525 3959 1656 4000 cum
1695 3939 2016 3998 infantibus
2052 3938 2314 3997 hostium

194 4056 444 4098 suorum
492 4041 664 4116 facit,
721 4060 853 4102 cum
904 4048 1100 4100 tamen
1146 4043 1206 4101 id
1254 4058 1493 4100 enorme
1540 4043 1770 4100 facinus
1810 4046 1903 4098 est
1918 4060 1934 4115 ;
1991 4046 2052 4096 at
2098 4038 2314 4096 beatus

194 4139 412 4198 dicitur
462 4143 561 4217 qui
610 4142 899 4219 dispergit
944 4135 1098 4200 falsa
1146 4142 1287 4201 mali
1333 4145 1644 4200 nascentia
1691 4145 1750 4200 in
1800 4139 2106 4211 Ecclesia,
2161 4154 2317 4214 quae

194 4239 353 4297 falsa
386 4257 497 4316 per
531 4243 789 4303 infantes
826 4240 1069 4301 Babelis
1105 4243 1200 4303 hic
1246 4241 1670 4319 significantur.
1755 4240 1936 4318 Apud
1985 4240 2312 4301 Jeremiam
