2791 4778
401 395 624 452 CAPUT
664 394 974 453 SEXTUM.
1776 394 1958 452 VERS
1976 416 1988 449 ε
2033 407 2085 459 9.
2243 410 2349 462 337

261 560 526 618 Dominus
579 563 673 616 est
744 557 805 614 in
862 572 1008 614 vero
1061 572 1136 613 ex
1186 555 1289 613 illo
1340 555 1529 630 bone,
1582 574 1719 615 nam
1781 556 2073 617 Dominus
2135 559 2353 619 dicitur

258 661 411 719 Deus
447 676 514 717 ex
552 638 773 716 Diuino
812 655 1010 725 Ver0‚
1063 672 1134 713 ac
1176 655 1459 715 Jehovah
1512 674 1586 715 ex
1620 657 1840 717 Divino
1877 658 2065 717 Bono.
2131 659 2202 718 In
2230 660 2350 718 Ec-

262 761 431 820 clesia
477 758 738 818 Judaica
773 762 943 815 erant
978 756 1095 815 duo
1132 774 1287 832 quae
1324 759 1384 814 in
1413 774 1695 833 supremo
1731 775 1912 825 sensu
1942 760 2357 837 significabant

257 861 520 922 Divinum
554 859 892 916 Humanum
930 857 1166 933 Ιρείυε,
1220 875 1436 933 nempe
1483 857 1689 916 Altare
1729 867 1790 918 et
1827 859 2177 937 Templum,
2240 857 2352 920 Al-

256 969 365 1020 tare
410 961 698 1019 Divinum
744 959 1084 1016 Humanum
1135 957 1334 1034 quoad
1380 957 1662 1017 Divinum
1711 960 1973 1034 Bonum,
2034 962 2355 1038 Templum

254 1061 438 1139 quoad
481 1061 765 1118 Divinum
818 1057 1045 1116 Verum
1093 1059 1427 1134 procedens
1487 1077 1559 1118 ex
1619 1060 1721 1119 illo
1772 1061 1968 1136 Bon03
2026 1062 2184 1138 quod
2235 1063 2354 1121 duo

252 1163 341 1221 illa
374 1160 843 1238 significaverint
877 1158 1198 1217 Dominum
1228 1158 1428 1236 quoad
1452 1160 1735 1220 Divinum
1762 1161 2104 1220 Humanum
2130 1162 2352 1240 IpsiuS‚

253 1270 367 1322 era't
400 1278 619 1333 causa,
687 1262 827 1335 quia
875 1262 1071 1317 omnia
1119 1260 1332 1319 Cultus
1381 1262 1440 1318 in
1476 1260 1582 1320 illa
1615 1262 1891 1321 Ecclesia
1926 1270 2347 1339 repraesenta-

251 1364 378 1422 bant
429 1362 655 1420 Divina
707 1378 860 1436 quae
914 1361 1247 1436 procedunt
1294 1379 1331 1419 a
1376 1361 1659 1436 Domino,
1734 1381 1888 1438 quae
1940 1362 2230 1423 coelestia
2292 1372 2354 1424 et

249 1462 572 1542 spiritualia
605 1467 924 1530 vocantur,
981 1468 1043 1519 et
1077 1464 1210 1537 ipse
1251 1461 1447 1521 cultus
1491 1463 1901 1539 principaliter
1942 1465 2351 1540 peragebatur

248 1582 420 1641 super
459 1562 660 1621 Alteri
708 1569 767 1620 et
801 1563 862 1619 in
907 1562 1190 1638 Temple,
1244 1580 1431 1637 quare
1473 1579 1584 1639 per
1623 1564 1727 1622 illa
1772 1564 1886 1623 duo
1925 1571 2350 1640 repraesenta-2

247 1666 412 1725 batur
445 1663 592 1739 Ipse
629 1663 953 1721 Dominus:
1003 1663 1173 1738 quod
1221 1662 1542 1741 Templum
1590 1668 2134 1741 repraesentaverit
2178 1666 2353 1724 Divi-

249 1785 376 1825 num
413 1764 758 1824 Humanum
797 1762 1034 1838 Ipsius,
1091 1766 1317 1841 apertis
1368 1765 1565 1824 verbis
1609 1766 1752 1843 Ipse
1802 1766 1976 1825 docet
2023 1765 2189 1842 apud
2234 1765 2350 1825 Jo-

247 1867 491 1926 hannem
558 1862 850 1938 „Judaez‘
914 1862 1249 1938 dimerwu,
1329 1865 1648 1944 quodnam
1708 1866 1772 1927 si
1770 1886 1969 1946 quum
2029 1873 2354 1928 monstra-3

245 1966 400 2047 quod
435 1964 591 2025 haec
614 1962 874 2044 facias,
926 1964 1256 2043 respoudit
1303 1965 1500 2027 Jesue
1543 1950 1849 2041 et'dz'aeit,
1906 1965 2130 2028 solvite
2162 1966 2353 2029 Tem-

237 2065 415 2147 plum
453 2065 598 2140 hoe,
655 2066 727 2125 in
762 2064 978 2125 tribue
1008 2071 1218 2126 tamen
1260 2052 1480 2127 diebus
1531 2067 1935 2128 exsuscitabo
1985 2066 2186 2144 illud,
2241 2067 2356 2130 sed

244 2167 387 2248 Ipse
427 2165 793 2245 loquebatur
836 2163 913 2224 de
967 2163 1225 2245 Templo
1277 2166 1560 2245 corporis
1609 2166 1760 2226 sui“
1823 2167 1914 2225 II:
1963 2171 2050 2226 18,
2102 2169 2178 2227 ad
2224 2171 2352 2228 23:

246 2277 359 2328 tum
411 2267 654 2329 Matthz.
693 2264 940 2325 XXVI:
1004 2270 1125 2338 61,
1192 2273 1251 2325 et
1302 2267 1473 2326 alibi:
1543 2267 1703 2342 quod
1767 2268 2059 2326 Dominus
2116 2268 2352 2344 dlxerit‚

246 2387 377 2429 eum
410 2367 687 2445 discipuli
721 2368 1131 2431 monstrabant
1166 2368 1294 2445 Ipsi
1321 2374 1654 2428 structuras
1684 2367 1939 2443 Templi,
1980 2366 2197 2448 „quod
2229 2386 2356 2429 non

249 2467 626 2546 relinquetur
659 2466 834 2547 lapis
873 2487 1064 2549 super
1101 2465 1317 2548 lapide
1354 2468 1470 2549 qui
1505 2487 1629 2529 uon
1668 2465 2099 2529 dissolvet-affl
2137 2469 2351 2528 Matth:

251 2569 495 2629 XXIV:
540 2572 595 2628 2.
637 2571 711 2640 3,
768 2570 1141 2646 significabat
1195 2571 1355 2645 quod
1401 2570 1695 2629 Dominus
1739 2586 1986 2646 prorsus
2034 2575 2355 2647 negaretur

248 2670 405 2747 apud
452 2669 614 2743 illos;
663 2688 847 2746 quare
906 2673 1087 2729 etiam
1143 2670 1464 2747 Templum
1514 2671 1776 2730 funditus
1825 2671 2192 2730 destructum
2241 2675 2352 2730 est.

247 2770 413 2846 Quod
452 2772 633 2829 etiam
671 2770 881 2829 Altare
928 2770 1356 2847 significaverit
1388 2772 1670 2830 Divinum
1719 2772 2059 2830 Humanum
2095 2770 2358 2845 Domini,

204 2949 210 2955 .
245 2871 519 2930 concludi
553 2878 760 2947 potest
794 2888 829 2928 a
855 2872 1099 2931 Domini
1128 2871 1326 2932 verbis
1357 2872 1518 2948 apud
1552 2872 1918 2932 Matthaeum
1957 2916 1996 2947 „
2020 2870 2150 2934 Vae
2183 2870 2359 2933 vobis

244 2970 426 3033 duces
463 2970 666 3046 caeci,
720 2971 875 3050 quia
914 2970 1169 3047 dicitis,
1239 2972 1587 3051 quicunque
1624 2961 1950 3054 juraverit
1990 2991 2112 3052 per
2167 2972 2355 3034 Tem-

231 3068 446 3151 plum,
485 3069 657 3131 nihil
682 3076 804 3144 est,
853 3071 1200 3151 quicunque
1234 3091 1376 3132 vero
1400 3072 1867 3154 juraveriffiper
1891 3093 2123 3136 aurum
2164 3072 2355 3135 Tem-

233 3170 361 3252 pli,
411 3191 566 3235 reus
601 3177 697 3232 est
716 3217 730 3244 ‚
780 3169 969 3233 stulti
1005 3176 1066 3232 et
1095 3172 1292 3246 caeci,
1335 3178 1558 3233 utrum
1594 3172 1806 3255 majus
1845 3179 1940 3235 est
1976 3194 2230 3252 aurum,
2271 3191 2359 3235 au

246 3270 581 3354 Templum
627 3272 796 3352 quod
839 3272 1201 3355 sanctificat
1250 3292 1500 3334 aurum.
1588 3272 1755 3335 Tum
1792 3275 2138 3354 quicunque
2155 3274 2354 3357 jura-

240 3374 400 3435 verit
436 3393 562 3455 per
611 3371 844 3435 Altare
857 3418 874 3448 ,
930 3372 1100 3434 nihil
1150 3378 1272 3449 est,
1324 3374 1671 3454 quicunque
1708 3393 1848 3434 vero
1884 3374 2210 3457 juraverit
2245 3392 2361 3452 per

241 3472 478 3535 donum
523 3473 696 3554 quod
746 3493 935 3553 super
975 3470 1122 3550 illo,
1152 3487 1157 3492 ·
1183 3493 1331 3535 reus
1378 3480 1513 3546 θεὴ·
1568 3471 1758 3534 stulti
1802 3478 1863 3532 et
1911 3474 2094 3547 caeci,
2141 3479 2361 3533 utrum

238 3574 453 3656 majus
502 3579 599 3635 est
657 3573 893 3635 donum
932 3592 1123 3654 quam
1159 3572 1389 3635 Altare
1406 3619 1423 3650 ,
1491 3572 1660 3653 quod
1693 3572 1902 3633 saneti
1891 3573 2051 3653 ficat
2086 3567 2320 3631 donum
2330 3591 2363 3643 ,-

238 3674 351 3751 qui
392 3676 561 3735 em'm
594 3675 789 3757 jurat
828 3694 948 3754 per
996 3671 1255 3750 Altam,
1306 3674 1502 3757 jurat
1527 3691 1647 3753 per
1697 3669 1869 3733 illud
1913 3677 1973 3732 et
2011 3690 2132 3751 per
2183 3689 2362 3732 omne

237 3773 312 3834 id
347 3774 519 3854 quod
553 3794 744 3854 super
788 3772 904 3835 illo
937 3783 1075 3847 σθω
1128 3780 1188 3835 et
1227 3775 1340 3854 qui
1364 3774 1559 3856 jurat
1595 3793 1712 3853 per
1764 3768 2132 3851 Templum,
2168 3770 2362 3855 jwrat

228 3893 351 3952 per
393 3872 597 3949 illud,
667 3881 727 3934 et
756 3895 877 3955 per
926 3874 1108 3936 Eum
1158 3875 1269 3955 qui
1307 3873 1554 3935 habitat
1606 3873 1676 3936 in
1721 3870 1874 3935 illo.-
1931 3879 1990 3933 et
2029 3872 2142 3953 qui
2169 3872 2364 3956 jurat
2410 3871 2417 3882 '

226 3993 351 4053 per
409 3973 663 4036 C'oelum
673 4019 691 4051 ,
755 3975 949 4057 jurat
996 3994 1111 4054 per
1174 3974 1470 4037 thronum
1520 3973 1688 4051 Dei,
1758 3981 1818 4035 et
1858 3992 1978 4054 per
2029 3973 2208 4034 Eum
2251 3973 2366 4053 qui

237 4073 417 4134 sedet
446 4095 638 4155 super
677 4073 839 4136 illm
891 4076 1139 4136 XXIII:
1187 4080 1215 4134 1
1238 4079 1271 4135 6
1304 4076 1382 4134 ad
1416 4079 1538 4151 223
1595 4075 1810 4135 dicitur
1846 4073 2005 4151 quod
2041 4075 2365 4151 Templum

236 4176 573 4235 sanctificet
610 4195 821 4235 aurum
858 4176 1018 4254 quod
1064 4179 1125 4235 in
1177 4195 1247 4236 eo
1296 4182 1414 4250 est,
1481 4182 1542 4236 et
1585 4176 1746 4252 quod
1781 4176 1988 4236 Altare
2025 4175 2367 4237 sanctificet

238 4274 460 4334 donum
495 4277 657 4354 quod
693 4283 888 4354 super*
918 4294 1019 4352 eo;
1078 4283 1138 4336 et
1172 4280 1259 4336 sic
1297 4276 1458 4353 quod
1497 4277 1812 4353 Templum
1863 4286 1924 4335 et
1959 4276 2170 4337 Altare
2224 4278 2362 4335 fue-

346 4391 770 4445 Swodenborg‚
803 4393 994 4446 Apoeal.
1026 4393 1138 4445 expl.
1172 4393 1231 4430 11.
1944 4377 2030 4432 22
