2791 4778
520 399 629 450 510
958 386 1451 474 ApocAnpsre
1495 386 1928 442 EmecATA.
2000 384 2043 452 ς.
2080 393 2198 446 412.

513 550 653 609 ficat
702 547 805 606 illa
856 545 1083 624 absque
1130 547 1323 618 bono,
1376 547 1480 606 ubi
1530 550 1686 606 enim
1730 564 1855 605 non
1906 545 2119 604 bonum
2150 543 2232 601 ibi
2273 558 2466 601 verum
2497 549 2579 601 est

519 651 754 722 durum,
810 665 946 705 nam
995 665 1200 706 verum
1255 666 1329 707 ex
1376 648 1534 709 bono
1583 648 1761 707 molle
1820 653 1942 721 est,
2008 648 2142 722 quia
2187 646 2399 715 vivum,
2450 648 2500 699 et
2528 642 2579 699 id

516 768 725 808 verum
778 765 970 824 usque
1027 755 1120 807 est
1165 749 1384 808 falsum
1445 752 1505 807 in
1559 747 1947 808 interioribus
1995 762 2100 805 seu
2158 746 2217 801 in
2264 745 2575 818 cogitatione
2663 781 2664 792 η

521 869 757 924 eorum,
813 853 1087 925 quoniam
1140 849 1213 908 de
1257 850 1360 908 illo
1399 867 1518 908 non
1554 852 1817 926 cogitant
1862 845 2245 925 spiritualiter
2289 842 2383 901 sed
2414 848 2574 902 mate·-
2663 837 2664 840 ’

520 952 774 1024 daliter,
828 952 969 1025 quia
1017 968 1091 1007 ex
1142 953 1446 1027 corporeis
1502 925 1919 1010 et⁴1nundanis
1972 956 2031 1007 et
2081 945 2212 1004 inde
2245 962 2309 1002 ex
2349 942 2565 1001 fallaciis

521 1068 821 1112 sensuum.
911 1050 1092 1127 Apud
1137 1050 1517 1110 Ezechielem
1574 1048 1794 1125 „Filii
1844 1047 2003 1109 duri
2047 1044 2340 1127 faciebus,
2386 1046 2436 1099 et
2479 1041 2570 1100 ob·

510 1151 769 1234 firmati
820 1149 1048 1211 corde“
1086 1152 1176 1210 II:
1224 1155 1298 1227 43
1354 1170 1465 1229 per
1507 1152 1662 1211 filios
1699 1152 1885 1211 duros
1922 1148 2188 1208 faciebus
2227 1143 2571 1219 significantur
2663 1215 2664 1228 χ

521 1253 611 1312 illi
647 1254 750 1329 qui
783 1253 844 1309 in
878 1253 1037 1311 veris
1078 1253 1304 1328 absque
1345 1253 1501 1312 bono
1538 1258 1706 1327 sunt,
1766 1260 1829 1313 et
1875 1251 2172 1309 abstracte
2219 1261 2350 1303 vera
2384 1241 2571 1316 absque

524 1354 713 1427 bono,
772 1370 926 1428 quae
975 1354 1034 1410 in
1082 1371 1148 1412 se
1198 1354 1353 1412 ialsa
1407 1360 1575 1430 sunt,
1639 1359 1705 1410 ut
1751 1331 1947 1431 supra
1997 1351 2210 1409 dictum
2254 1350 2357 1418 est3
2408 1346 2458 1399 et
2485 1355 2571 1415 per

528 1454 872 1513 obfirmatos
923 1453 1102 1512 corde
1139 1454 1549 1531 significantur
1594 1453 1681 1511 illi
1727 1457 1834 1530 qui
1879 1471 2000 1512 non
2048 1449 2339 1507 admittunt
2376 1442 2571 1508 bonum,

528 1553 784 1631 proinde
824 1555 923 1630 qui
959 1557 1017 1611 in
1060 1556 1217 1614 malo
1261 1562 1429 1630 sunt,
1483 1572 1618 1613 nam
1655 1555 1883 1614 malum
1920 1556 2101 1612 intrat
2135 1548 2231 1607 ubi
2261 1545 2454 1603 bonum
2479 1554 2571 1596 non

520 1660 748 1731 potest,
805 1672 907 1712 cor
944 1657 1123 1714 etiam
1159 1658 1217 1712 in
1253 1655 1458 1714 Verbo
1510 1655 1805 1732 significat
1844 1656 2068 1714 bonum
2103 1648 2333 1716 amoris»,
2389 1658 2448 1700 ac
2490 1653 2567 1697 eor

523 1755 903 1813 obfirmatum
938 1755 1232 1831 significat
1279 1747 1471 1814 simile
1522 1756 1682 1831 quod
1734 1773 1844 1815 cor
1897 1753 2220 1832 lapideum,
2270 1758 2458 1819 nempe
2492 1736 2570 1795 ubi

521 1873 639 1914 non
680 1855 1006 1913 admittitur
1039 1855 1258 1913 bonum
1295 1858 1543 1925 amoris,
1598 1864 1659 1914 at
1698 1875 1801 1916 cor
1840 1872 2125 1919 carneum
2160 1848 2257 1909 ubi
2287 1842 2563 1904 admittitur.

518 1947 699 2032 Apud
745 1956 987 2032 Esajam
1047 1954 1360 2035 „Linyua
1400 1975 1613 2030 eorum
1649 1966 1709 2019 et
1752 1976 1949 2037 opera
1997 1963 2207 2015 eorum
2246 1950 2437 2007 contra
2474 1932 2562 1996 Je-

518 2055 769 2131 howm,
827 2055 916 2116 ad
955 2053 1384 2117 rebellandum
1430 2055 1633 2117 oculis
1674 2056 1931 2138 yloriae
1974 2053 2224 2136 Ipsius,
2275 2034 2563 2126 obfirmatio

503 2153 828 2237 facierum
854 2157 1186 2236 respondet
1223 2164 1442 2222 contra
1464 2161 1627 2217 -e03“
1666 2160 1790 2219 111:
1836 2149 1962 2248 [8.]
1986 2160 2082 2230 ·93
2137 2168 2241 2230 per
2265 2149 2492 2220 linguam
2519 2137 2564 2192 et

518 2276 628 2334 per
656 2276 842 2334 opera
877 2276 1080 2316 eorum
1121 2276 1274 2335 quae
1313 2268 1520 2317 contra
1566 2260 1901 2332 Jehovam,
1962 2254 2315 2335 significatur
2344 2234 2565 2316 cogitatio

523 2365 582 2418 et
618 2358 882 2433 affectio,
939 2376 1049 2435 per
1083 2360 1345 2436 linguam
1395 2363 1675 2437 cogitatio
1715 2363 1854 2438 quia
1888 2361 2101 2437 lingua
2146 2347 2414 2427 eloquitur
2443 2329 2565 2414 q¹¹⁰d

515 2460 693 2519 homo
750 2462 1004 2536 cogitat,
1076 2468 1134 2518 et
1185 2478 1296 2535 per
1346 2462 1818 2538 operaraffeetio
1874 2466 2024 2539 quia
2068 2459 2236 2517 homo
2278 2447 2402 2506 facit
2442 2429 2564 2513 quod

518 2568 612 2619 est
654 2560 982 2620 affectionis
1022 2562 1181 2638 ejus;
1238 2561 1389 2621 haec
1440 2570 1646 2620 contra
1682 2562 1986 2622 Jehovam
2024 2564 2189 2622 sunt,
2239 2555 2292 2608 et
2327 2536 2566 2603 rebellant

517 2662 706 2720 oculis
748 2662 975 2739 gloriae
1021 2662 1248 2738 Ipsius,
1291 2662 1527 2737 quando
1566 2670 1774 2721 contra
1798 2663 2085 2722 Divinum
2125 2657 2335 2714 Bonum
2369 2648 2421 2700 et
2448 2649 2559 2692 con-

515 2771 612 2820 tra
652 2762 933 2822 Divinum
986 2764 1210 2822 Verum
1254 2769 1421 2836 sunt,
1490 2781 1601 2838 per
1641 2763 1941 2822 Jehovam
1997 2763 2145 2821 enim
2181 2758 2237 2814 in
2283 2741 2456 2805 Verbo
2490 2736 2559 2843 ili·

516 2861 806 2937 telligitur
854 2864 1148 2922 Dominus
1189 2863 1386 2940 quoad
1433 2863 1715 2921 Divinum
1763 2864 2002 2923 Bonum
2039 2853 2352 2939 procedens
2384 2857 2445 2899 ex
2472 2833 2556 2891 Dl·

514 2964 651 3019 vino
701 2962 924 3018 Amore
962 2963 1162 3037 Ipsius
1175 3007 1190 3037 ,
1233 2972 1292 3023 et
1318 2983 1430 3040 per
1465 2964 1709 3040 gloriam
1738 2964 1944 3041 Ipsius
1981 2956 2314 3034 intelligitur
2336 2939 2557 3004 Divinum

515 3046 779 3130 Ver'um,
817 3069 1029 3137 contra
1058 3061 1171 3118 hoc
1211 3079 1345 3121 esse
1384 3065 1753 3139 significatur
1789 3082 1900 3140 per
1939 3061 2229 3126 rebellare
2263 3044 2427 3110 oculis
2455 3030 2549 3109 8¹⁰·

515 3162 640 3217 riae
676 3160 910 3234 Ipsius3
969 3160 1301 3221 obfirmatio
1341 3162 1629 3222 facierum
1685 3182 1839 3241 quae
1892 3160 2211 3243 respondet
2245 3152 2423 3213 contra
2459 3142 2549 3240 eof,

516 3259 817 3336 significat
857 3262 1226 3319 renuentiam
1279 3280 1349 3322 ac
1386 3282 1506 3323 non
1549 3264 1964 3325 admissionem
2008 3261 2204 3324 Divi-ni
2237 3247 2364 3312 Veri
2392 3243 2436 3296 et
2461 3229 2548 3287 Dl-

512 3362 639 3420 vini
673 3361 826 3420 Boni
870 3363 928 3419 in
967 3364 1356 3438 cogitationes
1411 3371 1471 3424 et
1516 3365 1892 3441 affectiones,
1951 3382 2102 3444 quae
2155 3359 2286 3418 sunt
2330 3334 2548 3404 interiora

514 3480 738 3523 eorum.
813 3463 994 3540 Apud
1030 3464 1408 3526 Ezechielem
1455 3463 1669 3541 „Ecce
1704 3464 1858 3533 dedi
1887 3467 2099 3548 facies
2144 3465 2283 3521 tuae
2314 3438 2542 3522 obfirma·

512 3568 619 3624 tas
686 3568 906 3625 contra
954 3565 1169 3646 facies
1221 3585 1434 3627 eorum
1448 3611 1466 3636 ‚
1543 3558 1603 3626 et
1648 3565 1934 3645 frontem
1995 3573 2170 3628 tuam
2225 3536 2548 3644 Obflfflam

511 3650 730 3726 contra
769 3666 1053 3744 frontem
1095 3670 1352 3728 eorum“
1404 3667 1527 3726 III:
1586 3670 1621 3727 8
1637 3687 1653 3744 3
1725 3667 1875 3727 haec
1923 3669 1999 3727 ad
2043 3657 2378 3738 Prophetam
2426 3628 2544 3690 dlcta

512 3773 679 3840 sunt,
744 3783 855 3842 per
907 3784 1085 3842 quem
1144 3767 1510 3842 significatur
1562 3767 1832 3826 doctrina
1877 3772 2004 3828 veri
2055 3774 2113 3826 et
2156 3754 2287 3819 boni
2330 3730 2546 3822 pugnans

396 3852 414 3920 ⁹.
511 3873 718 3925 contra
760 3866 917 3925 falsa
952 3874 1011 3926 et
1048 3867 1234 3937 mala,
1293 3885 1478 3942 quare
1514 3886 1623 3944 per
1672 3869 1858 3927 facies
1910 3870 2239 3928 obfirmatas
2272 3846 2445 3908 contra
2472 3824 2539 3883 ἰδ’

512 3968 636 4024 cies
682 3966 913 4025 illorum
960 3966 1333 4042 significatur
1381 3968 1629 4043 rejectio
1677 3968 1964 4028 falsorum
2022 3985 2128 4047 per
2171 3969 2325 4022 vera,
2375 3941 2424 4048 ef
2462 3932 2544 4003 ΡΗ

510 4067 762 4125 frontem
799 4065 1167 4124 obfirmatam
1205 4074 1411 4125 contra
1458 4069 1710 4128 frontem
1747 4080 1951 4129 eorum
1989 4060 2328 4146 significatur
2347 4042 2478 4143 NJ&-c
2514 4030 2538 4072 ⁰

508 4165 651 4221 maii
697 4183 807 4238 per
851 4166 1102 4234 bonum,
1165 4167 1350 4225 facies
1400 4170 1555 4226 enim
1607 4169 1943 4245 significant
1996 4164 2315 4229 affectiones
2360 4145 2465 4197 *⁷3¹¹
2500 4118 2541 4177 et

509 4258 854 4318 affectiones
896 4263 1070 4336 falsi,
1131 4271 1197 4322 et.
1225 4265 1388 4325 frons
1427 4267 1721 4343 significat
1758 4269 2140 4330 affectionem·
2168 4253 2294 4319 boni
2334 4244 2384 4300 0⁸
2426 4219 2533 4286 aff&
