2791 4778
444 374 553 428 374
871 360 1364 420 APOCALrPsls
1407 360 1842 418 urucam.
1896 360 1944 428 §.
1982 371 2110 423 400.

441 528 564 600 sia3
621 521 780 598 quod
822 537 933 597 per
976 519 1082 578 illa
1116 519 1304 580 verba
1345 519 1716 596 significetur
1760 522 2095 602 immutatio
2143 527 2204 580 et
2249 522 2544 594 perversio

443 626 608 702 ejus,
664 628 859 699 patet,
922 638 1060 679 nam
1108 621 1353 695 dicitur,
1412 623 1611 696 gravis
1666 637 1855 697 super
1901 621 2067 679 illam
2120 621 2547 698 praevaricatio

443 726 609 802 ejuS,
662 730 724 781 et
764 720 940 781 cadet
987 728 1049 780 et
1091 738 1212 780 non
1256 728 1534 797 resurget
1587 721 1882 797 amplius;
1954 729 2015 781 et
2063 739 2173 798 per
2223 727 2548 779 cataractas

444 841 602 902 quae
638 824 713 882 ab
750 822 869 880 alto
898 829 1144 897 apertae
1173 828 1340 891 sunt,
1377 824 1557 879 etiam
1594 821 1948 897 intelligitur
1979 822 2286 881 inundatio
2321 820 2459 877 mali
2492 825 2547 879 et

442 925 600 985 falsi.
687 922 867 999 Apud
900 922 1194 982 Davidem
1239 918 1612 996 „Concu-sca
1656 927 1715 980 et
1763 929 2074 982 commota
2109 927 2202 981 est
2240 927 2442 995 terra,
2495 924 2546 978 et

430 1023 863 1107 fundamenta
891 1022 1200 1082 montium
1227 1026 1634 1096 tremuerunt,
1684 1022 1839 1099 quia
1864 1023 2117 1084 emarcit
2144 1020 2299 1082 itm
2336 1020 2546 1080 Psalm:

444 1125 694 1187 XVIII:
740 1131 799 1183 7.
845 1127 916 1200 83
969 1141 1082 1200 per
1118 1124 1271 1181 haec
1307 1140 1427 1180 non
1462 1122 1843 1198 intelligitur,
1900 1124 2060 1200 quod
2106 1131 2267 1182 terra
2319 1130 2377 1181 et
2414 1121 2540 1178 fun-

445 1227 729 1286 damenta
765 1225 896 1301 ejus
948 1241 1242 1284 concussa
1278 1231 1339 1281 et
1386 1231 1683 1282 commota
1717 1226 1865 1298 sint,
1922 1224 2031 1283 sed
2071 1223 2233 1299 quod
2267 1222 2542 1292 Ecclesia,

448 1334 510 1386 et
571 1326 730 1402 quod
778 1342 924 1386 vera
981 1341 1165 1402 super
1215 1324 1430 1400 quibus
1476 1324 1783 1396 fundatur,
1851 1332 2009 1383 terra
2059 1328 2213 1383 enim
2269 1321 2548 1400 significat

444 1426 810 1499 Ecclesiam,
881 1432 938 1482 et
991 1426 1376 1484 fundamenta
1432 1427 1717 1483 montium
1783 1426 2118 1502 significant
2166 1443 2316 1484 vera
2378 1441 2547 1500 super

448 1527 665 1603 quibus
701 1526 1016 1596 fundatur,
1073 1542 1227 1601 quae
1259 1532 1403 1584 sunt
1437 1543 1585 1584 vera
1622 1543 1696 1583 ex
1731 1526 1920 1602 b0n03
1979 1530 2119 1601 quia
2154 1528 2383 1585 exarsit
2416 1525 2546 1601 Ipsi,

447 1628 743 1704 significat
776 1625 968 1684 simile
999 1625 1157 1702 quod
1192 1629 1251 1683 in
1283 1626 1483 1684 Verbo
1515 1627 2013 1687 excandescentia
2040 1628 2352 1686 Jehovae:
2409 1625 2550 1702 quod

446 1737 610 1788 terra
653 1728 1024 1786 concutiatur
1055 1733 1122 1784 et
1158 1735 1636 1796 commoveatur,
1678 1734 1738 1785 et
1775 1728 1932 1804 quod
1968 1730 2359 1786 fundamenta
2392 1744 2546 1784 mon-

445 1831 595 1886 tium
631 1830 1008 1901 tremiscant,
1067 1834 1159 1885 est
1196 1844 1268 1886 ex
1307 1829 1677 1903 apparentiis
1729 1831 1790 1886 in
1835 1830 2059 1887 Mundo
2096 1828 2426 1905 spirituali3
2473 1830 2550 1884 ita

449 1930 606 1988 enim
651 1927 735 1985 ibi
769 1926 863 2001 fit,
919 1927 1157 2002 quando
1202 1933 1397 1986 status
1439 1928 1750 1988 Ecclesiae
1793 1936 2053 1989 mutatur
2090 1929 2253 2006 apud
2288 1928 2426 1987 illos
2462 1930 2549 2003 qui

446 2029 531 2088 ibi
581 2029 884 2104 habitant,
942 2035 1261 2104 praeterea
1319 2028 1432 2086 sub
1486 2028 1786 2089 montibus
1848 2031 1931 2090 ibi
1984 2037 2122 2088 sunt
2173 2030 2289 2102 illi,
2352 2032 2449 2103 qui
2496 2019 2549 2085 in

448 2133 611 2189 veris
655 2138 825 2200 sunt,
882 2147 1018 2187 nam
1056 2145 1262 2187 omnes
1299 2128 1701 2188 habitationes
1737 2131 2103 2207 Angelorum
2139 2133 2199 2188 in
2238 2148 2311 2189 eo
2366 2130 2551 2188 ordine

449 2237 616 2304 sunt,
656 2238 722 2288 ut
758 2247 943 2307 super
979 2229 1275 2287 montibus
1318 2232 1438 2287 sint
1474 2233 1578 2306 qui
1610 2233 1672 2288 in
1706 2232 1861 2290 bono
1900 2234 2117 2290 amoris
2154 2234 2214 2289 in
2248 2231 2551 2291 Dominum

450 2338 619 2406 sunt,
677 2337 735 2391 et
769 2332 923 2389 infra
969 2330 1103 2389 illos
1154 2331 1254 2406 qui
1288 2331 1349 2387 in
1387 2333 1549 2389 veris
1594 2350 1667 2391 ex
1706 2328 1804 2391 illo
1840 2332 1997 2392 bono
2011 2376 2026 2406 ‚
2101 2332 2339 2409 quando
2375 2338 2548 2389 status

445 2433 660 2491 horum
697 2433 895 2508 quoad
932 2450 1076 2491 vera
1114 2438 1413 2504 mutatur,
1467 2440 1604 2491 tunc
1647 2437 2117 2493 contremiscunt
2162 2434 2547 2491 habitationes

446 2534 692 2608 horum,
747 2536 832 2594 ita
875 2533 1257 2592 fundamenta
1308 2534 1626 2591 montium:
1684 2534 1840 2609 quod
1893 2534 2036 2592 talia
2089 2537 2303 2592 sintin
2346 2531 2546 2591 Mundo

451 2634 764 2711 spitituali,
802 2641 861 2694 et
899 2635 1058 2711 quod
1084 2652 1155 2692 ex
1193 2634 1623 2692 mutationibus
1661 2641 1853 2692 status
1892 2635 2203 2693 Ecclesiae
2241 2635 2403 2709 apud
2428 2632 2543 2691 illos

448 2735 597 2793 talia
641 2737 931 2808 existant,
988 2753 1161 2793 nomo
1204 2737 1318 2793 scit
1352 2737 1467 2792 nisi
1504 2737 1599 2792 cui
1644 2736 1979 2796 revelatum
2018 2743 2126 2792 est.
2218 2736 2397 2812 Apud
2434 2733 2543 2791 Na-

449 2834 590 2891 hum
631 2832 928 2907 „Montes
956 2834 1442 2894 contremiscunt
1469 2854 1679 2894 coram
1707 2834 2011 2910 Jehovah,
2051 2840 2110 2894 et
2144 2832 2334 2895 colles·
2368 2833 2541 2912 lique-

439 2933 644 3015 fiunt,
713 2938 770 2992 et
809 2935 1199 2995 comburitur
1237 2942 1410 2995 terra
1449 2954 1660 2995 coram
1698 2934 1853 3014 Ipso
1871 2980 1887 3010 ,
1946 2943 2005 2996 et
2042 2936 2210 2995 orbi-9
2258 2943 2318 2996 et
2358 2949 2543 2994 omnes

452 3032 809 3095 habitante-5
853 3033 924 3093 in
972 3053 1038 3093 co
1057 3057 1076 3094 .·
1143 3034 1666 3096 excandescentia
1717 3034 1944 3114 Ipsius
1998 3017 2351 3117 effunditur
2401 3034 2542 3093 sicut

449 3133 659 3213 iynic,
714 3141 773 3194 et
804 3140 1025 3216 petrae
1074 3141 1437 3196 evertuntur
1480 3155 1694 3196 coram
1738 3135 1940 3214 Ῑρεο(ί
1988 3136 2047 3194 1:
2096 3141 2153 3196 5.
2202 3140 2236 3195 6
2256 3157 2271 3211 3
2339 3142 2538 3194 montes

451 3233 786 3310 significant
819 3236 1152 3295 Ecclesiam
1188 3237 1289 3295 ubi
1327 3255 1494 3295 amor
1531 3239 1590 3294 in
1627 3237 1947 3296 Dominum
1981 3244 2091 3311 est,
2133 3245 2193 3296 et
2229 3237 2412 3296 colles
2441 3234 2537 3291 Ec-

451 3334 694 3395 clesiam
727 3337 829 3394 ubi
856 3355 1022 3396 amor
1056 3354 1200 3413 erga
1235 3341 1590 3412 proximum,
1628 3337 1765 3395 inde
1802 3355 1913 3413 per
1948 3345 2178 3396 montes
2206 3337 2541 3414 significatur

453 3452 618 3495 amor
652 3440 714 3501 in
748 3437 1099 3511 Dominum,
1142 3443 1202 3495 et
1234 3455 1344 3513 per
1383 3438 1569 3496 colles
1609 3455 1776 3495 amor
1813 3456 1960 3513 erga
1993 3441 2346 3514 proximum,
2385 3449 2539 3495 causa

453 3544 573 3612 est,
625 3541 765 3615 quia
814 3539 1034 3615 Angeli
1076 3540 1178 3614 qui
1229 3540 1290 3595 in
1346 3555 1549 3597 amore
1595 3540 1653 3596 in
1699 3539 2021 3597 Dominum
2064 3546 2237 3611 sunt,
2299 3538 2538 3597 habitant

450 3655 639 3715 super
672 3640 999 3713 montibuS,
1058 3645 1117 3698 et
1155 3641 1256 3714 qui
1293 3640 1354 3696 in
1382 3655 1586 3698 amore
1626 3656 1769 3712 erga
1804 3641 2140 3714 proximum
2174 3656 2358 3715 super
2392 3635 2539 3696 colli-

452 3738 599 3813 bus3
656 3740 892 3816 quando
940 3741 1073 3800 loco
1120 3741 1337 3797 amoris
1387 3742 1447 3797 in
1494 3739 1816 3798 Dominum
1866 3746 2076 3815 regnat
2118 3758 2286 3799 amor
2333 3742 2449 3811 sui,
2496 3740 2544 3791 et

452 3837 586 3897 loco
624 3843 841 3900 amoris
882 3857 1026 3916 erga
1071 3842 1408 3917 proximum
1443 3848 1653 3915 regnat
1689 3857 1854 3897 amor
1895 3840 2127 3912 mundi,
2185 3851 2325 3898 tunc
2362 3840 2545 3897 dicun-

455 3943 553 3995 tur
588 3947 823 4000 montes
860 3942 1352 4014 contremiscere,
1407 3948 1467 4000 et
1503 3940 1689 3999 colles
1726 3940 2053 4017 liquefieri,
2089 3941 2176 3998 ita
2214 3944 2371 3999 enim
2411 3938 2470 3997 fit
2498 3936 2550 3992 in

254 4048 417 4115 [592]
456 4038 676 4094 mundo
729 4038 1056 4113 spirituali,
1121 4038 1229 4096 sed
1274 4057 1393 4096 non
1444 4040 1607 4116 apud
1656 4040 1923 4116 Angelos
1962 4042 2064 4117 qui
2095 4041 2157 4098 in
2195 4039 2378 4100 Coelo
2412 4041 2549 4104 sunt,

457 4132 566 4187 sed
602 4135 764 4205 apud
804 4137 1053 4209 spiritus
1096 4136 1198 4208 qui
1234 4136 1349 4194 sibi
1389 4140 1579 4197 instar
1618 4140 1786 4198 Coeli
1821 4142 2093 4201 fecerunt
2131 4158 2318 4218 super
2353 4138 2552 4198 monti-

458 4225 569 4283 bus
632 4235 691 4287 et
742 4230 990 4289 collibus
1037 4238 1174 4290 ante
1225 4233 1497 4297 ultimum
1544 4238 1888 4299 Judicium:
1946 4244 2087 4317 quia
2144 4259 2310 4301 amor
2363 4242 2453 4299 sui
2504 4240 2556 4294 et
