2791 4778
473 315 544 368 83
894 297 1384 366 APOCALYPSIS
1429 297 1863 357 EXPLICATA.
1945 298 1994 378 §.
2038 309 2167 362 326.

466 464 615 525 nihil
650 464 913 539 cogitare
949 460 1024 521 de
1053 460 1217 537 Lege
1246 459 1494 533 Divina,
1536 459 1610 518 de
1645 461 1993 536 praeceptis
2021 458 2224 533 Verbi,
2266 466 2328 518 et
2354 459 2433 519 de
2462 462 2610 519 Do-

464 569 659 637 mino,
701 568 761 621 et
795 568 996 621 tamen
1029 560 1243 620 devote
1276 561 1515 637 precari
1548 563 1609 620 in
1646 558 1918 636 templis,
1964 565 2060 619 est
2091 561 2285 637 pietas
2322 567 2616 633 externa,

471 681 632 744 quae
669 661 1160 741 qualitercunque
1189 667 1400 719 sancta
1426 666 1701 738 apparet,
1739 677 1933 737 usque
1957 677 2076 719 non
2105 667 2199 719 est
2226 663 2447 738 pictae,
2485 662 2610 722 sed

468 772 563 825 est
598 762 697 823 vel
722 762 1089 839 hypocrisis,
1128 760 1227 821 vel
1263 766 1356 820 est
1391 760 1690 838 quoddam
1727 760 1932 819 fictum
1968 777 2042 819 ex
2076 759 2285 820 habitu
2313 768 2606 835 tractum,

464 866 566 927 vel
600 861 900 946 quoddam
937 863 1362 940 persuasivum
1403 879 1475 920 ex
1512 861 1666 921 saiso
1707 862 2004 938 principio
2040 857 2216 938 quod'
2244 863 2302 920 in
2344 878 2418 922 eo
2461 862 2606 921 solo

430 1019 433 1022 ,
466 967 753 1027 consistat
790 961 1010 1023 Cultus
1046 961 1332 1036 Divinus,
1388 968 1628 1039 spectat
1662 963 1818 1020 enim
1854 978 1969 1020 non
2007 960 2188 1021 corde
2224 961 2302 1020 ad
2337 961 2606 1021 Coelurn

469 1076 529 1125 et
565 1065 643 1125 ad
676 1065 1030 1137 Dominum,
1071 1061 1179 1121 sed
1226 1061 1401 1122 modo
1449 1061 1669 1136 oculis,
1728 1078 1832 1120 cor
1866 1068 2102 1138 spectat
2164 1062 2242 1124 ad
2276 1070 2475 1121 semet
2539 1073 2610 1122 et

468 1167 544 1226 ad
580 1165 891 1240 mundum,
949 1169 1010 1222 et
1044 1179 1111 1222 os
1146 1161 1408 1239 loquitur
1461 1181 1530 1221 ex
1569 1161 1778 1220 habitu
1813 1162 2000 1221 solius
2038 1164 2305 1239 corporis
2358 1169 2419 1221 et
2458 1164 2608 1239 ejus

464 1268 824 1340 memoriae3
877 1281 988 1341 per
1034 1262 1092 1322 id
1130 1263 1509 1339 conjungitur
1542 1261 1642 1322 ille
1679 1262 1854 1321 homo
1891 1262 2107 1321 mundo
2144 1269 2205 1320 et
2238 1280 2359 1322 non
2395 1264 2604 1337 coeio,

465 1384 540 1426 ac
574 1366 687 1425 sibi
724 1372 784 1425 et
816 1382 935 1423 non
969 1364 1247 1423 Domino.
1326 1364 1416 1421 Ex
1462 1364 1555 1422 his
1607 1370 1879 1422 constare
1931 1370 2133 1440 potest
2195 1364 2334 1438 quid
2371 1366 2605 1440 pietaS,

469 1479 592 1527 tum
630 1465 772 1543 quid
809 1465 1004 1523 cultus
1040 1464 1315 1538 Divinus,
1356 1470 1417 1521 et
1452 1464 1610 1539 quod
1644 1466 1839 1540 pietas
1875 1462 2131 1523 actualis
2168 1465 2246 1521 sit
2281 1466 2416 1541 ipse
2458 1466 2601 1525 cul-

469 1576 602 1644 tus;
660 1567 732 1624 de
772 1582 891 1641 qua
937 1582 1003 1623 rc
1053 1566 1230 1622 etiam
1269 1564 1591 1622 videantur
1628 1580 1783 1640 quae
1819 1567 1876 1621 in
1915 1563 2115 1640 Opere
2152 1563 2225 1622 de
2265 1563 2475 1623 Coeno
2518 1583 2604 1625 ET

471 1669 774 1738 britanno,
824 1683 895 1723 n:
940 1666 1105 1723 222.
1167 1668 1330 1723 224.
1376 1666 1540 1726 358.
1598 1666 1759 1726 359.
1807 1666 1965 1724 360.
2015 1666 2171 1723 528.
2218 1667 2377 1723 529.
2426 1668 2599 1740 530,

469 1768 632 1827 dicta
665 1770 834 1841 sunt3
872 1772 933 1824 et
958 1782 1113 1841 quae
1149 1767 1209 1822 in
1235 1764 1562 1825 Doc'rnuu
1587 1763 1802 1825 Noun
1829 1765 2311 1824 Hmnosonms
2347 1782 2406 1824 n:
2429 1746 2479 1826 ‘1
2499 1770 2594 1826 23

472 1867 552 1927 ad
593 1866 767 1942 1293
820 1865 923 1924 ubi
961 1867 1137 1924 etiam
1174 1864 1324 1925 haec
1388 1866 1655 1941 „Pietas
1707 1872 1800 1925 est
1845 1868 1944 1942 pie
1983 1867 2246 1941 cogitare
2306 1871 2369 1923 et
2402 1865 2597 1945 loqui,

474 1965 773 2043 „multum
810 1983 1026 2025 vacare
1062 1966 1374 2042 precibus,
1409 1965 1715 2026 humiliter
1749 1982 1817 2026 se
1854 1972 1992 2026 tunc
2028 1983 2264 2043 gerere,
2303 1965 2597 2043 frequen-

473 2074 651 2143 „tare
671 2065 942 2145 Templa,
973 2072 1033 2126 et
1058 2066 1141 2125 ibi
1166 2066 1646 2144 praedicationes
1674 2066 1889 2126 devote
1919 2065 2279 2140 auscultare,
2311 2074 2374 2125 et
2398 2084 2592 2145 saepe

474 2170 842 2246 „quotannis
893 2168 1060 2228 obire
1097 2165 1551 2227 Sacramentum
1588 2167 1829 2248 Coenae
1847 2212 1864 2242 ,
1917 2175 1978 2227 et
2027 2166 2301 2226 similiter
2353 2168 2590 2245 reliqua

469 2268 717 2347 „cultus
751 2268 1079 2330 secundum
1105 2267 1418 2328 Ecclesiae
1454 2275 1695 2328 statuta.
1735 2268 1880 2327 Vita
1914 2275 2114 2327 autem
2142 2267 2451 2327 charitatis
2489 2278 2586 2328 est

470 2372 674 2448 „bene
711 2361 968 2432 velleet
1003 2369 1158 2429 bene
1194 2368 1392 2429 facere
1430 2363 1721 2446 proximo,
1761 2371 1823 2428 in
1859 2370 2017 2429 omni
2045 2366 2248 2447 Opere
2288 2385 2458 2445 agere
2500 2386 2577 2428 ex

469 2474 678 2550 „justo
717 2478 777 2531 et
810 2489 1025 2549 aequo,
1066 2489 1140 2530 ex
1174 2469 1330 2529 bono
1361 2475 1423 2529 et
1450 2486 1615 2546 vero,
1653 2468 1927 2530 similiter
1961 2472 2021 2529 in
2057 2471 2217 2528 omni
2250 2469 2582 2545 functione3

474 2571 728 2647 „verb0,
760 2575 886 2631 vita
921 2572 1228 2632 eharitatis
1267 2572 1540 2629 consistit
1575 2573 1633 2629 in
1669 2571 1877 2630 usibus
1912 2568 2291 2648 praestandis
2310 2590 2327 2646 3
2379 2572 2437 2627 in
2469 2570 2587 2630 hac

473 2674 648 2744 „vita
679 2673 967 2747 primario
999 2674 1271 2730 consistit
1308 2670 1520 2730 Cultus
1550 2671 1837 2742 Divinus,
1889 2673 1949 2729 in
1983 2671 2087 2729 illa
2125 2676 2323 2730 autem
2360 2687 2583 2730 secun-

472 2770 724 2846 „dario;
779 2777 1148 2848 quapropter
1198 2772 1299 2845 qni
1333 2778 1578 2847 separa-t
1614 2790 1792 2829 unam
1829 2772 1905 2829 ab
1942 2772 2157 2843 altera,
2216 2787 2430 2848 nempe
2486 2775 2586 2848 qni

470 2872 703 2945 „vitam
736 2871 978 2947 pietatis
1015 2871 1167 2946 agit,
1226 2875 1286 2928 et
1321 2887 1438 2930 non
1473 2872 1652 2931 simul
1685 2875 1866 2931 vitam
1904 2872 2235 2946 charitatis,
2293 2888 2408 2929 non
2446 2873 2589 2931 colit

472 2969 755 3046 „Deunu
809 2987 946 3028 nam
997 2971 1122 3028 vita
1168 2972 1412 3048 pietat-is
1463 2977 1690 3030 tantum
1738 2972 1927 3046 valet,
1984 2980 2268 3049 quantum
2333 2974 2391 3030 ei
2436 2989 2587 3032 con-

472 3072 727 3149 „juncta
761 3077 854 3129 est
887 3072 1010 3130 vita
1046 3070 1380 3145 charitatis,
1435 3072 1589 3132 haee
1626 3074 1780 3132 enim
1818 3075 2101 3149 primaria
2135 3081 2255 3142 est,
2293 3084 2354 3132 et
2389 3074 2584 3155 qualis

470 3172 674 3246 „haec
710 3171 848 3230 talis
881 3171 1030 3231 illa“
1070 3190 1137 3231 n:
1182 3174 1342 3232 124.
1386 3175 1546 3232 128.
1627 3172 1802 3249 Quod
1838 3172 2083 3233 Coeium
2123 3191 2159 3232 a
2192 3172 2448 3232 Domino
2486 3176 2579 3231 in-

467 3275 740 3333 sinuetur
775 3275 990 3350 pietati
1037 3272 1264 3332 actuali
1295 3271 1583 3344 hominis,
1637 3280 1698 3333 et
1731 3290 1847 3331 non
1881 3276 2093 3350 pietati
2137 3273 2285 3333 orali
2333 3290 2443 3333 seu
2480 3292 2583 3334 ex-

464 3381 672 3434 ternae
719 3381 1039 3451 separatae
1075 3373 1152 3432 ab
1188 3373 1320 3444 illa,
1374 3391 1450 3432 ex
1483 3372 1644 3449 pluri
1690 3376 2063 3450 experientia
2110 3374 2254 3432 mihi
2298 3380 2583 3434 testatum

468 3475 689 3535 factum
727 3481 846 3550 est;
909 3476 1025 3534 visi
1061 3476 1215 3533 enim
1253 3480 1392 3532 sunt
1425 3473 1625 3548 multi,
1676 3474 1779 3551 qui
1812 3477 1873 3532 in
1905 3477 2133 3552 pietate
2179 3474 2329 3534 orali
2380 3481 2441 3535 et
2476 3492 2586 3535 ex-

466 3584 639 3634 terna
697 3583 1035 3650 posuerunt
1092 3590 1324 3633 omnem
1376 3574 1627 3649 cultum,
1696 3581 1757 3634 et
1804 3582 2124 3652 praeterea
2168 3577 2228 3634 in
2290 3591 2401 3633 sua
2461 3579 2585 3636 vita

464 3673 688 3731 actuali
721 3673 867 3733 nihil
904 3677 1317 3752 cogitaverunt
1353 3674 1428 3735 de
1464 3677 1808 3752 praeceptis
1844 3675 2088 3735 Domini
2120 3679 2182 3734 in
2209 3673 2432 3752 Verbo,
2471 3693 2581 3737 seu

463 3773 626 3850 quod
659 3774 954 3833 sincerum
993 3783 1052 3834 et
1088 3782 1346 3847 rectum,
1375 3776 1612 3852 justum
1652 3782 1713 3835 et
1746 3792 2003 3852 aequum
2043 3794 2119 3835 ex
2156 3775 2463 3851 religione,
2501 3780 2582 3836 ita

467 3890 544 3932 ex
584 3874 811 3950 origine
847 3875 1173 3957 spirituali,
1213 3875 1549 3936 faciendum
1585 3878 1689 3952 sit,
1745 3875 1854 3935 sed
1890 3876 2085 3935 solum
2122 3895 2197 3935 ex
2230 3876 2366 3954 iege
2404 3878 2576 3951 civili,

464 3980 590 4032 tum
633 3991 703 4034 ex
754 3975 888 4052 lege
931 3970 1170 4049 morali,
1228 3982 1294 4033 ut
1341 3979 1565 4036 sinceri
1610 3984 1671 4035 et
1714 3977 1864 4053 justi
1931 3983 2290 4054 apparerent
2337 3986 2581 4055 propter

462 4074 678 4133 famam
703 4121 720 4148 ‚
777 4082 837 4134 et
872 4075 1025 4133 haec
1060 4082 1307 4151 propter
1345 4076 1630 4136 honorem
1669 4085 1772 4135 aut
1807 4077 2039 4136 lncriun
2060 4122 2076 4151 ,
2134 4079 2447 4138 credentes
2498 4081 2580 4137 sic

465 4175 621 4250 quod
649 4177 709 4234 in
729 4173 979 4234 Coeluin
1008 4176 1243 4232 venturi
1273 4190 1420 4252 prae
1451 4177 1613 4252 aliis;
1656 4184 2024 4254 quapropter
2053 4179 2382 4239 secundum
2406 4178 2577 4239 fidem
