2791 4778
408 372 516 425 126
734 358 1226 417 APOCALYPSIS
1266 358 1704 418 EXPLICATA.
1786 360 1833 427 §-
1878 366 2006 421 330.
2062 366 2188 420 331·

402 522 577 595 boni,
636 536 827 597 quare
864 538 974 597 per
1009 537 1085 580 ex
1120 520 1279 579 omni
1311 517 1879 595 tribusignifieatur
1912 534 1987 576 ex
2022 516 2294 577 omnibus
2331 521 2435 595 qui
2465 521 2530 578 in

408 622 613 699 aliquo
649 637 869 697 genere
906 622 1038 679 veri
1087 626 1149 680 et
1181 620 1323 679 boni
1357 625 1499 678 sunt
1516 638 1533 695 3
1589 624 1651 678 et
1686 635 1761 677 ex
1797 616 2227 694 significatione
2260 617 2524 695 linguae,

405 721 564 799 quod
588 723 668 781 sit
699 720 969 781 doctrina
1002 723 1162 779 vitae
1199 726 1260 780 et
1294 719 1449 778 fidei.
1506 718 1685 796 Quod
1710 718 1931 777 Tribus
1966 717 2302 795 significent
2328 720 2529 779 omnia

402 839 552 881 vera
591 827 650 881 et
675 822 834 881 bona
868 823 929 880 in
958 819 1295 898 complexu,
1333 823 1394 880 in
1426 837 1539 880 suo
1567 818 1838 879 Articulo
1865 819 2018 878 infra
2043 817 2284 896 plenius
2314 826 2524 880 osten-

406 923 607 999 detur3
662 924 888 999 pariter
925 922 1083 999 quod
1131 921 1336 998 lingua
1381 919 1676 997 significet
1709 918 2039 979 doctrinam
2074 921 2233 980 vitae
2271 927 2332 979 et
2365 920 2524 995 fidei,

404 1026 488 1082 ita
521 1022 904 1099 religionem:
961 1021 1059 1080 hic
1107 1020 1299 1081 solum
1350 1021 1725 1081 adducentur
1777 1037 1930 1097 quae
1980 1019 2055 1078 de
2090 1019 2525 1096 significatione

407 1123 698 1182 Tribuum
731 1124 793 1181 in
826 1123 1102 1181 Ancmls
1139 1120 1558 1181 Contnsrmus
1609 1127 1856 1180 ostensa
1891 1125 2055 1195 sunt3
2109 1137 2329 1196 nempe
2367 1120 2529 1197 quod

405 1222 720 1281 duodecim
758 1222 977 1281 Tribus
1011 1220 1257 1280 Israelis
1304 1223 1890 1298 repraesentaverint
1936 1227 1998 1280 et
2045 1219 2183 1279 inde
2218 1220 2525 1297 significa-

407 1325 604 1382 verint
640 1325 837 1381 omnia
870 1339 1017 1381 vera
1078 1328 1141 1381 et
1188 1322 1346 1381 bona
1404 1324 1464 1381 in
1518 1322 1870 1398 complexu,
1932 1339 2003 1380 n:
2047 1321 2260 1379 3858.
2306 1322 2521 1380 3926.

410 1423 622 1482 4060.
695 1423 918 1481 6335:
1013 1422 1173 1499 quod
1245 1422 1465 1482 similia
1532 1422 1848 1482 duodecim
1906 1419 2186 1497 Apostoli
2255 1419 2520 1496 Domini,

406 1541 477 1582 nt
520 1526 732 1583 2129.
778 1524 991 1583 3354.
1037 1524 1250 1582 3488.
1297 1525 1524 1584 6397:
1582 1523 1784 1584 Causa
1830 1521 1993 1597 quod
2037 1519 2352 1581 duodecim
2387 1522 2521 1582 fue·

404 1626 550 1698 rint,
608 1631 702 1683 est
753 1626 895 1700 quia
942 1623 1257 1683 duodecim
1301 1621 1641 1700 significant
1689 1623 1918 1697 omnia,
1968 1640 2042 1679 n:
2088 1622 2168 1681 57
2189 1626 2248 1679 7.
2306 1624 2523 1683 2089.

410 1727 621 1784 2129.
667 1725 878 1783 2130.
937 1726 1147 1784 3272.
1193 1725 1405 1784 3858.
1449 1725 1661 1784 3913.
1743 1722 1900 1799 Quia
1948 1720 2261 1782 duodecim
2301 1721 2523 1783 Tribus

404 1831 1023 1900 repraesentaverunt
1058 1831 1119 1884 et
1153 1825 1290 1885 inde
1326 1823 1819 1901 significaverunt
1854 1824 2054 1881 omnia
2089 1838 2234 1881 vera
2268 1828 2332 1882 et
2362 1822 2524 1883 bona

406 1927 467 1983 in
502 1923 850 2001 complexu,
908 1924 1066 2001 quod
1108 1926 1245 1985 inde
1297 1927 1888 2001 repraesentaverint
1923 1920 2172 1982 Coelum
2210 1927 2272 1981 et
2304 1920 2522 1984 Eccle-

405 2026 572 2098 siam,
612 2042 679 2084 n:
724 2026 933 2084 6337.
980 2026 1190 2085 6637.
1237 2027 1447 2086 7836.
1494 2029 1702 2086 7891.
1742 2025 1951 2086 7996.
2004 2021 2181 2101 Quod
2208 2022 2525 2087 duodecim

407 2124 627 2184 Tribus
654 2127 823 2184 varia
856 2125 1188 2202 significent
1221 2126 1549 2186 secundum
1580 2127 1846 2185 ordinem
1882 2127 2086 2210 influo
2122 2124 2526 2198 nominantur,

404 2242 475 2283 ac
534 2228 619 2284 ita
680 2243 916 2302 quoque
991 2228 1191 2286 omnia
1257 2225 1428 2286 Coeli
1503 2233 1564 2285 et
1624 2227 1934 2287 Ecclesiae
2008 2242 2145 2285 cum
2205 2227 2520 2303 varietate,

404 2344 471 2385 n:
517 2328 729 2387 3862.
775 2328 985 2386 3926.
1032 2329 1242 2387 3939.
1296 2327 1484 2386 4603
1526 2343 1665 2412 εεᾳρ
1727 2328 1936 2388 6337.
1981 2329 2195 2387 6640.
2255 2329 2519 2389 10335.

202 2439 361 2501 [427]
404 2427 578 2505 Quod
612 2428 748 2488 ideo
783 2445 1079 2505 responsa
1115 2429 1244 2488 dari
1279 2431 1582 2506 potuerint
1634 2412 1696 2487 et
1740 2429 1883 2489 data
1930 2431 2049 2488 sint
2109 2447 2221 2506 per
2254 2427 2425 2489 Urim
2460 2436 2523 2490 et

404 2528 775 2599 Thummim,
830 2530 933 2588 ubi
965 2529 1225 2589 Nomina
1260 2530 1578 2589 duodecim
1613 2529 1904 2588 Tribuum
1938 2529 2181 2589 Israe’lis
2217 2530 2523 2606 lapidibus

401 2631 680 2705 pretiosis
730 2630 1034 2706 insculpta
1077 2631 1347 2700 fuerunt,
1400 2648 1469 2691 n:
1515 2632 1723 2690 3858.
1782 2631 1994 2690 6335.
2051 2632 2263 2690 6640.
2305 2632 2517 2691 9863.

411 2730 622 2789 9865.
669 2732 879 2789 9873.
926 2732 1136 2790 9874.
1182 2733 1390 2791 9905.

562 2830 649 2915 3³3
670 2833 723 2887 1.
778 2829 853 2888 Et
888 2831 1114 2907 populo
1150 2839 1211 2890 et
1236 2839 1433 2909 gente,
1472 2831 1634 2909 quod
1668 2831 1963 2907 significet
2000 2833 2103 2907 qui
2139 2831 2214 2890 ab
2241 2831 2520 2892 Ecclesia

402 2929 644 2988 Domini
691 2928 986 3004 spirituali
1031 2936 1092 2989 et
1139 2930 1214 2989 ab
1260 2930 1537 2990 Ecclesia
1582 2932 1780 3009 Ipsius
1829 2931 2102 3007 coelesti,
2160 2939 2395 3007 constat
2446 2950 2520 2993 ex

402 3028 835 3106 significatione
871 3030 1084 3107 populi
1111 3037 1173 3090 et
1197 3032 1391 3107 gentis
1428 3033 1489 3089 in
1515 3031 1739 3104 Verbo,
1775 3032 1934 3109 quod
1968 3049 2078 3108 per
2102 3032 2393 3110 populum
2428 3036 2516 3093 si-

402 3128 758 3207 gnificentur
792 3131 894 3206 qui
928 3131 991 3189 in
1025 3131 1180 3190 bono
1218 3131 1518 3206 spirituali
1552 3140 1728 3205 sunt,
1782 3139 1844 3192 et
1889 3150 2000 3209 per
2032 3139 2271 3210 gentem
2319 3135 2421 3211 qui
2456 3136 2517 3193 in

402 3231 559 3290 bono
596 3228 875 3304 coelesti,
915 3233 1000 3290 ita
1036 3235 1138 3309 qui
1174 3231 1249 3290 ab
1287 3230 1561 3290 Ecclesia
1587 3233 1828 3292 Domini
1864 3233 2160 3310 spirituali
2196 3240 2257 3293 et
2291 3234 2368 3293 ab
2395 3234 2514 3293 Ec-

400 3330 587 3390 clesia
613 3328 816 3408 Ipsius
845 3332 1097 3392 coelesti
1132 3338 1299 3391 sunt:
1339 3332 1497 3408 quod
1533 3331 1652 3392 duo
1679 3301 1890 3410 Rqssgna
1918 3336 2038 3393 sint
2071 3335 2131 3393 in
2158 3352 2316 3412 quae
2347 3333 2517 3395 Coeli

400 3432 662 3493 distincti
694 3442 859 3508 sunt,
916 3450 1131 3510 nempe
1168 3432 1439 3509 Regnum
1479 3433 1741 3492 coeleste
1779 3441 1842 3493 et
1872 3433 2144 3511 Regnum
2180 3435 2513 3513 spirituale,

401 3540 463 3593 et
497 3533 656 3610 quod
689 3536 749 3593 in
782 3534 992 3611 Regno
1039 3531 1289 3592 coelesti
1334 3535 1457 3593 sint
1505 3535 1605 3610 qui
1642 3535 1702 3593 in
1744 3534 1901 3595 bono
1945 3538 2165 3595 amoris
2202 3537 2264 3595 in
2299 3536 2512 3596 Domi-

400 3652 541 3693 num
575 3640 744 3707 sunt,
787 3642 846 3693 et
889 3636 948 3691 in
980 3633 1190 3711 Regno
1227 3634 1525 3711 spirituali
1561 3637 1661 3711 qui
1713 3637 1774 3692 in
1817 3635 1974 3694 bono
2020 3636 2332 3696 charitatis
2371 3653 2516 3715 erga

399 3737 767 3812 proximum,
823 3734 1099 3793 videatur
1143 3736 1201 3793 in
1238 3733 1439 3811 Opere
1476 3735 1551 3794 de
1590 3734 1798 3794 Coeno
1833 3752 1911 3795 m·
1945 3736 2257 3806 Innnnno,
2308 3755 2380 3795 n:
2424 3739 2512 3796 20

402 3834 481 3892 ad
513 3838 623 3893 28:
663 3839 725 3892 at
760 3833 876 3893 duo
912 3833 1019 3893 illa
1051 3835 1262 3912 Regna
1297 3852 1412 3894 non
1448 3836 1641 3894 solum
1670 3842 1810 3894 sunt
1844 3838 1905 3895 in
1933 3835 2149 3911 CoeliS,
2188 3838 2301 3898 sed
2336 3840 2514 3898 etiam

400 3936 463 3993 in
497 3934 702 4006 terriS,
757 3939 817 3992 et
851 3936 911 3993 in
947 3938 1120 3996 terris
1168 3944 1458 3997 vocantur
1491 3935 1768 3997 Ecclesia
1814 3936 2097 3997 coelestis
2146 3944 2207 3996 et
2241 3938 2516 3998 Ecclesia

403 4032 752 4110 spiritualis.
823 4036 1012 4096 Pauci
1046 4039 1242 4096 sciunt
1278 4036 1425 4113 quid
1456 4039 1516 4096 in
1552 4039 1756 4113 specie
1791 4054 1901 4113 per
1936 4037 2227 4114 populum
2263 4045 2369 4097 aut
2400 4055 2516 4116 po-

401 4135 610 4212 pulos,
666 4142 727 4195 et
760 4136 901 4213 quid
936 4140 995 4197 in
1030 4139 1234 4215 specie
1270 4156 1380 4213 per
1415 4144 1652 4213 gentem
1701 4144 1804 4196 aut
1838 4143 2048 4213 gentes
2084 4140 2146 4197 in
2183 4137 2390 4198 Verbo
2426 4140 2513 4197 si-

403 4235 732 4336 gnificatur,
768 4236 904 4298 ideo
931 4238 1111 4298 velim
1147 4238 1350 4313 aliqua
1383 4237 1520 4297 loca
1548 4254 1581 4297 c
1608 4237 1814 4298 Verbo
1850 4237 2170 4315 adducere,
2210 4238 2312 4298 ubi
2339 4236 2515 4299 simul
