2791 4778
415 327 649 384 CAPUT
690 326 1032 398 QUINTUM.
1628 324 1834 379 vane:
1883 336 1969 389 12.
2017 335 2106 387 13.
2267 339 2372 390 151

264 496 322 547 et
352 492 676 566 percutere
711 491 933 563 virum,
989 483 1285 563 significat
1346 486 1407 543 in
1470 487 1731 544 externis
1799 484 1997 545 colere
2033 484 2258 560 Deum,
2317 495 2376 548 et

264 599 459 648 tamen
490 588 743 665 rejicere
790 606 965 648 omne
1000 603 1207 646 verum
1219 606 1235 662 ;
1288 602 1401 662 per
1434 585 1771 645 sacrificare
1819 586 2034 645 bovem
2069 586 2371 662 significa-

262 698 353 748 tur
388 689 587 748 cultus
623 707 699 749 ex
734 689 852 748 illis
890 705 1043 765 quae
1078 685 1617 763 repraesentabant
1649 686 1870 744 bonum
1909 687 2209 758 naturale,
2261 688 2373 748 bos

259 793 411 850 enim
446 796 546 849 est
578 790 800 850 bonum
836 787 1108 848 naturale
1120 807 1138 864 3
1195 793 1255 846 et
1286 804 1398 863 per
1431 792 1747 863 percutere
1782 789 1974 846 virum
2009 787 2376 865 significatur

256 891 505 968 rejicere
572 898 632 950 et
676 907 898 966 negare
950 905 1192 958 verum,
1243 888 1333 945 vir
1379 889 1439 946 in
1476 885 1679 947 Verbo
1730 894 1825 947 est
1867 904 2074 946 verum
2087 909 2103 964 3
2160 889 2372 949 offerre

258 989 390 1050 thus
428 996 493 1050 et
525 990 887 1050 benedicere
916 989 1194 1061 vanitati,
1235 986 1529 1063 signifieat
1564 986 1762 1047 colere
1801 987 2001 1047 Deum
2038 1006 2113 1047 ex
2150 989 2370 1050 talibus

257 1109 406 1167 quae
434 1091 976 1169 repraesentabant
1001 1090 1221 1149 bonum
1249 1088 1584 1164 spirituale,
1617 1094 1677 1145 et
1702 1095 1904 1147 tamen
1929 1105 2130 1149 amare
2149 1090 2372 1151 malum

257 1200 315 1251 et
346 1192 570 1251 falsum
604 1209 675 1252 ac
709 1191 979 1251 imbuere
1014 1190 1151 1260 illa,
1208 1188 1431 1247 oblatio
1468 1189 1660 1247 thuris
1710 1197 1805 1247 est
1839 1188 2036 1249 cultus
2092 1208 2165 1249 ex
2213 1191 2370 1252 bono

256 1294 587 1368 spirituali,
627 1300 688 1351 et
723 1294 956 1350 vanitas
994 1298 1087 1350 est
1122 1290 1341 1348 malum
1379 1296 1441 1348 et
1472 1287 1690 1347 salsum
1725 1289 1883 1348 mali.

410 1395 576 1452 341.
631 1393 823 1453 Vers:
882 1393 988 1451 13.
1041 1390 1140 1451 Et
1178 1407 1356 1450 omne
1399 1395 1680 1449 creatum
1724 1389 1892 1468 quod
1935 1394 2032 1450 eet
2082 1391 2154 1452 in
2190 1388 2371 1452 Coelo

257 1497 314 1553 et
346 1494 412 1553 in
452 1491 664 1554 Terra
714 1498 771 1553 et
812 1492 927 1554 sub
972 1490 1204 1565 Terra,
1260 1496 1318 1549 et
1359 1490 1428 1549 in
1465 1488 1648 1550 Mari
1688 1508 1847 1568 quae
1883 1496 2065 1567 aunt,
2117 1498 2179 1553 et
2213 1511 2373 1571 quae

259 1592 326 1653 in
357 1591 500 1653 illi-s·
546 1593 791 1667 omnia,
847 1591 1078 1653 audivi
1121 1590 1395 1651 dicentes
1409 1610 1438 1661 ,·
1489 1589 1749 1652 sedenti
1786 1610 1975 1671 super
2019 1590 2268 1654 Tho-ono
2312 1598 2373 1653 et

257 1692 436 1772 Ayno
471 1692 819 1754 benedictio
854 1698 913 1752 et
945 1691 1142 1752 honor
1178 1699 1237 1753 et
1271 1688 1489 1771 yloria
1524 1695 1584 1750 et
1608 1691 1799 1752 robur
1839 1692 1911 1752 in
1945 1690 2200 1753 saecula
2228 1711 2368 1754 sae-

260 1791 557 1855 culorum.
615 1794 691 1852 Et
725 1812 897 1852 omne
934 1800 1204 1853 creatum
1252 1792 1413 1870 quod
1448 1798 1540 1852 est
1570 1793 1633 1850 in
1669 1790 1854 1853 Coelo
1892 1800 1953 1853 et
1986 1795 2045 1852 in
2084 1793 2274 1855 Terra
2307 1803 2371 1855 et

258 1893 588 1970 subterra,
629 1901 688 1953 et
722 1896 782 1952 in
819 1898 967 1954 mari
1006 1910 1163 1970 quae
1203 1900 1340 1951 sunt
1376 1899 1439 1951 et
1474 1910 1626 1969 qnae
1663 1894 1722 1951 in
1755 1894 1875 1954 illis
1912 1895 2127 1970 omnia,
2166 1894 2369 1955 audivi

258 1993 514 2055 dicentes
534 2038 556 2070 ,
609 1994 904 2071 significat
938 1996 1301 2071 agnitionem
1338 2000 1400 2052 et
1432 1993 1571 2052 inde
1606 1993 2094 2070 glorificationem
2128 1995 2369 2056 Domini

258 2095 329 2154 ab
379 2095 633 2173 Angelis
685 2098 788 2172 qui
836 2099 898 2154 in
949 2096 1163 2153 infimis
1216 2093 1413 2154 Coeli:
1478 2093 1724 2153 Sedenti
1774 2111 1957 2173 super
2011 2095 2252 2156 Thi-ono
2307 2102 2369 2157 et

261 2197 440 2273 Agno‚
470 2195 770 2274 significat
795 2195 1114 2255 Dominum
1144 2196 1340 2272 quoad
1367 2196 1650 2254 Divinum
1677 2195 1908 2254 Bonum
1938 2202 2000 2254 et
2025 2197 2225 2271 quoad
2248 2197 2363 2255 Di-
2405 2207 2566 2271 [444]

261 2298 450 2356 vinum
475 2298 727 2357 Verum:
763 2295 1116 2369 benedictiO,
1149 2295 1446 2373 significat
1472 2296 1849 2370 agnitionem,
1876 2295 2367 2372 glorificationem

268 2404 325 2455 et
355 2401 671 2473 gratiarnm
717 2401 1009 2457 actionem
1066 2398 1220 2473 quod
1268 2413 1440 2455 omne
1489 2396 1708 2454 bonum
1756 2402 1816 2455 et
1861 2415 2070 2455 verum
2121 2402 2182 2455 et
2231 2397 2369 2458 inde

273 2496 487 2557 coelum
528 2506 589 2556 et
624 2499 879 2557 felicitas
917 2507 1165 2557 aeterna
1216 2500 1297 2561 sit
1329 2497 1450 2556 illis
1488 2496 1589 2571 qui
1622 2497 1951 2573 recipiunt:
1990 2503 2050 2555 et
2082 2496 2273 2556 honor
2311 2504 2371 2556 et

273 2596 477 2672 gloria,
534 2598 826 2676 signifieat
860 2600 1020 2676 quod
1055 2599 1183 2674 Ipsi
1219 2597 1346 2658 Soli
1399 2599 1478 2655 sit
1513 2614 1685 2656 omne
1721 2597 2004 2656 Divinum
2037 2596 2272 2656 Bonum
2309 2604 2370 2656 et

268 2695 538 2758 Divinum
573 2699 832 2774 Verum,
890 2707 948 2757 et
981 2700 1119 2758 inde
1156 2715 1330 2758 omne
1365 2698 1587 2758 bonum
1615 2699 1832 2756 amoris
1870 2704 1931 2757 et
1965 2715 2174 2758 verum
2209 2697 2363 2771 fidei,

266 2814 335 2855 ex
369 2801 580 2876 quibus
619 2802 808 2858 omnis
845 2801 1141 2877 sapientia
1179 2808 1238 2858 et
1272 2798 1666 2875 intelligentia
1702 2814 1855 2874 quae
1894 2804 1986 2858 est
2024 2799 2269 2875 Angelis
2308 2807 2369 2858 et

259 2896 619 2959 hominibus:
685 2906 745 2959 et
769 2901 950 2960 robur
989 2900 1075 2977 [in
1111 2901 1358 2958 saecula
1392 2899 1801 2976 saeculorum]
1824 2943 1839 2972 ,
1879 2900 2172 2975 significat
2208 2900 2368 2977 quod

260 2997 377 3074 Ipsi
416 3000 545 3061 Soli
583 3003 661 3059 sit
700 2999 1175 3076 Omnipotentia‚
1213 3003 1272 3057 in
1309 3008 1635 3059 aeternum.

357 3102 520 3162 342.
574 3102 653 3160 Et
677 3118 849 3161 omne
880 3108 1144 3162 creatum
1185 3101 1343 3177 quod
1369 3108 1464 3159 est
1497 3103 1557 3158 in
1586 3099 1756 3159 coelo
1793 3107 1854 3159 et
1887 3102 1948 3159 in
1976 3108 2137 3161 terra
2167 3107 2226 3160 et
2251 3101 2365 3159 sub

258 3205 436 3272 terra,
491 3209 556 3261 et
590 3204 651 3260 in
684 3205 836 3260 mari
871 3219 1026 3278 quae
1063 3208 1202 3260 sunt
1237 3208 1298 3260 et
1333 3218 1488 3276 quae
1523 3200 1735 3263 inillis
1772 3203 1996 3272 omnia,
2032 3200 2237 3260 audivi
2270 3200 2365 3259 di·-

261 3309 487 3374 centes‚
529 3302 690 3379 qnod
722 3302 1015 3377 significet
1051 3304 1413 3378 agnitionem
1451 3308 1510 3361 et
1543 3299 1678 3359 inde
1716 3300 2203 3376 glorificationem
2231 3300 2364 3360 Do-

259 3403 392 3460 mini
425 3403 505 3461 ab
539 3402 791 3479 Angelis
829 3405 931 3479 qui
969 3404 1029 3460 in
1065 3402 1282 3461 infimis
1317 3400 1507 3471 coeli,
1545 3406 1777 3459 constat
1827 3417 1901 3458 ex
1938 3400 2367 3474 significatione

262 3505 437 3562 omnis
467 3506 688 3574 creati,
726 3503 884 3578 quod
921 3505 1040 3562 sint
1074 3519 1279 3561 omnes
1315 3503 1422 3578 qui
1455 3509 1595 3560 sunt
1621 3501 1923 3559 reformati
1935 3519 1951 3573 3
1991 3498 2149 3574 quod
2175 3503 2368 3559 creari

262 3601 547 3678 significet
572 3604 883 3663 reformari
913 3611 972 3663 et
996 3604 1358 3680 regenerari,
1400 3601 1673 3661 videatur
1698 3616 1885 3676 supra
1917 3616 1983 3658 n:
2018 3600 2189 3674 2943
2226 3598 2366 3660 inde

264 3708 520 3762 creatum
552 3705 850 3780 significat
900 3704 1060 3781 quod
1093 3704 1477 3763 reformatum
1532 3710 1591 3761 et
1629 3706 2048 3775 regeneratum
2085 3706 2174 3760 est
2186 3720 2202 3776 3
2257 3701 2367 3760 sed

260 3806 589 3877 respective
616 3804 693 3861 ad
719 3796 1000 3881 AngeIOS,
1041 3804 1113 3863 de
1144 3802 1360 3881 quibus
1387 3802 1539 3862 haec
1567 3802 1858 3872 dicuntur,
1895 3800 2191 3878 significat
2228 3801 2365 3862 illos

268 3904 361 3975 qui
390 3905 451 3961 in
484 3905 705 3963 mundo
740 3906 1045 3965 reformati
1080 3910 1248 3977 sunt,
1302 3903 1419 3963 hoc
1456 3909 1579 3973 est,
1633 3921 1665 3961 e
1699 3918 1858 3962 novo
1894 3905 2110 3974 creati,
2160 3919 2367 3962 omnes

268 4004 411 4061 enim
443 4004 530 4065 illi
561 4007 622 4064 in
659 4007 828 4065 coelo
862 4012 1032 4066 sunt:
1086 4004 1278 4065 simile
1316 4004 1477 4082 quod
1509 4003 1605 4064 hic
1639 4020 1751 4080 per
1784 4011 2049 4063 creatum
2083 4005 2367 4081 intelligi-

265 4103 355 4159 tur
397 4121 507 4179 per
553 4104 902 4166 Creaturam
947 4104 1110 4182 apud
1154 4105 1423 4165 Marcum
1480 4148 1517 4178 „
1539 4101 1734 4165 Jesua
1774 4102 1954 4166 dimit
2004 4101 2368 4185 diemPulis,

264 4206 460 4263 eunte-s
499 4205 570 4265 in
606 4204 916 4268 mundum
954 4205 1321 4267 universum
1353 4200 1721 4284 praedicate
1758 4201 2153 4283 evangelium
2199 4200 2371 4262 omni
