2791 4778
374 394 588 451 CAPUT
629 394 940 453 SEXTUM.
1690 393 1870 448 VERS
1888 414 1901 447 z
1958 405 2021 455 11
2037 439 2050 455 .
2208 406 2316 456 309

247 556 319 629 lo,
366 554 599 613 elevati:
654 553 811 630 quod
865 553 1005 612 mali
1049 559 1169 612 tam
1220 553 1321 612 diu
1367 553 1608 614 tolerati
1659 556 1882 618 fuerint
1916 571 2103 632 super
2154 556 2312 632 altis,

244 673 300 715 ac
323 655 441 715 boni
464 661 581 713 tam
617 656 719 714 diu
755 655 980 713 detenti
1015 654 1127 713 sub
1166 653 1369 728 Coe10,
1409 655 1520 714 fuit
1553 671 1742 714 causa
1776 662 1844 714 ιιι
1872 656 2320 733 complerentur

243 756 292 815 hi
322 763 371 814 et
401 756 504 827 illi,
541 756 659 815 hoc
700 762 824 830 est,
874 761 943 813 ut
975 755 1116 815 boni
1153 755 1256 813 tali
1292 773 1539 820 numero
1575 754 1810 831 essent,
1867 762 1935 816 ut
1970 757 2316 818 sufficerent

241 858 303 915 ad
324 874 524 915 novum
565 855 817 916 Coelum
866 873 940 914 ex
969 855 1094 938 illis
1131 856 1532 931 formandum,
1590 863 1650 915 et
1686 873 1923 933 quoque
1961 864 2027 915 ιιι
2061 858 2203 917 mali
2240 876 2319 918 ex
2404 915 2407 918 .

239 971 291 1016 se
316 941 642 1016 deciderent
679 956 754 1016 ad
789 956 1113 1028 infernum,
1169 956 1462 1016 Dominus
1511 959 1665 1015 enim
1701 960 1998 1018 neminem
2032 961 2094 1016 in
2127 959 2314 1018 infer-

240 1076 352 1116 num
391 1058 618 1134 dejicit,
676 1057 786 1116 sed
832 1059 1028 1133 ipsum
1075 1057 1335 1132 malum,
1394 1058 1552 1134 quod
1602 1059 1763 1135 apud
1810 1058 1999 1118 malos
2044 1061 2312 1134 spiritu8‚

242 1158 409 1235 dejicit
427 1159 604 1233 illos,
645 1158 921 1216 videatur
944 1161 1004 1215 in
1042 1143 1241 1233 Opere
1280 1158 1354 1216 de
1393 1157 1595 1218 Conco
1633 1177 1709 1217 m·
1745 1159 2020 1218 ΙΝιιῈιιΝο
2058 1177 2126 1217 n:
2176 1162 2309 1219 545

238 1260 297 1317 ad
343 1261 501 1319 550:
556 1260 674 1317 hoc
723 1266 862 1316 tunc
909 1258 1005 1331 fit,
1065 1259 1298 1334 quando
1348 1259 1508 1318 mala
1557 1266 1995 1329 consummata,
2046 1260 2162 1319 hoc
2198 1267 2331 1336 est,

237 1360 495 1436 completa
535 1366 707 1436 sunt3
761 1359 874 1417 hoc
929 1376 1168 1436 quoque
1207 1365 1298 1418 est
1336 1359 1494 1435 quod
1530 1359 1879 1437 intelligitur
1928 1378 2039 1437 per
2076 1360 2317 1420 Domini

238 1461 389 1519 verba
445 1462 609 1537 apud
653 1460 1025 1518 Matthaeum
1077 1457 1503 1534 „Accedentee
1560 1460 1729 1521 servi
1783 1459 2319 1541 Patrisfamilz‘as

232 1558 521 1637 disemum,
560 1579 764 1621 nonne
795 1560 1022 1619 bonum
1065 1578 1272 1621 semen
1314 1561 1649 1622 seminasti
1682 1561 1752 1621 in
1788 1580 1948 1642 affro
1984 1567 2112 1637 tu0,
2150 1562 2319 1623 unde

232 1680 353 1739 erqo
385 1667 529 1722 sunt
575 1660 874 1731 zizania,
926 1666 985 1719 et
1024 1659 1363 1731 elmerum,
1418 1662 1517 1721 vis
1556 1682 1705 1743 erqo
1747 1664 2046 1724 abeamus
2081 1670 2141 1724 et
2183 1660 2314 1723 ool-

233 1758 481 1841 liqamus
515 1782 588 1823 ea
605 1782 636 1834 ;
692 1769 762 1822 at
795 1758 909 1821 ille
943 1760 1151 1834 dixit,
1191 1780 1338 1836 non,
1378 1782 1455 1823 ne
1490 1761 1844 1844 colliyendo
1877 1763 2140 1825 zizania
2175 1781 2320 1824 era-

233 1861 426 1923 dicetis
461 1860 666 1924 simul
700 1880 840 1922 cam
874 1864 969 1923 eis
1005 1862 1322 1938 triticum,
1379 1863 1569 1925 sinite
1619 1864 2147 1945 itaqae'atraque
2180 1883 2315 1925 cre-

233 1982 370 2023 scere
430 1964 518 2024 ad
569 1982 870 2040 messem,
936 1969 995 2023 et
1044 1969 1316 2043 tempore
1370 1965 1602 2026 messis
1652 1966 1866 2026 dicam
1918 1966 2323 2038 messoribus,

233 2062 498 2143 colliyz‘te·
520 2065 816 2144 primum
866 2063 1157 2139 zizania,
1213 2070 1275 2124 et
1339 2062 1541 2145 ligate
1583 2085 1656 2125 ea
1690 2066 1760 2125 in
1808 2064 2172 2144 fasciculos
2231 2064 2323 2126 ad

233 2165 711 2235 comburendum,
765 2165 984 2225 tritica
1022 2184 1164 2225 vero
1209 2162 1494 2244 colliyite
1531 2167 1601 2225 in
1638 2164 1897 2226 horrea:
1960 2165 2055 2225 sic
2093 2165 2216 2226 erit
2248 2165 2322 2225 in

234 2262 758 2327 Con-summatim
796 2264 1084 2326 saeculi“
1126 2265 1309 2326 XIII:
1356 2269 1440 2323 27
1488 2266 1564 2323 ad
1607 2267 1719 2324 30.
1765 2268 1850 2323 37
1884 2265 1962 2324 ad
1991 2269 2116 2341 423
2168 2281 2317 2326 eon-

234 2369 512 2427 summatio
554 2367 790 2427 saeculi
827 2374 920 2427 est
958 2366 1229 2426 ultimum
1267 2374 1504 2443 tempus
1543 2366 1780 2444 quando
1807 2366 2120 2444 judicium,
2160 2371 2321 2426 tem-

237 2482 340 2538 pus
369 2472 567 2528 messis
607 2476 704 2529 est
741 2469 976 2545 quando
1007 2471 1203 2527 omnia
1228 2475 1641 2529 consummata
1676 2484 1785 2528 seu
1822 2467 2120 2544 completa
2157 2474 2316 2541 sunt,

215 2566 439 2625 'zizania
469 2576 606 2628 sunt
648 2570 837 2645 mala,
903 2588 1016 2630 seu
1050 2570 1109 2627 in
1148 2569 1367 2652 quibus
1423 2569 1579 2628 mala
1619 2576 1787 2640 sunt,
1842 2586 1912 2628 ac
1948 2569 2146 2626 tritica
2179 2572 2322 2626 sunt

231 2665 391 2741 bona,
442 2651 551 2729 seu
589 2673 651 2729 in
688 2671 901 2746 quibus
937 2671 1097 2731 bona
1133 2677 1307 2742 sunt,
1377 2670 1488 2729 sed
1542 2669 1615 2729 de
1669 2670 1760 2728 his
1797 2670 1973 2747 plura
2007 2667 2324 2727 videantur

229 2768 279 2824 in
327 2763 628 2846 Opusculo
676 2771 749 2830 de
803 2770 1048 2832 Ummo
1097 2771 1345 2831 JUDICIO
1402 2790 1469 2829 n:
1515 2773 1598 2831 65
1642 2771 1719 2829 ad
1754 2774 1862 2830 72.
1944 2771 2035 2829 Ex
2069 2769 2164 2829 his
2202 2768 2318 2829 ali-

230 2876 482 2942 quantum
515 2875 662 2930 sciri
695 2878 940 2948 potest5‘
986 2860 1143 2930 unde
1188 2879 1282 2930 est
1319 2870 1478 2948 quod
1525 2872 1747 2931 dictum
1786 2873 1862 2930 sit
1904 2871 2053 2945 illis,
2116 2876 2180 2929 ut
2217 2888 2318 2932 re·

229 2971 583 3042 quiescerent
625 2973 820 3030 adhuc
852 2980 1088 3048 tempus
1127 2989 1401 3047 parvum,
1446 2989 1639 3049 usque
1669 2972 1808 3039 dum
1854 2972 2226 3049 complentur
2263 2978 2325 3032 et

228 3074 474 3130 conservi
505 3089 711 3130 eorum
745 3079 805 3131 et
833 3073 1048 3131 fratres
1077 3089 1278 3130 eorum
1308 3075 1410 3154 qui
1445 3073 1629 3132 futuri
1662 3074 1913 3133 interfici
1938 3076 2094 3132 sicut
2122 3079 2183 3131 et
2205 3071 2323 3149 illi3

224 3185 315 3242 per
352 3172 603 3232 interfici
649 3173 745 3231 hic
788 3173 979 3232 simsse
1025 3172 1393 3248 significatur
1439 3174 1597 3248 quod
1639 3193 1749 3251 per
1793 3173 1983 3234 occidi
2026 3190 2212 3250 supra
2257 3190 2318 3232 n:

231 3270 367 3345 392,
397 3291 616 3349 nempe
647 3292 683 3332 a
709 3273 880 3332 malis
907 3274 1076 3350 rejici
1111 3280 1360 3349 propter
1387 3273 1670 3332 Divinum
1699 3275 1928 3333 Verum
1966 3292 2036 3335 ac
2071 3278 2321 3352 propter

225 3372 638 3432 consessionem
707 3374 965 3431 Domini.
1066 3374 1154 3432 Ex
1207 3374 1336 3432 his»
1365 3375 1617 3449 cognitis
1681 3377 1820 3433 sciri
1883 3381 2087 3450 potest
2099 3418 2117 3448 ,
2176 3373 2322 3449 quid

226 3470 571 3546 significatur
604 3491 716 3551 per
752 3477 1353 3543 consummationem,
1394 3481 1455 3532 et
1488 3491 1597 3550 per
1632 3476 2004 3549 iniquitatem
2042 3486 2326 3530 consuma

224 3577 420 3631 matam
447 3577 512 3632 in
536 3574 631 3633 his
661 3574 1049 3650 sequentibus
1086 3574 1256 3643 locis,
1292 3574 1454 3651 apud
1482 3574 1692 3631 Mosen
1729 3570 1992 3645 „Dioeit
2015 3567 2321 3644 Jehovah,

223 3666 578 3734 descendam
611 3680 672 3734 et
714 3672 930 3734 videbo
945 3719 963 3749 ‚
1008 3693 1161 3735 num
1192 3674 1404 3756 juoeta
1455 3670 1818 3744 clamorem,
1873 3670 1984 3749 qui
2031 3669 2200 3731 venit
2234 3666 2326 3729 ad

221 3766 329 3840 Me,
349 3773 625 3852 fecerint
658 3775 1304 3835 consummationem“
1349 3774 1584 3834 Genes:
1623 3770 1869 3832 XVIII:
1915 3774 1949 3829 2
1971 3775 2034 3846 13
2090 3771 2164 3830 de
2201 3769 2320 3831 So-

223 3867 396 3931 doma:
435 3876 597 3953 apud
620 3875 891 3934 Eundem
923 3919 959 3949 ,‚
979 3874 1157 3950 Quia
1181 3874 1462 3935 nondum
1491 3878 1929 3934 consummata
1965 3868 2323 3954 (zimpletaz)

220 3976 302 4028 est
339 3973 655 4053 iniquitas
705 3975 1252 4036 Emorraeorum“
1310 3975 1544 4035 Genes:
1592 3973 1745 4034 XV:
1792 3977 1912 4032 16:
1964 3972 2126 4049 apud
2167 3972 2323 4030 Esa-

212 4068 325 4143 jam
378 4072 1037 4148 „Consummatz‘moem
1086 4080 1145 4134 et
1195 4074 1578 4135 decisionem
1630 4073 1860 4136 audivi
1906 4092 1949 4134 a
1994 4092 2138 4135 oum
2172 4071 2323 4132 Do-

221 4169 373 4231 mino
413 4173 679 4236 Jehovih
718 4175 1004 4237 Zebaoth
1046 4195 1235 4254 super
1269 4175 1636 4252 universam
1675 4177 1956 4237 terram“
2014 4173 2329 4237 XXVIII:

226 4269 338 4329 22:
389 4277 547 4350 apud
593 4278 864 4338 Eundem
917 4274 1452 4352 „Consummatz'o
1501 4275 1797 4354 definita,
1853 4270 2172 4336 inundata
2204 4273 2324 4353 ju·-

311 4388 731 4447 Swedenborg‚
764 4393 956 4446 Apocal.
988 4393 1103 4445 upl.
1135 4392 1195 4431 n.
1904 4377 1992 4432 24
