2791 4778
432 353 541 404 170
777 337 1268 395 ArocALYPsrs
1313 338 1745 398 EXPucATA.
1814 339 1861 408 ς.
1905 345 2032 400 352.
2091 346 2220 400 353.

227 508 390 570 [458]
433 498 592 580 quod
628 515 801 559 nemo
838 497 976 558 illos
1026 499 1181 559 sciat
1217 515 1395 575 quam
1434 496 1616 558 Solus
1650 498 1980 569 Dominus,
2033 503 2271 558 constat
2325 514 2403 558 ex
2434 499 2547 558 illis

430 618 585 679 quae
643 599 717 658 de
751 598 933 658 Libro
993 599 1097 658 illo
1160 604 1222 657 et
1280 598 1355 658 de
1412 599 1747 675 aperitione
1794 598 2126 675 sigillorum
2175 598 2309 677 ejus
2371 614 2549 677 supra

428 720 501 762 n:
537 702 701 759 199.
732 703 894 758 222.
926 701 1088 758 299.
1121 702 1285 774 327,
1324 698 1628 775 explicata
1653 705 1812 758 sunt:
1850 698 1988 757 inde
2015 704 2217 774 patet,
2257 698 2424 775 quod
2447 716 2550 776 per

428 818 565 861 cum
601 801 944 877 aperuisset
966 800 1177 876 Agnus
1204 801 1462 877 primum
1500 815 1575 858 ex
1612 798 1843 875 sigillis,
1882 798 2258 876 significetur
2292 801 2490 875 prima
2519 817 2552 856 a

426 901 686 962 Domino
721 899 1142 960 manifestatio.

583 1002 746 1061 353.
800 1000 878 1058 Et
911 999 1114 1058 audivi
1148 1017 1328 1059 unum
1366 1016 1442 1059 ex
1471 1005 1728 1076 quatuor
1754 998 2130 1058 Animalibus
2169 998 2381 1057 dicens
2419 1004 2552 1059 tan-

426 1120 605 1181 quam
641 1118 791 1161 voce
829 1101 1101 1170 tonitrui,
1137 1100 1295 1177 quod
1331 1100 1627 1176 significet
1664 1117 1699 1159 e
1737 1098 1920 1160 Coelo
1955 1100 2162 1157 intimo
2201 1116 2237 1156 a
2276 1099 2547 1174 Domino,

425 1207 665 1263 constat
699 1219 772 1259 ex
808 1199 1238 1276 significatione
1276 1207 1533 1277 quatuor
1569 1199 1930 1258 Animalium
1970 1215 2079 1259 seu
2118 1198 2546 1273 Cheruborum‚

429 1302 589 1380 quod
637 1304 697 1360 in
747 1317 1030 1377 supremo
1083 1316 1266 1359 sensu
1316 1301 1439 1359 sint
1471 1301 1696 1359 Divina
1730 1300 2119 1359 Providentia
2152 1300 2432 1375 Domini,
2486 1316 2548 1358 ac

430 1402 706 1462 custodia
759 1418 834 1460 ne
881 1389 1135 1459 adeatur
1193 1396 1308 1460 nisi
1372 1418 1552 1477 quam
1612 1418 1724 1476 per
1757 1399 1978 1458 bonum
2015 1401 2266 1474 amoriS,
2327 1400 2404 1459 de
2441 1417 2548 1477 qua

428 1519 613 1579 supra
642 1521 710 1561 n:
747 1505 775 1560 1
797 1504 906 1562 52.
943 1505 1025 1559 27
1046 1506 1103 1575 75
1145 1508 1206 1560 et
1239 1502 1299 1559 in
1327 1516 1512 1559 sensu
1548 1502 1891 1576 respectivo
1918 1502 2185 1559 intimum
2224 1508 2288 1559 et
2317 1503 2548 1560 tertium

430 1601 712 1677 Coelum,
771 1602 844 1660 de
884 1619 1003 1678 qua
1041 1604 1218 1660 etiam
1258 1618 1443 1678 supra
1478 1618 1553 1659 n:
1596 1602 1757 1659 313.
1800 1602 1980 1675 3223
2038 1606 2098 1659 et
2133 1618 2209 1660 ex
2245 1601 2546 1678 significa·

429 1705 589 1770 tione
626 1704 791 1760 vocis
827 1703 1089 1775 tonitrui,
1143 1701 1304 1779 quod
1332 1704 1411 1759 sit
1442 1701 1581 1760 inde
1611 1702 2046 1775 manifestati03
2087 1701 2247 1776 quod
2285 1719 2401 1777 per
2436 1700 2545 1759 ful-

428 1819 612 1878 gura,
648 1803 909 1860 tonitrua
944 1817 1005 1858 et
1038 1819 1239 1874 vocem,
1278 1804 1338 1859 in
1374 1801 1580 1860 Verbo
1616 1801 2025 1878 significentur
2058 1800 2415 1872 illustratio,
2461 1803 2543 1859 in-

429 1901 739 1975 tellectus,
779 1909 840 1960 et
876 1904 1186 1978 perceptio
1200 1946 1219 1977 ,
1258 1902 1534 1960 videatur
1570 1918 1755 1978 supra
1788 1920 1860 1960 n:
1904 1903 2079 1971 273,
2126 1900 2267 1961 inde
2312 1917 2545 1979 quoque

425 2002 850 2062 manifestatio.
889 2001 1064 2078 Quod
1091 2005 1347 2061 tonitrua
1375 2001 1711 2079 significent
1736 2001 2274 2061 manifestationem
2304 2020 2337 2061 e
2370 2001 2546 2062 Coelo

427 2104 663 2177 intimo,
705 2109 797 2161 est
833 2119 909 2162 ex
940 2102 1501 2179 coi-respondentia,
1538 2120 1674 2160 nam
1710 2119 1893 2162 voces
1931 2119 2087 2179 quae
2125 2120 2200 2162 ex
2232 2102 2339 2161 illo
2370 2101 2546 2161 Coelo

312 2241 315 2250 ·
428 2201 788 2264 delabuntur
832 2219 1026 2280 usque
1074 2206 1132 2261 in
1172 2201 1442 2262 auditum
1489 2203 1774 2276 hominis,
1831 2220 1949 2261 non
1998 2202 2172 2261 aliter
2209 2202 2545 2277 audiuntur,

425 2305 679 2381 implent
726 2306 881 2362 enim
930 2309 1118 2364 totum
1158 2301 1515 2378 cerebrum,
1573 2309 1633 2361 et
1679 2302 1815 2361 inde
1861 2319 1928 2362 se
1963 2308 2304 2380 propagant
2338 2317 2548 2362 versus

426 2406 721 2479 auditum,
760 2413 817 2465 et
844 2405 927 2464 ibi
962 2404 1068 2464 tali
1106 2421 1253 2463 sono
1283 2406 1804 2481 appetoipiuntun
1844 2405 2017 2463 aliter
2043 2421 2225 2463 voces
2255 2421 2417 2479 quae
2445 2403 2545 2462 de-

426 2506 710 2567 labuntur
745 2524 778 2566 e
817 2505 1002 2579 Coelo
1038 2505 1251 2578 medio,
1289 2505 1408 2565 hae
1437 2507 1578 2581 quia
1602 2520 1736 2563 cum
1771 2504 2168 2564 illustratione
2203 2504 2545 2577 illabuntur,

423 2606 561 2666 ideo
596 2607 772 2666 modo
808 2624 1041 2680 sonore,
1081 2608 1237 2665 sicut
1271 2622 1452 2664 voces
1488 2604 1788 2680 loquelae,
1828 2604 2175 2681 audiuntur5
2215 2621 2408 2663 causa
2444 2609 2547 2677 est,

430 2709 573 2784 quia
609 2724 763 2782 quae
793 2724 825 2766 e
858 2706 1041 2767 Coelo
1069 2708 1274 2764 intimo
1312 2722 1422 2764 seu
1460 2707 1634 2764 tertio
1664 2704 2044 2775 delabuntur,
2080 2707 2305 2763 intrant
2331 2705 2545 2765 volun-

426 2808 644 2865 tarium
678 2806 963 2876 hominis,
1019 2813 1080 2866 et
1113 2807 1514 2877 voluntarium
1562 2822 1628 2863 se
1666 2808 1822 2863 sistit
1866 2823 1979 2881 per
2025 2821 2236 2881 sonos3
2295 2812 2358 2864 at
2397 2821 2545 2883 quae

429 2924 465 2966 e
502 2905 685 2965 Coelo
733 2906 929 2964 medio
966 2923 1075 2965 seu
1119 2906 1385 2966 secundo
1436 2905 1829 2977 delabuntur,
1879 2906 2100 2964 intrant
2142 2905 2545 2965 intellectuale

426 3007 711 3080 hominis,
763 3023 834 3064 ac
871 3007 1275 3067 intellectuale
1312 3024 1380 3066 se
1418 3009 1574 3065 sistit
1608 3024 1717 3083 per
1755 3005 2201 3065 articulationes
2236 3008 2389 3081 soni,
2428 3007 2543 3066 sor-

427 3113 666 3166 mantur
714 3108 868 3165 enim
921 3109 1055 3165 soni
1097 3109 1159 3165 in
1206 3106 1549 3181 intellectu,
1609 3123 1678 3164 ac
1724 3107 1963 3165 formati
2011 3109 2178 3177 soni,
2233 3124 2390 3183 quae
2440 3123 2544 3165 vo-

428 3212 641 3267 cantur
674 3207 1121 3267 articulationes
1160 3209 1290 3285 ejus
1312 3249 1330 3282 ,
1367 3224 1437 3267 se
1472 3209 1696 3266 sistunt
1726 3225 1836 3284 per
1872 3208 2041 3266 ideas
2076 3209 2136 3264 in
2165 3210 2546 3283 cogitatione,

428 3324 500 3368 ac
536 3325 648 3385 per
680 3324 862 3368 vooes
906 3309 965 3366 in
1003 3309 1244 3367 auditu:
1293 3307 1432 3367 inde
1469 3313 1591 3381 est,
1648 3308 1809 3384 quod
1845 3324 2000 3384 quae
2055 3324 2088 3366 e
2125 3306 2312 3367 Coelo
2346 3309 2546 3366 intimo

427 3426 539 3469 seu
592 3412 768 3470 tertio
827 3408 1218 3484 delabuntur,
1282 3408 1795 3486 correspondeant
1856 3409 2127 3483 tonitrui,
2199 3416 2260 3466 et
2306 3425 2467 3485 quae
2516 3424 2546 3466 e

431 3509 614 3570 Coelo
662 3510 858 3570 medio
906 3526 1016 3569 seu
1065 3500 1360 3584 secundo,
1419 3508 1927 3585 correspondeant
1975 3507 2232 3586 ful-guri3
2305 3515 2366 3568 et
2419 3506 2546 3568 inde

429 3628 668 3687 quoque
707 3617 817 3686 est,
856 3610 1015 3687 quod
1051 3612 1111 3668 in
1148 3610 1352 3669 Verbo
1397 3627 1510 3686 per
1545 3609 1783 3686 fulgura
1818 3614 1880 3669 et
1916 3611 2176 3669 tonitrua
2208 3609 2546 3685 significen-

426 3717 526 3770 tur
569 3710 919 3783 illustratio,
965 3709 1310 3769 intellectus
1372 3716 1434 3768 et
1480 3711 1811 3787 perceptio.
1853 3709 2057 3779 ‚Haec
2105 3708 2547 3769 similitudinem

424 3808 649 3869 habent
701 3826 836 3868 cnm
886 3812 1051 3868 sonis
1099 3811 1159 3867 in
1194 3807 1447 3883 mund0‚
1522 3809 1681 3885 quod
1716 3815 1992 3870 crescant
2042 3827 2179 3869 cum
2229 3815 2546 3887 augmento

428 3925 612 3985 quum
649 3925 724 3966 ex
760 3908 896 3967 altis
927 3907 1324 3979 descendunt,
1359 3913 1428 3967 ut
1463 3908 1603 3968 dum
1631 3927 1705 3969 ex
1731 3911 2030 3970 montibus
2066 3910 2205 3968 altis
2241 3910 2302 3967 in
2338 3911 2546 3981 valles»,

428 4014 494 4068 et
527 4024 766 4084 quoque
799 4012 871 4067 ut
904 4007 1042 4066 dum
1098 4025 1174 4067 ex
1208 4007 1468 4067 nubibus
1502 4025 1716 4070 versus
1754 4018 1973 4070 terram
1993 4054 2011 4083 ,
2065 4008 2226 4069 unde
2262 4013 2545 4085 tonitrua3

426 4109 515 4167 ita
551 4124 788 4184 quoque
816 4123 998 4168 voces
1027 4125 1061 4168 e
1086 4107 1271 4171 Coelo
1306 4111 1483 4171 tertio
1506 4126 1619 4171 seu
1646 4127 1952 4187 supremo,
1991 4127 2145 4189 quae
2175 4127 2314 4171 cum
2339 4124 2545 4172 versus

426 4207 712 4270 inferiora
747 4207 1156 4285 devolvuntur,
1194 4210 1435 4273 tandem
1469 4214 1529 4272 in
1562 4210 1794 4287 infimiS,
1832 4214 1892 4270 in
1933 4210 2151 4289 quibus
2190 4216 2284 4271 est
2312 4210 2545 4271 auditus
