2791 4778
537 372 606 421 52
909 358 1404 416 APOCALYPSIS
1445 358 1880 414 EXPLICATA.
1961 359 2008 428 ς.
2054 369 2183 422 316.

534 537 683 579 vera
719 527 782 578 et
812 518 973 578 bona
1000 518 1170 579 Coeli
1206 525 1268 578 et
1292 518 1625 592 Ecclesiae,
1663 518 1923 596 dejicere
1952 520 2283 579 exercitum
2317 521 2377 578 in
2411 527 2678 596 terram,

537 628 599 679 et
634 619 989 679 conculcare
1038 637 1142 694 ea,
1196 619 1496 696 significat
1541 635 1791 696 prorsus
1846 618 2191 696 destruere3
2245 621 2412 695 quod
2458 638 2677 700 usque

537 719 617 778 ad
651 720 988 797 Principem
1048 722 1347 779 exercitus
1402 736 1468 778 se
1506 720 1818 795 extulerit,
1874 726 1937 779 et
1984 719 2144 797 quod
2195 720 2539 798 proJectum
2589 725 2681 781 sit

537 819 944 880 habitaculum
977 821 1303 880 sanctuarii
1339 821 1494 896 ej11S,
1537 819 1834 896 significat
1867 822 2250 897 negationem
2276 821 2484 880 Divini
2519 822 2675 882 Hu-

537 922 698 979 mani
730 922 999 996 Domini,
1055 927 1117 979 ct
1148 919 1288 979 inde
1323 919 1635 979 Ecclesiae
1670 922 2101 997 vastationem3
2152 921 2443 997 Princeps
2475 938 2674 982 exer·-

538 1024 691 1081 citus
750 1029 845 1080 est
876 1022 1170 1080 Dominus
1222 1019 1421 1096 quoad
1466 1019 1751 1080 Divinum
1784 1021 2165 1096 Humanum,
2221 1022 2363 1097 quia
2415 1037 2492 1080 ex
2541 1022 2674 1081 Illo

536 1121 868 1198 procedunt
902 1123 1101 1181 omnia
1134 1137 1281 1180 vera
1315 1125 1377 1178 et
1409 1120 1599 1190 bona,
1652 1138 1806 1198 quae
1840 1122 2066 1181 faciunt
2089 1120 2443 1195 Ecclesiam,
2480 1122 2678 1182 habi-

539 1221 809 1280 taculum
845 1222 1171 1282 sanctuarii
1207 1228 1302 1280 est
1336 1219 1613 1279 Ecclesia
1647 1221 1751 1280 ubi
1782 1221 1891 1280 illa
1924 1227 2066 1281 sunt
2078 1241 2095 1297 3
2136 1220 2298 1297 quod
2333 1223 2456 1280 sint
2488 1239 2670 1299 vera,
2789 1242 2791 1325 ¹

541 1339 695 1398 quae
729 1322 1160 1399 intelliguntur,
1202 1320 1512 1380 destructa
1547 1338 1584 1379 a
1617 1321 1805 1396 salsi-⁴3,
1850 1328 2040 1400 patet,
2080 1338 2219 1380 nam
2253 1320 2472 1381 dicitur
2507 1341 2669 1401 pro-
2789 1364 2791 1411 1

532 1423 681 1499 jecit
706 1425 1022 1482 veritatem
1054 1424 1114 1481 in
1148 1427 1388 1481 terram.
1443 1421 1620 1497 Quod
1644 1422 1790 1481 talia
1816 1422 2224 1500 significentur
2249 1439 2359 1499 per
2384 1423 2675 1490 Arietem
2789 1428 2791 1475 ἰ

541 1539 609 1580 er
641 1521 891 1582 Hircum
935 1527 995 1581 et
1030 1540 1138 1599 per
1176 1539 1382 1581 eorum
1419 1521 1684 1598 Cornua,
1738 1528 1911 1600 patet
1955 1522 2272 1581 manifeste
2324 1539 2400 1581 ex
2435 1524 2667 1602 Appa-

539 1624 748 1681 rentiis
786 1623 846 1679 in
875 1621 1096 1681 Mundo
1134 1622 1433 1699 spirituali
1452 1641 1468 1698 3
1507 1639 1645 1680 nam
1681 1622 1916 1700 quando
1953 1623 2107 1682 tales
2142 1622 2226 1680 ibi
2262 1625 2366 1699 qui
2400 1640 2468 1684 se
2507 1641 2665 1685 con-

539 1721 930 1781 firmaverunt
961 1723 1023 1780 in
1056 1723 1347 1781 Doctrina
1383 1722 1458 1781 de
1496 1721 1641 1783 Sola
1674 1723 1821 1798 fide,
1862 1729 1923 1782 et
1957 1723 2031 1782 de
2066 1722 2513 1785 Justificatione
2547 1742 2669 1803 per

540 1821 737 1897 illam,
792 1819 1136 1898 disceptant
1183 1839 1315 1880 cum
1361 1823 1481 1880 illis
1539 1826 1641 1899 qui
1687 1827 1748 1883 in
1782 1825 2075 1884 Doctrina
2128 1823 2202 1884 de
2240 1822 2552 1885 Charitate
2601 1836 2668 1887 et

482 1912 487 1917 ⁷
537 1922 677 1981 inde
713 1921 828 1980 fide
867 1927 1040 1991 sunt,
1091 1927 1235 1980 tunc
1283 1921 1358 1979 ab
1397 1922 1529 1982 aliis
1581 1927 1684 2000 qui
1719 1942 1753 1984 e
1788 1925 2111 2001 longinquo
2159 1931 2323 1983 stant
2356 1935 2667 2002 apparent

541 2022 709 2080 Hirci
745 2029 848 2080 aut
870 2022 1089 2081 Hircus
1127 2039 1261 2080 cum
1289 2023 1579 2083 similibus
1618 2024 1918 2100 cornibuS,
1958 2030 2019 2084 et
2048 2043 2185 2084 cum
2218 2025 2397 2083 simili
2428 2026 2666 2089 insultu

540 2129 607 2180 et
637 2123 835 2181 surore
873 2128 1080 2181 contra
1114 2124 1336 2181 arietes
1373 2139 1483 2182 seu
1511 2126 1789 2200 arietem,
1830 2132 1893 2184 et
1928 2142 2165 2202 quoque
2203 2132 2461 2203 apparet
2495 2127 2664 2202 quod

541 2222 751 2282 stellas
798 2220 912 2283 sub
959 2223 1212 2299 pedibus
1262 2225 1388 2282 suis
1428 2225 1772 2302 conculcet3
1841 2225 1992 2285 haec
2041 2229 2175 2283 visa
2222 2243 2466 2303 quoque
2511 2227 2664 2287 mihi

544 2331 714 2399 sunt,
769 2330 831 2382 et
877 2323 1055 2382 simul
1107 2322 1475 2397 astantibuS,
1541 2327 1644 2401 qui
1688 2325 1826 2385 inde
1873 2325 2204 2385 confirmati
2250 2335 2421 2403 sunt,
2492 2327 2664 2404 quod

537 2426 685 2485 talia
717 2426 1124 2503 intelligantur
1160 2423 1324 2501 apud
1348 2424 1667 2484 Danielem
1679 2448 1696 2503 3
1737 2433 1798 2485 et
1831 2444 2073 2504 quoque
2112 2426 2273 2504 quod
2307 2429 2512 2487 similia
2544 2429 2654 2485 in·-

537 2528 884 2603 telligantur
917 2543 1028 2603 per
1055 2523 1218 2585 Oves
1248 2540 1287 2581 a
1313 2524 1540 2585 dextris
1578 2534 1640 2586 et
1672 2544 1784 2603 per
1811 2528 2028 2587 Hircos
2059 2544 2097 2585 a
2122 2530 2400 2602 sinistris,
2433 2525 2657 2587 Matth:

539 2626 742 2685 XXV:
787 2628 871 2685 32
915 2625 993 2684 ad
1027 2624 1138 2683 fin:
1192 2641 1410 2701 nempe
1446 2643 1555 2702 per
1590 2625 1756 2687 Oves
1789 2628 1878 2687 illi
1914 2630 2017 2704 qui
2050 2630 2113 2687 in
2146 2628 2304 2688 bono
2342 2628 2658 2687 charitatis

540 2733 711 2799 sunt,
751 2732 812 2783 et
846 2744 957 2801 per
990 2726 1206 2784 Hircos
1245 2726 1346 2802 qui
1377 2727 1439 2783 in
1475 2728 1607 2785 sola
1639 2726 1774 2787 fide.
1847 2727 1942 2787 Ab
1977 2728 2070 2787 his
2108 2745 2261 2804 quae
2299 2746 2375 2788 ex
2401 2728 2661 2789 Daniele

539 2825 727 2883 allata
762 2832 928 2898 sunt,
985 2825 1365 2900 aliquatenus
1422 2833 1697 2887 constare
1745 2834 1951 2905 potest
1998 2828 2140 2905 quid
2192 2829 2561 2905 significatur
2593 2832 2658 2888 in

546 2923 947 3002 Apocalypsi,
984 2940 1096 3000 per
1133 2925 1345 3005 „quod
1366 2924 1610 3005 ¹Draco
1647 2926 1827 2989 visus
1861 2928 1952 2988 sit
1988 2927 2209 2989 habere
2244 2926 2499 2990 Cornua
2545 2926 2659 2989 de-

538 3026 714 3084 ccm“
753 3021 912 3083 XII:
956 3025 1031 3083 3:
1087 3025 1302 3104 „quod
1339 3025 1540 3087 bestia
1567 3046 1599 3085 e
1624 3027 1795 3088 mari
1827 3027 2167 3089 ascendens
2206 3028 2351 3089 visa
2375 3028 2467 3089 sit
2504 3046 2659 3109 quo·

520 3142 653 3204 §que
679 3123 898 3183 habere
925 3122 1176 3186 Cornua
1203 3125 1458 3186 decem“
1483 3127 1658 3187 XIII:
1698 3132 1756 3186 1:
1797 3134 1857 3187 et
1884 3128 2098 3208 „quod
2126 3128 2274 3189 visa
2298 3128 2390 3189 sit
2413 3126 2660 3190 Mulier

538 3223 828 3285 insidens
864 3224 1096 3285 bestiae
1143 3225 1455 3287 coccineae
1492 3225 1745 3288 habenti
1778 3228 1993 3309 capita
2037 3234 2269 3309 septem
2319 3234 2380 3289 et
2419 3247 2660 3291 cornua

538 3322 745 3385 decem
760 3345 788 3397 ;
842 3323 919 3385 de
952 3344 1080 3406 qua
1122 3324 1300 3387 dixit
1326 3324 1637 3406 Anyelus,
1674 3327 1882 3389 decem
1907 3326 2177 3405 Cornua,
2222 3347 2382 3409 quae
2405 3328 2655 3405 vidisti,

537 3423 746 3486 decem
781 3444 962 3506 reyes
997 3428 1194 3486 sunt“
1235 3426 1453 3486 XVII:
1498 3429 1559 3485 3.
1606 3433 1665 3486 7.
1713 3432 1834 3505 123
1890 3429 2001 3489 sed
2035 3429 2108 3489 de
2143 3430 2238 3489 his
2285 3433 2347 3489 in
2383 3429 2658 3507 explica-

338 3530 497 3593 [384]
537 3530 700 3587 tione
735 3545 943 3587 eorum
975 3529 1036 3586 in
1064 3526 1476 3610 sequentibus.
1535 3527 1710 3603 Quod
1744 3532 2015 3605 potentia
2046 3531 2185 3589 falsi
2212 3536 2421 3589 contra
2445 3546 2660 3590 verum

537 3627 905 3703 significetur
938 3645 1049 3704 per
1085 3627 1286 3688 Cornu
1323 3633 1384 3685 et
1421 3625 1694 3702 Cornua,
1752 3632 1933 3688 etiam
1985 3636 2157 3706 patet
2191 3647 2230 3688 a
2262 3628 2657 3707 sequentibus

536 3728 632 3786 his
668 3727 816 3786 locis
866 3728 1029 3804 apud
1063 3727 1106 3788 J
1109 3729 1391 3787 eremiam
1455 3772 1492 3802 „
1514 3726 1838 3789 Excisum
1886 3735 1981 3789 est
2022 3726 2234 3790 Cornu
2273 3728 2496 3790 Moahi
2511 3774 2530 3804 ,
2592 3734 2659 3791 et

538 3824 862 3888 brachium
898 3827 1036 3910 qiua
1063 3827 1359 3906 fractum
1390 3830 1532 3887 est“
1581 3828 1880 3889 XLVIII:
1924 3832 2047 3906 253
2100 3847 2212 3907 per
2246 3830 2530 3889 Moabum
2563 3832 2654 3889 si-

538 3925 891 4003 gnificantur
952 3930 1054 4002 qui
1097 3929 1160 3985 in
1207 3926 1378 3986 bonis
1425 3931 1645 4005 spuriis
1695 3935 1756 3989 et
1801 3929 1939 3989 inde
1992 3932 2054 3988 in
2086 3933 2249 3989 veris
2299 3930 2654 4006 falsificam,

540 4043 692 4103 quae
725 4030 788 4086 in
822 4044 891 4086 se
927 4031 1068 4084 sunt
1101 4027 1288 4103 falsa3
1346 4027 1672 4089 destructio
1719 4028 1932 4089 horum
1965 4030 2252 4089 salsorum
2286 4029 2670 4108 significatur⁴

532 4144 644 4203 per
671 4130 939 4187 excisum
967 4133 1060 4185 est
1087 4143 1270 4187 cornu
1298 4128 1518 4204 Moabi,
1549 4137 1611 4189 et
1637 4130 1940 4191 desructio
1966 4130 2205 4190 illorum
2230 4130 2527 4191 malorum
2543 4146 2656 4207 per

531 4227 843 4285 brachium
877 4225 1009 4303 ejus
1045 4236 1138 4287 est
1171 4229 1445 4288 fractum.
1506 4229 1576 4287 In
1615 4229 1871 4289 Threnis
1910 4228 2242 4305 „Jehovah
2276 4227 2651 4311 laetificavit
