2791 4778
451 362 559 415 234
862 351 1361 408 APOCALYPSIS
1407 351 1842 410 EXPLICATA.
1929 351 1972 420 ς.
2017 360 2146 413 365.

450 513 912 574 confractionem
949 529 1105 589 quae
1145 528 1265 570 non
1307 510 1596 586 amplius»,
1653 511 2028 586 significatur
2062 510 2222 587 quod
2259 527 2379 569 non
2425 512 2574 570 mala

251 613 410 676 [500]
454 619 514 673 et
561 612 745 687 falsa3
803 619 863 671 et
907 629 1019 689 per
1059 614 1119 670 in
1167 613 1436 671 terminis
1474 610 1846 686 significatur
1892 614 1954 669 in
2007 611 2273 670 naturali
2318 611 2569 687 homine,

450 731 589 772 nam
623 713 683 769 in
717 712 835 772 illis
873 730 1029 794 quae
1071 713 1157 772 ibi
1205 718 1345 770 sunt
1386 712 1782 770 terminantur
1826 712 2163 788 spiritualia
2175 732 2193 788 3
2254 713 2425 787 quod
2476 730 2576 789 per

450 815 849 874 vastationem
898 820 959 872 et
1000 813 1463 871 confractionem
1504 812 1913 888 significentur
1956 813 2113 871 mala
2152 820 2212 871 et
2249 812 2443 886 falsa,
2496 818 2572 872 est

453 916 596 991 quia
642 913 803 972 mala
846 920 1086 972 vastant
1132 912 1469 972 naturalem
1531 912 1833 972 hominem
1883 921 1943 973 et
1991 913 2147 971 falsa
2195 913 2572 990 confringunt

448 1015 634 1074 illum.
706 1013 998 1089 Quoniam
1052 1014 1183 1072 Pax
1235 1021 1330 1072 est
1364 1012 1527 1089 apud
1562 1012 1698 1072 illos
1737 1016 1837 1090 qui
1878 1017 1938 1073 in
1979 1014 2405 1089 conjunctione
2441 1014 2570 1073 boni

452 1122 514 1175 et
549 1117 675 1174 veri
712 1125 850 1172 sunt
886 1132 922 1171 a
949 1114 1232 1188 Domino,
1290 1118 1350 1170 et
1381 1116 1524 1189 quia
1560 1113 1778 1171 malum
1817 1115 2070 1173 destruit
2102 1113 2336 1172 bonum
2368 1120 2430 1172 et
2467 1114 2569 1172 fal-

450 1232 585 1275 sum
622 1232 849 1283 verum,
885 1217 969 1272 ita
1005 1231 1243 1290 quoque
1280 1231 1526 1289 pacem3
1564 1214 1701 1272 inde
1742 1216 2012 1290 sequitur
2048 1214 2206 1289 quod
2251 1214 2428 1271 nulla
2459 1231 2570 1290 pax

451 1318 532 1375 sit
578 1315 737 1391 apud
792 1314 928 1372 illos
985 1316 1088 1390 qui
1141 1316 1200 1373 in
1254 1314 1425 1372 malis
1477 1320 1537 1372 et
1586 1314 1755 1373 falsis
1805 1320 1974 1381 sunt;
2030 1320 2292 1390 apparet
2343 1314 2570 1389 quidem

453 1419 609 1475 sicut
648 1418 726 1474 sit
759 1431 878 1491 pax
917 1415 1078 1491 apud
1114 1414 1247 1473 illos
1285 1415 1524 1490 quando
1562 1415 1678 1473 illis
1729 1417 1788 1472 in
1838 1415 2475 1489 mundo-succedunt,
2525 1421 2574 1473 et

455 1534 693 1592 quoque
748 1516 1021 1574 videntur
1067 1515 1180 1573 sibi
1235 1523 1375 1573 tunc
1437 1518 1593 1574 sicut
1631 1514 1792 1596 quod
1838 1522 2116 1574 contento
2180 1516 2387 1575 animo
2439 1516 2568 1590 sim3

454 1616 565 1675 sed
599 1634 720 1693 pax
763 1615 864 1674 illa
903 1633 1202 1691 apparens
1241 1627 1336 1673 est
1370 1615 1565 1674 solum
1612 1617 1671 1674 in
1717 1618 1998 1675 extremis
2045 1633 2289 1689 eorum,
2329 1618 2570 1674 interius

452 1724 653 1775 tamen
688 1734 805 1786 non
842 1724 935 1774 est
971 1732 1116 1792 pax;
1152 1718 1438 1792 ‚cogitant
1474 1718 1628 1774 enim
1672 1716 1746 1774 de
1792 1716 2017 1775 honore
2056 1723 2114 1775 et
2141 1716 2315 1775 lucro
2353 1716 2573 1791 absque

452 1816 603 1890 fine,
661 1822 721 1872 et
766 1815 971 1874 fovent
1022 1819 1216 1875 animo
1268 1822 1472 1885 astuS‚
1535 1816 1737 1889 dolos»,
1795 1818 2166 1888 inimicitias,
2218 1816 2389 1891 odia,
2448 1819 2569 1874 vin-

454 1916 644 1974 dictas
664 1958 680 1989 ,
738 1922 797 1974 et
832 1915 1009 1991 plura
1044 1917 1291 1986 similia,
1334 1933 1489 1993 quae
1528 1917 1644 1975 illis
1680 1919 1883 1976 insciis
1912 1916 2254 1975 discindunt
2295 1928 2357 1975 et
2396 1916 2576 1975 devo-

453 2022 588 2075 rant
622 2018 905 2074 interiora
939 2019 1153 2074 mentis
1193 2035 1428 2090 eorum,
1482 2026 1543 2076 ct
1577 2016 1713 2075 inde
1753 2034 1991 2094 quoque
2026 2019 2316 2076 interiora
2354 2034 2568 2093 corpo-

451 2119 563 2194 ris3
619 2116 732 2175 hoc
771 2116 930 2192 quod
964 2119 1048 2174 ita
1084 2120 1163 2176 sit
1199 2125 1456 2192 apparet
1489 2117 1825 2177 luculenter
1859 2119 2021 2194 apud
2062 2117 2199 2176 illos
2237 2124 2383 2192 post
2420 2135 2570 2175 mor-

455 2226 603 2293 tem,
646 2219 880 2293 quando
916 2220 975 2276 in
1004 2219 1286 2275 interiora
1325 2234 1440 2276 sna
1474 2220 1751 2288 veniunt,
1789 2226 1930 2278 tunc
1959 2218 2061 2276 illa
2088 2217 2363 2294 jucunda
2401 2219 2573 2276 animi

454 2336 661 2379 cortun
688 2325 1001 2377 vertuntur
1036 2320 1095 2375 in
1134 2321 1465 2395 contraria,
1507 2327 1573 2377 ut
1609 2325 1884 2378 constare
1919 2324 2122 2397 potest
2158 2336 2228 2377 ex
2264 2318 2387 2376 illis
2429 2335 2573 2395 quae

451 2424 511 2480 in
541 2420 743 2498 Opere
793 2421 865 2478 de
925 2420 1131 2480 Coeno
1184 2438 1259 2477 m·
1303 2419 1580 2479 INFssnNo
1643 2438 1708 2478 n:
1786 2423 1924 2481 485
1980 2421 2054 2478 ad
2102 2423 2278 2493 490,
2340 2428 2575 2479 ostensa
2669 2460 2679 2503 1

453 2528 609 2581 sunt.
678 2522 852 2598 Quod
887 2521 1015 2579 Pax
1062 2523 1141 2578 sit
1188 2519 1304 2578 illis
1357 2524 1457 2596 qui
1496 2524 1551 2578 in
1594 2521 1750 2578 bono
1801 2528 1864 2580 et
1909 2522 2045 2580 inde
2082 2523 2241 2579 veris
2286 2528 2464 2595 sunt,
2519 2525 2569 2579 et
2665 2528 2681 2593 l

452 2641 573 2681 non
605 2641 727 2698 pax
761 2622 881 2681 illis
921 2625 1021 2698 qui
1059 2624 1118 2679 in
1153 2620 1310 2679 malo
1349 2629 1410 2679 et
1437 2621 1572 2679 inde
1612 2621 1813 2695 falsis,
1852 2612 2127 2680 con'stare
2164 2627 2370 2697 potest
2408 2639 2449 2680 a
2483 2638 2573 2681 se-

455 2723 775 2798 quentibus
811 2723 904 2780 his
941 2722 1121 2796 locis3
1178 2721 1338 2797 apud
1374 2722 1622 2799 Esajam
1665 2721 1914 2800 „Impii
1938 2722 2107 2782 sicut
2132 2740 2311 2782 mare
2336 2717 2570 2801 impul-

452 2839 633 2893 sum,
699 2821 950 2899 quando
1014 2822 1324 2901 quiescere
1387 2841 1512 2882 non
1568 2827 1813 2902 potest,
1884 2822 1999 2883 ced
2062 2821 2324 2904 ejiciunt
2371 2839 2572 2901 aquae

451 2921 590 3004 ejus
642 2939 895 2982 coenum
920 2930 980 2984 et
1019 2921 1274 2984 Ζιιιιωηα
1314 2923 1518 2982 LVII:
1563 2928 1673 2982 20.
1720 2928 1843 2982 21:
1901 2925 2063 3000 apud
2090 2922 2366 2982 Eundem
2402 2921 2570 2998 „Pe-

454 3021 568 3082 des
619 3039 835 3082 eorum
871 3022 959 3083 ad
1010 3021 1254 3084 malum
1306 3030 1571 3084 currunt
1587 3070 1605 3100 ,
1663 3030 1722 3085 et
1748 3022 2074 3105 festinant
2122 3023 2212 3084 ad
2253 3022 2568 3102 effunden-

453 3122 610 3183 dum
652 3123 1030 3202 sanquinem
1063 3124 1480 3199 innocentem,
1536 3125 1951 3204 coyitationes
1989 3143 2202 3185 eorum
2232 3123 2565 3203 00ρίιαίἰο-

394 3276 398 3279 A
450 3242 562 3284 nec
610 3223 978 3300 iniquitatis
995 3269 1012 3300 ,
1063 3224 1357 3285 'vastatio
1411 3231 1472 3285 et
1522 3225 1867 3305 confractio
1920 3223 1991 3285 in
2042 3224 2292 3285 semitis
2344 3242 2565 3296 eorum,

452 3324 625 3386 viam
660 3325 850 3404 pacis
900 3345 1025 3386 non
1066 3324 1307 3400 sciunt,
1360 3344 1556 3404 neque
1589 3325 1920 3407 judicium
1967 3324 2039 3386 in
2079 3325 2307 3386 orbiti-s·
2345 3342 2567 3392 eorum,

454 3427 717 3488 semita-s·
751 3445 909 3488 sua-s·
930 3433 1361 3505 perverterunt
1410 3426 1537 3487 sibi
1554 3471 1570 3501 ,
1626 3425 1832 3487 omnis
1881 3425 1993 3503 qui
2037 3423 2243 3486 calcat
2284 3444 2428 3485 eam
2457 3441 2568 3485 non

452 3529 772 3609 coynoscit
818 3531 1085 3609 pacem“
1148 3527 1322 3586 LIX:
1386 3533 1447 3586 7.
1509 3530 1583 3586 8:
1665 3527 1824 3603 apud
1870 3526 2166 3585 Davidem
2221 3525 2565 3600 „Nimium

451 3630 767 3691 habitavit
813 3629 940 3690 cibi
993 3627 1214 3688 anima
1274 3645 1418 3687 cum
1470 3646 1651 3687 osore
1688 3626 1880 3707 pacis
1897 3646 1925 3699 ;
1989 3645 2102 3706 eqo
2146 3645 2404 3705 pacem,
2466 3622 2565 3686 sed

452 3749 595 3791 cum
642 3728 894 3808 loquor,
965 3726 1071 3790 illi
1115 3728 1206 3788 ad
1259 3725 1536 3790 hellum“
1602 3728 1838 3788 Psalm:
1900 3723 2105 3787 CXX-z
2164 3730 2222 3786 6.
2283 3733 2357 3787 7:
2415 3723 2565 3804 apud

451 3829 831 3887 Ezechielem
878 3827 1279 3907 „Prophetae
1322 3829 1631 3890 seducunt
1669 3825 1986 3908 populum
2024 3846 2248 3895 meum,
2311 3824 2566 3888 dicendo

443 3945 588 4008 pam
627 3946 770 3986 cum
812 3947 935 3989 non
971 3947 1117 4006 pax
1130 3948 1159 4000 ;
1211 3934 1270 3988 et
1304 3929 1558 4007 quando
1593 3929 1697 3991 hic
1729 3927 2030 4009 aedificat
2070 3927 2422 4002 maceriem,
2472 3921 2566 3986 illi

451 4045 583 4086 ecce
633 4026 1062 4088 incrustantes
1112 4045 1251 4087 eam
1301 4029 1542 4108 inepto:
1611 4028 1956 4110 prophetae
2018 4024 2298 4089 Israelis
2363 4026 2566 4088 vident

452 4125 758 4187 visionem
804 4125 994 4206 pacis
1047 4145 1189 4188 cum
1233 4146 1357 4188 non
1404 4134 1600 4208 μιαί(
1654 4130 1841 4190 XIII:
1905 4132 2012 4190 10.
2072 4132 2191 4188 16:
2249 4129 2414 4205 apud
2459 4128 2563 4188 Je-

453 4231 699 4290 remiam
751 4226 862 4304 „A
912 4225 1177 4290 minimo
1218 4228 1308 4291 ad
1356 4231 1721 4292 maoeimum
1777 4248 1989 4290 omnes
2028 4226 2283 4292 student
2321 4243 2564 4299 usurae,
