2791 4778
349 381 568 437 CAPUT
609 381 924 440 SEXTUM.
1674 381 1853 436 VERS
1873 402 1886 433 ε
1934 390 2024 443 12.
2184 391 2291 443 3⁹5

214 544 569 618 acquisiverit
610 542 726 601 sibi
773 541 1258 617 intelligentiam,
1315 549 1375 600 et
1416 542 1576 619 quod
1609 559 1725 602 non
1767 560 1839 601 ex
1875 541 1980 600 illa
2014 541 2128 600 sibi
2162 559 2292 601 me-

211 646 362 701 ritum
396 643 604 701 fecerit
644 654 703 702 et
740 642 1028 720 gloriatus
1065 644 1173 716 sit3
1226 660 1361 700 nam
1401 662 1540 701 num
1578 642 1840 701 laetatus
1879 642 2038 718 quod
2073 641 2295 703 multae

211 743 497 801 facultates
568 744 742 818 mihi,
827 750 887 800 et
944 742 1104 819 quod
1162 744 1435 819 ingentes
1487 744 1815 802 invenisset
1874 758 2086 801 manus
2140 760 2292 816 mea,

210 844 473 924 significat
507 862 651 901 num
691 844 983 921 gloriatus
1024 844 1102 901 sit
1148 842 1307 919 quod
1360 846 1415 902 ei
1451 843 1871 919 intelligentia,
1930 849 1990 900 et
2025 843 2180 918 quod
2221 859 2294 901 ex

207 946 417 1021 proprio
463 943 582 1002 sibi
632 944 793 1004 illam
842 944 1263 1019 acquisivisset
1277 964 1293 1019 3
1367 945 1685 1003 facultates
1735 950 1873 1002 sunt
1928 943 2292 1018 cognitiones

209 1044 323 1104 boni
355 1051 413 1102 et
446 1047 606 1113 veri,
640 1063 751 1122 per
787 1061 936 1121 quas
973 1043 1393 1120 intelligentia,
1434 1052 1493 1103 et
1528 1044 1687 1121 quod
1713 1047 1983 1120 ingentes
2020 1043 2285 1100 invenis-

209 1152 285 1203 set
319 1162 524 1202 manus
563 1163 734 1216 mea,
799 1152 892 1204 est
926 1162 1064 1201 num
1102 1162 1174 1203 ex
1209 1147 1452 1221 proprio
1490 1147 1909 1221 acquisivisset
1922 1164 1938 1220 3
1994 1161 2131 1201 num
2174 1142 2295 1201 vidi

207 1244 372 1304 lucem
418 1245 578 1321 quod
627 1245 999 1322 splenderet,
1055 1250 1118 1302 et
1173 1239 1377 1303 lunam
1424 1245 1583 1321 quod
1639 1245 1800 1304 clara
1853 1243 2291 1319 ingrederetur,

209 1344 469 1422 significat
514 1363 659 1404 num
710 1364 856 1405 vera
909 1344 1271 1420 spiritualia,
1337 1364 1493 1421 quae
1546 1347 1773 1405 faciunt
1822 1344 2291 1419 intelligentiam,
2336 1394 2347 1406 κ

205 1444 289 1505 lux
328 1452 383 1504 et
415 1445 561 1504 luna
598 1447 932 1522 significant
971 1462 1116 1503 vera
1152 1445 1491 1521 spiritualia
1504 1467 1520 1522 3
1578 1455 1638 1505 et
1673 1445 1911 1504 seduxit
1946 1462 2013 1502 se
2070 1445 2128 1502 in
2184 1461 2291 1503 oc-

205 1546 338 1605 culto
373 1563 476 1604 cor
513 1564 743 1617 meum,
800 1555 860 1606 et
895 1546 1167 1605 osculata
1201 1551 1293 1603 est
1321 1563 1532 1604 manus
1568 1565 1703 1605 mea
1743 1563 1811 1605 os
1847 1563 2062 1617 meum,
2102 1546 2290 1621 signi-

207 1646 324 1703 ficat
364 1664 507 1704 num
557 1646 696 1704 inde
737 1650 894 1707 intus
937 1645 1225 1722 gloriatus
1254 1648 1394 1715 sinn,
1452 1654 1510 1705 et
1545 1666 1682 1705 num
1728 1646 2150 1704 vindicaverim
2190 1644 2296 1702 illa

206 1745 341 1804 mihi.
416 1747 605 1823 Apud
659 1747 1025 1805 Mati-haeum
1094 1746 1232 1821 „Ut
1273 1747 1426 1806 sitia
1467 1745 1608 1827 filii
1651 1746 1881 1807 Patria
1937 1743 2135 1804 vestri
2184 1743 2297 1823 qui

205 1845 264 1906 in
304 1844 502 1907 Coeli&
522 1892 538 1920 ,
606 1847 714 1926 qui
765 1845 959 1907 solem
1000 1865 1189 1907 auum
1240 1846 1487 1907 exoriri
1536 1848 1713 1928 facit
1750 1866 1940 1925 super
1985 1841 2194 1904 malos
2236 1850 2296 1904 et

207 1945 399 2017 bonos,
443 1954 506 2007 et
533 1946 831 2026 pluviam
869 1946 1071 2007 mittit
1098 1965 1287 2025 super
1307 1946 1531 2028 justos
1569 1953 1628 2007 et
1675 1947 1995 2028 injustos“
2037 1945 2122 2005 V:
2165 1950 2295 2021 453

208 2049 377 2122 agitur
413 2048 499 2107 ibi
539 2048 613 2108 de
650 2050 941 2107 charitate
983 2065 1128 2124 erga
1174 2051 1543 2123 proximum,
1612 2055 1676 2106 ut
1711 2054 1880 2123 patet
1935 2046 2009 2104 ab
2048 2052 2293 2105 antece-

207 2146 456 2207 dentibus
510 2155 571 2207 et
626 2149 1017 2224 sequentibus
1058 2148 1164 2222 ibi,
1249 2156 1308 2207 et
1354 2150 1414 2205 in
1460 2149 1666 2223 specie
1719 2147 1792 2205 de
1844 2145 2128 2218 Judaeis‚
2195 2149 2297 2220 qui

205 2264 301 2322 pro
333 2250 575 2309 inimicis
612 2249 913 2308 habebant
949 2255 1187 2325 gentes,
1241 2255 1300 2307 et
1334 2265 1444 2324 pro
1484 2239 1687 2305 amieis
1727 2262 1901 2321 suos;
1957 2243 2113 2319 quod
2159 2244 2294 2302 illos

209 2346 495 2424 diligerent
526 2367 718 2427 aeque
755 2367 826 2410 ac
862 2366 1035 2423 suOS,
1074 2349 1406 2408 illustratur
1442 2366 1478 2408 a
1504 2349 1759 2407 Domino
1786 2363 1896 2423 per
1929 2345 2084 2403 hanc
2122 2360 2292 2403 com-

214 2452 555 2522 parationem
568 2472 583 2525 3
620 2451 730 2511 sed
771 2454 912 2528 quia
947 2466 1152 2509 omnes
1188 2452 1664 2526 comparationes
1701 2451 1761 2506 in
1799 2445 2002 2506 Verbo
2048 2462 2120 2502 ex
2158 2462 2294 2503 cor-

215 2550 620 2624 respondentiis
658 2559 827 2626 sunt,
875 2556 935 2610 et
967 2551 1105 2610 inde
1134 2550 1486 2627 significant,
1527 2552 1681 2608 sicut
1718 2547 1950 2623 reliqua
1990 2562 2142 2621 quae
2178 2562 2297 2603 non

215 2654 592 2726 comparative
631 2651 790 2712 dicta
823 2658 989 2728 sunt,
1027 2651 1162 2710 ideo
1207 2668 1446 2727 quoque
1481 2649 1629 2708 haec
1670 2648 2051 2724 comparatio,
2091 2652 2152 2703 et
2186 2663 2298 2722 per

205 2749 349 2830 quod
379 2752 559 2811 Pater
600 2755 658 2810 in
696 2752 896 2812 Coelis
931 2752 1120 2811 solem
1165 2736 1341 2821 suum
1392 2751 1612 2808 exoriri
1646 2750 1824 2808 faciat
1874 2763 2056 2823 super
2103 2746 2293 2805 malos

205 2856 259 2907 et
290 2850 506 2922 bonos,
562 2862 622 2912 et
656 2854 921 2929 pluviam
957 2854 1153 2910 mittat
1186 2858 1369 2927 super
1407 2851 1607 2927 justos
1656 2859 1711 2909 et
1749 2849 2024 2924 injustos,
2062 2847 2292 2923 signifi-

205 2958 356 3011 catur
388 2953 545 3029 quod
582 2954 871 3012 Dominus
911 2971 943 3013 e
982 2951 1165 3011 Coelo
1210 2968 1404 3026 aeque
1438 2952 1643 3009 influat
1689 2967 1823 3007 cum
1870 2949 2087 3007 Divino
2123 2946 2294 3008 Bono

203 3055 398 3112 amoris
449 3060 509 3112 et
556 3071 687 3112 cum
733 3055 951 3113 Divino
999 3052 1162 3111 Vero
1206 3051 1366 3128 apud
1408 3051 1544 3110 illos
1599 3053 1702 3127 qui
1754 3056 1925 3109 extra
1963 3049 2295 3108 Ecclesiam

203 3149 503 3212 Judaicam
552 3161 692 3212 sunt
730 3171 800 3214 ac
847 3153 1010 3230 apud
1055 3151 1193 3211 illos
1244 3155 1348 3228 qui
1394 3154 1549 3210 intra
1594 3151 1790 3225 illam,
1847 3149 1939 3209 sol
1990 3151 2168 3208 etiam
2214 3149 2298 3207 ibi

202 3253 474 3328 significat
507 3255 729 3314 bonum
767 3255 986 3313 amoris
999 3298 1015 3328 ‚
1078 3271 1149 3313 ac
1184 3253 1389 3329 pluvia
1430 3253 1714 3311 Divinum
1744 3253 2000 3324 Verum3
2054 3249 2197 3333 mali
2235 3256 2297 3308 et

201 3352 388 3429 injusti
438 3353 774 3431 significant
817 3359 875 3414 in
913 3370 1098 3413 sensu
1132 3356 1362 3412 interno
1400 3353 1537 3412 illos
1587 3355 1688 3428 qui
1737 3352 1811 3409 ab
1858 3350 2131 3409 Ecclesia
2180 3349 2297 3407 Ju-

204 3451 356 3512 daica
394 3461 588 3527 erant,
657 3458 795 3530 quia
831 3455 917 3514 illi
953 3472 1071 3513 non
1115 3460 1501 3530 receperunt,
1555 3469 1624 3510 ac
1671 3451 1810 3508 boni
1866 3456 1927 3506 et
1959 3449 2111 3524 justi
2158 3447 2293 3504 illos

201 3556 287 3627 qui
322 3561 487 3613 extra
521 3555 856 3617 Ecclesiam
889 3555 1052 3615 illam
1095 3560 1155 3613 et
1196 3558 1587 3629 receperunt:
1631 3553 1689 3606 in
1729 3564 1948 3624 genere
1993 3550 2135 3604 sunt
2162 3562 2292 3603 om-

201 3669 297 3711 nes
346 3655 485 3714 mali
532 3663 595 3714 et
646 3656 786 3714 boni
845 3674 915 3715 ac
956 3655 1105 3731 justi
1156 3661 1214 3712 et
1259 3654 1469 3729 injusti
1508 3652 1607 3727 qui
1643 3648 2089 3723 intelliguntur,
2161 3662 2297 3703 nam

200 3751 472 3814 Dominus
515 3773 710 3832 aeque
762 3756 953 3815 influit
986 3772 1120 3813 cum
1166 3754 1322 3812 bono
1381 3759 1442 3810 et
1480 3768 1623 3810 vero
1679 3748 1840 3826 apud
1887 3762 2127 3819 omneS‚
2185 3745 2295 3803 sed

202 3869 303 3911 non
338 3872 541 3914 omnes
593 3874 785 3932 aeque
842 3856 1182 3931 recipiunt„
1254 3852 1413 3928 Quia
1468 3850 1572 3910 Sol
1636 3848 1929 3926 significat
1978 3847 2300 3907 Dominum

205 3954 381 4026 quoad
425 3957 709 4017 Divinum
759 3958 1069 4029 Amorem,
1150 3954 1286 4013 ideo
1341 3959 1592 4010 vocatur
1644 3947 1757 4011 Sol
1788 3947 2092 4032 justitiae
2138 3947 2301 4023 apud

201 4048 557 4127 Malachiam,
609 4056 769 4134 Cap:
806 4058 926 4117 III:
970 4058 1096 4132 20;
1156 4071 1225 4113 ac
1262 4049 1379 4113 Sol
1425 4056 1486 4111 et
1515 4057 1769 4113 acutum
1806 4050 1967 4128 apud
2003 4047 2298 4106 Davidem

202 4149 412 4215 Psalm:
460 4156 826 4218 LXXXIV:
876 4161 903 4216 1
924 4162 984 4216 2.
1054 4155 1211 4231 Quia
1248 4153 1352 4214 Sol
1391 4151 1689 4229 significat
1732 4152 1949 4211 bonum
1988 4151 2206 4211 amoris
2242 4151 2303 4208 in

201 4247 503 4316 Dominum
544 4259 705 4335 apud
739 4258 1058 4328 hominem,
1093 4255 1230 4314 inde
1268 4241 1428 4342 [per]
1467 4253 1542 4312 ab
1571 4260 1706 4312 ortu
1734 4252 1879 4312 solis
1918 4251 1995 4311 ad
2024 4269 2299 4312 occasum

1597 4467 1663 4517 ,Α
