2791 4778
441 340 547 393 ωδ
880 327 1372 383 APOCALYPSIS
1411 324 1847 383 EXPLICATA.
1904 325 1949 393 §.
1996 331 2124 386 328.

435 505 655 550 eorum
716 485 788 547 in
850 483 1055 548 oeulis
1098 485 1354 567 Ipsius,
1437 491 1499 547 et
1552 485 1717 548 vivet
1772 489 1833 545 et
1885 482 2066 545 dabit
2110 479 2220 544 illi
2277 483 2361 543 de
2413 503 2603 546 auro

440 586 743 657 Sohebae,
778 591 839 646 et
874 587 1079 648 orabit
1105 606 1230 666 pro
1268 583 1384 647 illo
1407 585 1678 669 βυθίων,
1728 585 1902 647 omni
1936 584 2044 645 die
2077 583 2385 645 benedicet
2416 582 2598 645 illi«

441 687 679 750 Psalm:
716 684 986 747 LXXII:
1032 690 1141 747 14.
1190 691 1218 746 1
1242 689 1311 763 53
1368 688 1569 763 agitur
1601 686 1698 745 hio
1735 686 1810 745 de
1849 687 2076 763 egenis,
2141 703 2252 762 per
2287 702 2457 761 quos
2499 688 2594 744 ei-

443 787 796 866 guifioantur
832 788 933 862 qui
971 786 1313 846 desiderant
1346 804 1493 845 vera
1530 805 1605 847 ex
1642 786 1954 846 affectione
1989 785 2305 861 spirituali,
2361 785 2450 844 de
2493 785 2598 845 his

445 890 659 949 dieitur
693 887 852 965 quod
888 906 924 947 a
958 887 1095 947 dolo
1148 894 1209 946 et
1241 888 1528 947 violentia
1563 887 1817 946 redimet
1864 889 2117 945 animam
2156 903 2362 944 eorum
2384 929 2403 960 ,
2476 902 2596 962 per

443 988 606 1067 quod
642 987 1015 1065 significatur
1074 987 1348 1047 liberatio
1412 1006 1449 1046 a
1482 988 1656 1047 malis
1720 993 1781 1046 et
1826 987 1994 1046 salsis
2045 1003 2199 1063 quae
2246 986 2595 1045 destruunt

442 1091 604 1150 bona
639 1091 859 1148 amoris
902 1094 962 1147 et
998 1105 1142 1148 vera
1175 1087 1346 1164 fidei3
1384 1091 1656 1166 receptio
1692 1088 1895 1147 Divini
1923 1088 2071 1145 Veri
2104 1086 2180 1144 ab
2215 1086 2338 1144 illis
2375 1089 2589 1163 signi·

441 1190 656 1249 fleatur
690 1206 800 1266 per
834 1191 1143 1265 pretiosus
1181 1190 1294 1248 erit
1328 1191 1579 1265 sanguis
1617 1206 1823 1247 eorum
1857 1191 1918 1246 in
1956 1187 2147 1245 oculis
2183 1186 2430 1262 Ipsius;
2478 1204 2585 1245 re-

441 1290 719 1362 formatio
770 1305 975 1348 eorum
1011 1288 1369 1347 describitur
1432 1306 1546 1366 per
1601 1287 1761 1364 quod
1810 1290 1976 1347 vivet
2025 1293 2085 1346 et
2131 1286 2298 1344 dabit
2349 1287 2449 1345 illi
2510 1286 2589 1345 de

443 1407 589 1449 auro
627 1388 939 1459 Sehebae,
997 1396 1057 1447 et
1094 1388 1290 1447 orabit
1322 1407 1434 1464 pro
1469 1388 1573 1448 illo
1601 1389 1855 1465 jugiter,
1913 1389 2071 1446 omni
2119 1385 2213 1445 die
2251 1386 2586 1445 benedicet

347 1500 359 1510 “
441 1490 550 1563 illi,
589 1506 804 1547 aurum
834 1487 1105 1547 Schebae
1139 1496 1232 1547 est
1258 1488 1479 1547 bonum
1508 1488 1834 1561 eharitatis,
1875 1504 2046 1547 orare
2083 1505 2189 1563 pro
2217 1486 2323 1547 illo
2341 1488 2585 1564 jugiter

447 1588 746 1665 significat
783 1588 941 1661 quod
977 1591 1256 1647 continuo
1290 1588 1717 1648 detinebuntur
1753 1606 1789 1645 a
1814 1588 1982 1647 falsis
2022 1595 2082 1646 et
2118 1586 2500 1645 tenebuntur
2526 1589 2582 1644 in

446 1681 637 1759 v'eriS,
677 1693 739 1745 et
775 1690 931 1745 omni
968 1688 1061 1745 die
1097 1687 1414 1748 benedicet
1447 1688 1536 1748 illi
1562 1688 1856 1765 significat
1892 1687 2051 1765 quod
2078 1689 2359 1746 continuo
2398 1696 2586 1751 erunt

444 1790 506 1846 in
541 1786 698 1846 bono
734 1786 1040 1845 charitatis
1080 1795 1139 1846 et
1173 1788 1343 1862 fidei,
1383 1790 1494 1848 hoc
1531 1792 1685 1848 enim
1731 1796 1823 1847 est
1856 1787 2194 1847 benedictio
2222 1787 2474 1859 Divina,
2521 1795 2580 1845 et

446 1887 596 1947 illud
635 1892 729 1944 est
759 1901 936 1946 vorare
979 1906 1087 1963 pro
1123 1889 1224 1946 illo
1257 1890 1503 1965 jugiter.
1555 1888 1737 1965 Apud
1767 1888 2012 1964 Esajam
2056 1884 2212 1960 „Sic
2238 1885 2427 1946 dixit
2465 1885 2581 1946 Je-

447 1985 679 2055 ΙιουαΙι,
720 1986 935 2064 9ναίὶ3
985 1986 1227 2047 venditi
1262 1988 1450 2064 estis,
1501 1994 1560 2048 et
1603 2007 1727 2048 non
1765 2006 1887 2067 per
1918 1990 2254 2067 amentum
2289 1983 2575 2047 redime-

446 2086 612 2147 mini
618 2106 647 2158 ;
698 2085 768 2146 z‘n
793 2085 1159 2167 Aeyyptum
1186 2086 1505 2148 descendit
1522 2085 1807 2168 populus
1833 2105 2011 2148 meus
2038 2085 2128 2147 ad
2145 2084 2573 2167 peregrinan-

447 2186 603 2249 dum
629 2186 734 2254 ibi,
775 2186 890 2247 sed
915 2187 1172 2249 Asohur
1197 2186 1402 2249 nihilo
1432 2188 1746 2268 oppressit
1772 2189 1959 2248 eum“
1998 2186 2129 2245 LII:
2164 2189 2221 2246 3.
2257 2190 2333 2261 43
2373 2189 2574 2262 agitur

443 2288 541 2349 hie
575 2288 652 2349 de
689 2287 1060 2348 desolatione
1100 2292 1226 2347 veri
1277 2307 1387 2366 per
1433 2290 1797 2365 scientifica,
1855 2294 1918 2348 et
1964 2306 2072 2365 per
2106 2289 2427 2346 ratiocinia
2459 2304 2571 2346 na·-

446 2391 656 2450 turalis
691 2388 946 2449 hominis
985 2408 1059 2448 ex
1087 2389 1204 2449 illis
1225 2410 1240 2465 ;
1281 2408 1416 2448 nam
1455 2389 1613 2466 quod
1650 2408 1757 2466 per
1792 2393 1852 2449 in
1877 2389 2221 2465 Aegyptum
2260 2387 2567 2470 descenfflt

446 2491 705 2570 populus
740 2506 911 2550 meus
951 2490 1026 2548 ad
1061 2491 1561 2566 peregrinandum
1594 2490 1678 2549 ibi
1707 2490 2073 2567 significatur
2107 2491 2421 2548 instructio
2458 2506 2569 2548 na-

446 2591 656 2649 turalis
692 2591 945 2649 hominis
981 2608 1092 2666 per
1126 2591 1454 2649 scientifica
1490 2596 1551 2648 et
1585 2609 1694 2666 per
1729 2592 2096 2667 cognitiones
2123 2592 2279 2664 veri,
2318 2589 2571 2667 Aegyp-

445 2697 543 2747 tus
579 2689 879 2764 signifieat
905 2690 1239 2749 scientifica
1276 2698 1336 2749 et
1363 2708 1601 2767 quoque
1633 2693 2019 2766 cognitiones,
2059 2691 2169 2749 sed
2196 2690 2406 2767 quales
2435 2697 2584 2749 sunt

450 2806 527 2848 ex
560 2805 745 2847 sensu
777 2790 988 2849 literae
1028 2791 1245 2865 Verbi,
1303 2797 1363 2849 et
1397 2793 1768 2866 peregrinari
1821 2790 2116 2867 signifieat
2159 2792 2402 2866 instrui3
2464 2807 2573 2866 per

449 2887 613 2965 quod
646 2887 884 2947 Asehur
918 2890 1099 2950 nihilo
1138 2893 1442 2968 oppressit
1478 2907 1603 2963 eoS,
1649 2892 2020 2968 significatur
2056 2890 2390 2949 falsificatio
2425 2891 2565 2950 illa-

450 3006 583 3047 rum
617 3005 728 3065 per
762 2989 1072 3050 ratiocinia
1103 2992 1394 3051 naturalis
1415 2992 1677 3050 hominis
1695 3034 1712 3065 ,
1760 2991 1999 3051 Aschur
2050 2991 2346 3068 significat
2378 2992 2568 3051 ratio-

450 3089 624 3162 cinia,
675 3095 734 3147 et
766 3089 951 3150 nihilo
987 3088 1323 3170 opprimere
1360 3091 1657 3169 signifieat
1690 3092 2182 3165 falsificationem‚
2233 3090 2388 3150 falsa
2413 3093 2571 3151 euim

450 3193 589 3248 sunt
624 3188 768 3249 nihil
804 3194 943 3267 quia
976 3192 1124 3252 nihil
1157 3194 1285 3251 veri
1319 3195 1380 3250 in
1414 3193 1564 3264 illis,
1610 3192 1770 3266 quod
1803 3192 1869 3250 fit
1895 3208 2030 3251 cum
2066 3192 2352 3251 naturalis
2387 3191 2565 3250 homo

451 3297 765 3365 separatus
811 3309 848 3352 a
883 3292 1182 3370 spirituali
1231 3292 1533 3352 concludit
1544 3311 1561 3368 3
1614 3292 1754 3352 inde
1804 3299 1898 3353 est
1935 3292 2092 3368 quod
2129 3293 2560 3368 praemittatur,

451 3394 635 3468 gratis
671 3392 898 3453 venditi
942 3395 1088 3451 estis
1148 3397 1209 3449 et
1253 3407 1373 3450 non
1420 3411 1532 3469 per
1567 3392 1879 3470 argeutum
1925 3392 2330 3466 redimemini,
2385 3391 2567 3467 gratis

449 3492 628 3552 vendi
674 3492 972 3570 significat
1008 3509 1083 3550 ex
1119 3493 1327 3566 seipso
1363 3507 1475 3551 seu
1512 3510 1588 3552 ex
1613 3495 1858 3571 proprio
1894 3492 2238 3551 abalienare
2275 3507 2341 3551 se
2370 3497 2432 3550 et
2460 3491 2564 3549 ab·

452 3591 651 3653 dicare
688 3592 890 3666 falsis3
932 3597 991 3648 et
1025 3608 1144 3649 non
1172 3607 1281 3666 per
1318 3598 1630 3667 argentum
1664 3593 1892 3668 redimi,
1931 3591 2227 3668 significat
2264 3591 2418 3667 quod
2457 3608 2569 3651 nou

447 3710 558 3769 per
592 3707 804 3750 verum
838 3692 1073 3767 possint
1108 3708 1144 3748 a
1181 3688 1349 3748 falsis
1397 3692 1538 3750 mali
1564 3692 1884 3766 vindicari,
1925 3698 2239 3768 argentum
2281 3690 2568 3768 significat

447 3808 687 3862 verum,
727 3796 789 3847 et
813 3788 1024 3848 redimi
1059 3788 1352 3866 significat
1386 3792 1677 3852 vindicari
1712 3811 1750 3852 a
1776 3793 1946 3852 salsis
1974 3794 2115 3850 mali
2152 3798 2210 3851 et
2245 3791 2565 3851 reformari.

445 3889 633 3968 Apud
668 3887 1019 3948 Sachariam
1056 3887 1507 3972 „Conpreqabo
1552 3910 1659 3952 eos
1696 3892 1849 3973 quia
1894 3890 2211 3954 redimam
2243 3909 2383 3962 603,
2425 3896 2567 3952 tum

445 3984 1063 4066 multiplicabuntur,
1118 3995 1178 4050 et
1217 3993 1554 4055 seminabo,
1581 4010 1686 4053 eos
1725 3992 1795 4054 in
1829 3988 2128 4073 populis,
2183 3998 2244 4054 et
2276 3989 2569 4053 reducam

448 4107 555 4149 eos
582 4108 614 4146 e
639 4095 811 4150 terra
840 4087 1178 4173 [Aeyypti]
1197 4138 1212 4167 ,
1262 4099 1323 4153 et
1357 4111 1439 4154 eoe
1467 4091 1753 4174 Assyria
1795 4091 2179 4172 eonyreyabo
2217 4109 2349 4163 eos,
2395 4096 2456 4150 et
2486 4090 2568 4152 ad

450 4197 685 4253 tem-am
718 4188 1031 4269 Gz'leadie,
1063 4198 1123 4255 et
1148 4192 1238 4253 ad
1252 4191 1575 4255 Libanum
1601 4191 1927 4254 adducam
1954 4195 2104 4254 eos‘“
2151 4193 2230 4253 X:
2269 4194 2327 4252 8.
2365 4194 2420 4250 9.
2466 4196 2493 4251 1
2511 4196 2565 4269 05
