2791 4778
407 367 642 426 CAPUT
683 366 997 428 SEXTUM.
1778 367 1962 425 VERS
1980 390 1993 423 ε
2036 378 2092 431 2.
2249 382 2357 435 183

269 544 336 587 ex
366 526 525 587 falsis
561 525 733 605 mali3
784 542 972 587 naves
1020 524 1246 586 multae
1299 542 1437 586 cum
1473 524 1687 603 quibus
1742 527 1920 586 etiam
1955 529 2171 600 irruet,
2221 538 2361 593 sunt

268 626 571 688 scientifica
607 633 670 687 ct
702 625 1051 687 doctrinalia
1081 625 1254 703 falsi3
1322 626 1648 686 destructio
1695 626 2004 688 Ecclesiae
2064 644 2178 706 per
2228 630 2356 707 illa,

265 726 615 804 signifi-catur
661 745 771 805 per
818 727 1024 787 veniet
1055 727 1117 784 in
1150 731 1378 801 terras,
1434 731 1496 785 et
1543 725 1853 785 inundabit
1896 732 1957 786 et
1989 729 2360 804 penetrabit:

265 825 409 904 quod
456 833 644 886 naves
706 825 1039 916 significent
1094 824 1423 885 scientifica
1474 830 1535 884 et
1584 824 1937 886 doctrinalia
1986 828 2047 885 in
2098 834 2358 912 utroque

263 941 459 995 sensu,
507 925 786 985 videatur
817 944 876 984 n:
932 926 1142 984 1977.
1182 926 1409 985 6385ε
1447 931 1509 985 et
1543 924 1706 1002 quod
1735 925 2027 986 inundare
2066 927 2362 1004 significet

261 1026 682 1084 immersionem
716 1027 778 1083 in
805 1024 959 1084 salsa
986 1031 1049 1083 et
1072 1023 1250 1095 mala,
1286 1042 1360 1083 n:
1404 1026 1565 1084 660.
1604 1025 1764 1085 705.
1802 1019 1961 1084 739.
1999 1028 2160 1089 756.
2195 1030 2357 1089 790.

269 1125 464 1184 5725.
507 1126 719 1186 6853.
786 1125 970 1201 Apud
1003 1124 1331 1184 Jeremiam
1370 1166 1408 1198 „
1432 1122 1838 1203 Disperyam
1859 1141 1980 1202 per
2019 1132 2079 1187 te
2121 1131 2356 1207 yades,

260 1221 605 1303 etperdam
650 1243 772 1303 per
833 1227 895 1282 te
941 1240 1167 1303 reyna,
1220 1227 1282 1282 et
1328 1220 1849 1303 disperqamper
1894 1229 1954 1284 te
1988 1222 2249 1305 Equum
2300 1233 2362 1289 et

208 1387 229 1396 ‚
259 1320 545 1402 Equitem
578 1323 749 1406 ejus,
801 1328 862 1382 et
899 1321 1272 1401 disper-qam
1320 1340 1439 1402 per
1492 1327 1552 1382 te
1594 1339 1853 1383 currum
1908 1328 1968 1383 et
2014 1326 2361 1387 vectam-in

262 1425 364 1481 eo“
400 1423 507 1483 LI:
551 1426 665 1484 20.
702 1427 824 1483 21:
864 1431 925 1483 et
958 1420 1119 1500 apud
1155 1421 1509 1499 Haggaeum
1547 1419 1905 1496 „Evertam
1930 1422 2229 1487 thronum
2251 1445 2356 1488 re-

259 1539 511 1600 ynerum
522 1566 543 1599 ‚
593 1528 655 1583 et
675 1521 952 1603 perdam
991 1520 1182 1583 robur
1223 1538 1565 1601 reynerum
1597 1520 1885 1602 qentium
1898 1542 1927 1594 ,⁰
1988 1530 2049 1585 et
2087 1531 2360 1587 evertam

260 1638 498 1682 curram
530 1630 592 1685 et
615 1623 969 1701 equitantes
1008 1620 1080 1682 in
1115 1638 1182 1680 eo
1199 1664 1218 1693 ‚
1269 1625 1330 1680 et
1369 1618 1737 1682 descendent
1772 1619 1953 1701 Equi
1993 1628 2054 1682 et
2087 1622 2360 1703 Equites

258 1737 487 1795 eoram,
536 1722 648 1784 vir
683 1719 911 1802 gladio
942 1719 1191 1802 fratris
1226 1719 1378 1783 sui“
1424 1720 1515 1780 11:
1557 1723 1681 1797 223
1733 1720 1884 1782 haec
1920 1722 2080 1782 dicta
2106 1730 2247 1783 sunt
2281 1724 2357 1785 de

261 1818 645 1882 destructione
698 1821 835 1881 falsi
883 1829 945 1882 et
989 1820 1160 1889 mali,
1215 1827 1279 1905 et
1322 1836 1443 1879 non
1502 1819 1577 1879 de
1638 1820 2041 1883 destructione
2100 1823 2357 1902 alicujus
2397 1825 2559 1891 [467]

260 1922 436 1995 gentis
463 1928 523 1981 et
547 1925 739 2000 regni,
770 1938 1043 1999 namper
1069 1927 1278 1996 gentes
1306 1920 1710 1996 significantur
1732 1922 1909 1996 mala,
1947 1930 2008 1982 et
2033 1940 2143 2001 per
2171 1941 2361 2001 regna

261 2020 513 2079 similiter
546 2039 623 2083 at·
659 2039 769 2097 per
805 2021 1061 2098 populos
1094 2018 1248 2077 salsa
1267 2063 1284 2093 ,
1342 2026 1435 2106 est
1472 2024 1650 2080 etiam
1683 2021 2102 2098 propheticum
2146 2030 2208 2084 et
2236 2041 2359 2084 non

258 2116 617 2198 historicum3
670 2121 809 2180 inde
843 2126 1014 2197 patet
1073 2118 1216 2196 quid
1267 2137 1378 2196 per
1425 2137 1643 2196 equum
1690 2126 1751 2179 et
1787 2122 2089 2196 equitem,
2142 2139 2215 2183 ac
2247 2141 2360 2200 per

262 2231 478 2278 currum
514 2226 575 2280 ct
611 2228 850 2280 vectum
883 2222 945 2278 in
979 2236 1089 2292 eo,
1127 2218 1508 2296 significatur,
1547 2218 1706 2296 quod
1740 2236 1957 2295 nempe
1992 2238 2104 2297 per
2138 2239 2357 2299 equum

264 2321 319 2374 et
349 2321 598 2395 equitem
639 2318 1056 2380 intellectuale
1091 2334 1444 2396 perversum
1482 2325 1545 2377 et
1565 2317 1703 2376 inde
1729 2319 2120 2393 ratiocinati0‚
2154 2336 2226 2380 ac
2250 2337 2361 2398 per

266 2431 476 2477 currum
511 2427 572 2480 et
613 2426 849 2480 vectum
885 2422 947 2477 in
984 2437 1054 2479 eo
1089 2418 1363 2478 doctrina
1397 2418 1536 2477 salsi
1569 2434 1682 2479 seu
1713 2419 2019 2493 haeresis,
2061 2426 2122 2479 et
2157 2421 2263 2496 qui
2296 2422 2359 2478 in

268 2512 365 2573 ma
394 2526 536 2579 sunt.
606 2518 790 2597 Apud
836 2518 1073 2578 Nahum
1127 2563 1162 2593 „
1186 2515 1317 2580 Vae
1349 2517 1495 2578 urbi
1535 2517 1953 2598 εαηραίπωη,
2006 2522 2144 2579 tota
2181 2536 2356 2580 men·

269 2610 439 2675 dacio
466 2625 521 2678 et
554 2620 799 2698 rapina
825 2614 1019 2697 plena
1036 2637 1063 2689 ,·
1116 2635 1241 2678 vox
1280 2617 1560 2677 scuticae
1608 2625 1668 2679 et
1703 2635 1831 2679 vom
1847 2619 2119 2699 'sonitus
2159 2622 2356 2694 rotae,

261 2719 317 2774 et
346 2733 525 2795 equus
562 2718 862 2779 hinniens
899 2721 960 2778 et
1001 2736 1229 2779 cums
1264 2713 1575 2778 saltitans
1587 2761 1606 2793 ,
1661 2735 1843 2794 eques
1879 2717 2211 2780 ascendere
2233 2719 2357 2800 sa-

262 2811 439 2887 cim,
488 2823 548 2879 et
597 2816 896 2897 splendor
932 2816 1184 2898 yladii,
1220 2823 1280 2877 et
1310 2814 1556 2897 sulqm·
1597 2815 1847 2892 hastae,
1901 2822 1961 2878 et
2011 2814 2360 2880 multitudo

260 2915 680 2994 consessorum
693 2961 709 2992 ‚
747 2923 807 2978 et
848 2936 1110 2979 acervus
1137 2915 1501 2996 cadaveris,
1530 2934 1695 2996 prae
1735 2913 2157 2979 multitudine
2182 2936 2357 2979 soor-

258 3013 553 3077 tationum
597 3017 820 3087 scorti,
872 3015 1196 3079 vendentis
1233 3021 1450 3097 yentes
1481 3034 1599 3095 per
1636 3016 2046 3079 scortationes
2083 3034 2259 3092 suas,
2299 3021 2359 3076 et

246 3110 537 3189 familias
583 3135 706 3195 per
734 3117 1143 3196 praestiyias
1181 3120 1387 3177 suas“
1441 3115 1561 3175 111:
1610 3120 1666 3175 1.
1710 3120 1772 3176 2.
1816 3119 1878 3177 3.
1919 3120 1990 3194 4;
2046 3121 2244 3196 agitur
2276 3115 2359 3174 ibi

258 3209 327 3271 de
359 3216 649 3276 violentia
706 3216 874 3275 illata
906 3217 1126 3279 Divino
1162 3216 1326 3276 Vero
1387 3232 1460 3275 ac
1509 3214 1582 3274 de
1619 3216 2021 3278 destructione
2071 3219 2203 3295 ejus
2248 3232 2361 3292 per

259 3309 403 3371 falsa
431 3316 603 3389 mali,
657 3315 719 3374 id
755 3319 910 3374 enim
946 3334 1058 3392 per
1093 3315 1304 3376 urbem
1338 3316 1724 3389 sanguinum,
1780 3315 1854 3374 de
1891 3333 2012 3391 qua
2044 3316 2361 3393 sequentia

256 3407 545 3491 dicuntur,
598 3415 996 3492 significatur,
1046 3415 1325 3474 videatur
1359 3430 1545 3490 supra
1588 3432 1660 3472 n:
1702 3416 1839 3474 329
1860 3433 1875 3487 ;
1932 3431 2120 3491 quare
2177 3415 2358 3471 etiam

256 3504 453 3573 dicitur
485 3520 618 3575 tota
651 3514 961 3574 mendacio
998 3521 1058 3574 et
1091 3517 1305 3591 rapina
1338 3514 1538 3590 plena,
1587 3512 1962 3572 mendacium
1997 3518 2091 3571 est
2116 3509 2356 3584 salsum,

261 3614 319 3666 et
347 3615 554 3689 rapina
588 3619 686 3673 est
718 3613 1005 3673 violentia
1054 3630 1167 3690 per
1210 3613 1273 3672 id
1304 3614 1506 3689 illata3
1563 3618 1625 3672 et
1657 3615 1797 3688 quia
1829 3610 1992 3670 bella
2023 3608 2361 3687 significant

257 3722 477 3786 pugnas
515 3712 878 3790 spirituales,
917 3730 1072 3790 qnae
1107 3720 1248 3772 sunt
1272 3715 1401 3776 veri
1427 3719 1634 3773 contra
1655 3710 1872 3770 salsum
1908 3718 1969 3771 et
1992 3711 2129 3770 falsi
2152 3715 2361 3770 contra

258 3822 485 3886 verum,
522 3812 659 3872 ideo
697 3815 896 3871 omnia
931 3830 1085 3888 quae
1122 3819 1262 3872 sunt
1293 3813 1459 3882 belli,
1493 3818 1559 3871 ut
1593 3814 1841 3881 scut-ica,
1876 3828 2086 3888 equus,
2127 3827 2355 3886 currus,

257 3904 478 3982 gladius
513 3918 576 3971 et
607 3912 817 3985 hasta,
854 3912 1192 3990 significant
1228 3915 1403 3971 varia
1438 3928 1593 3988 quae
1633 3911 1795 3970 illius
1822 3910 1970 3971 belli
2002 3919 2144 3971 sunt
2161 3931 2178 3989 3
2218 3911 2361 3988 quid

258 4013 448 4068 autem
484 4012 720 4089 singula
751 4014 815 4070 in
850 4015 1055 4090 specie
1091 4012 1461 4090 significant,
1511 4030 1634 4072 non
1665 4011 1847 4091 hujus
1882 4012 2002 4071 loci
2037 4019 2131 4073 est
2165 4030 2357 4089 expo·-

259 4119 410 4182 nere,
443 4110 620 4170 modo
656 4110 802 4188 quid
833 4111 1080 4188 Equus,
1116 4113 1319 4189 Eques
1356 4119 1420 4171 et
1446 4110 1702 4188 Currus3
1741 4128 1858 4173 vox
1893 4115 2125 4172 sonitus
2162 4116 2351 4183 rotae,
2441 4134 2448 4141 ·

258 4204 540 4282 siguificat
572 4213 888 4271 ratiocinia
927 4228 1000 4270 ex
1045 4211 1214 4272 falsis
1251 4218 1312 4271 et
1345 4210 1549 4288 malis;
1589 4229 1781 4290 equus
1814 4211 2088 4273 hinniens
2125 4216 2187 4268 et
2219 4226 2358 4269 cur-
