2791 4778
494 378 604 431 446
944 363 1435 422 APOCALYPSIS
1477 364 1914 421 EXPLICATA.
1971 364 2019 433 §.
2059 373 2187 427 406.

491 529 625 587 illas
644 571 661 601 ,
713 543 822 585 seu
860 527 963 585 ubi
998 528 1370 602 cognitiones
1409 528 1536 583 veri
1574 532 1635 583 et
1667 524 1812 584 boni
1863 526 2198 600 perierunt,
2255 523 2596 586 describitur

492 646 602 706 per
647 626 752 685 illa
812 645 968 702 quae
1030 627 1190 703 apud
1256 626 1623 703 Prophetam
1675 627 1735 683 in
1782 625 1901 684 illis
1956 626 2284 703 Versibus;
2350 630 2594 687 vastatio

493 730 895 805 cognitionum
932 730 1061 786 veri
1101 734 1161 786 et
1195 728 1332 787 boni
1388 744 1497 803 per
1545 742 1680 786 cum
1730 732 1932 802 gemet
1975 727 2288 786 confossus
2301 773 2320 803 ,
2374 734 2435 785 et
2475 745 2592 787 cum

493 834 825 906 peragetur
871 828 1087 887 caedes
1133 830 1192 886 in
1243 827 1439 887 medio
1482 829 1595 900 tui,
1667 843 1779 903 per
1826 828 2137 886 confossos
2183 830 2346 887 enim
2390 828 2586 888 intelli-

498 938 720 1008 guntur
753 929 839 989 illi
873 929 1036 1005 apud
1072 945 1222 1004 quos
1263 931 1559 988 exstincta
1600 934 1741 985 sunt
1777 945 1950 1002 vera,
1992 935 2051 987 et
2087 946 2198 1005 per
2236 930 2472 988 caedem
2502 930 2584 987 in-

498 1032 786 1107 telligitur
820 1033 951 1106 ipsa
989 1031 1303 1088 exstinctio
1340 1030 1468 1088 veri
1499 1035 1559 1087 et
1591 1027 1758 1103 boni3
1800 1028 1962 1109 quod
1997 1035 2140 1088 tunc
2170 1047 2370 1090 omnes
2403 1033 2589 1107 cogui-

496 1134 688 1189 tiones
737 1146 888 1205 quas
950 1130 1127 1187 homo
1185 1130 1386 1188 hausit
1448 1147 1525 1187 cx
1573 1128 1775 1186 Verbo
1832 1129 1908 1186 ab
1948 1130 2228 1204 infantia,
2305 1139 2360 1189 et
2405 1134 2584 1190 omnia

498 1248 643 1290 vera
679 1229 1007 1289 scientifica
1043 1248 1152 1306 per
1182 1247 1334 1306 quae
1373 1228 1743 1288 confirmavit
1769 1229 1925 1314 illaS,
1962 1232 2404 1307 perturbentur,
2438 1249 2584 1290 emo-

500 1337 750 1389 veantur
796 1330 962 1399 loco,
1026 1339 1085 1389 et
1133 1330 1447 1402 recedant,
1516 1328 1885 1406 significat-ur
1929 1348 2040 1407 per
2088 1332 2249 1406 quod
2296 1333 2588 1391 contremi-

497 1437 668 1490 scent
717 1430 992 1505 Insulae,
1083 1438 1142 1491 et
1203 1431 1569 1490 descendent
1623 1430 1885 1506 desuper
1937 1430 2163 1491 thronis
2222 1435 2351 1493 suis
2412 1447 2588 1493 omnes

497 1532 801 1609 principes
859 1534 1065 1601 maris,
1125 1539 1250 1590 tum
1296 1549 1406 1608 per
1453 1533 1800 1590 tremiscent
1845 1530 2091 1591 Insulae
2132 1533 2230 1592 die
2282 1549 2458 1594 casus
2500 1535 2588 1606 tui,

454 1619 560 1692 'et
609 1631 1115 1709 perturbabuntur
1163 1631 1407 1691 Insulae
1459 1649 1613 1707 quae
1664 1633 1724 1689 in
1760 1634 1936 1706 mari,
1991 1631 2238 1692 Insulae
2292 1642 2430 1694 sunt
2471 1633 2590 1693 illae

500 1735 865 1809 cognitiones
904 1739 963 1789 et
998 1731 1103 1790 illa
1151 1731 1483 1792 scientifica
1519 1749 1672 1807 quae
1713 1733 1773 1789 in
1824 1733 2083 1792 naturali
2116 1734 2392 1810 homine,
2442 1736 2588 1811 prin·

498 1836 661 1909 cipes
700 1833 879 1891 maris
907 1839 1048 1889 sunt
1083 1835 1369 1908 primaria
1416 1833 1529 1902 ibi,
1582 1849 1744 1891 mare
1793 1833 2088 1908 significat
2131 1836 2462 1895 naturalem
2491 1834 2589 1893 ho-

498 1934 717 1991 minem
774 1941 835 1991 et
884 1935 1081 1991 omnia
1131 1933 1214 1992 ibi
1277 1936 1337 1991 iu
1402 1936 1726 2006 communi3
1805 1933 1965 2009 quod
2017 1938 2217 1994 omnia
2280 1937 2436 1996 bona
2486 1936 2593 1992 veri

497 2034 787 2093 naturalis
825 2034 1077 2092 hominis
1116 2051 1189 2093 ex
1230 2037 1486 2092 vastatis
1525 2034 1958 2111 cognitionibus
1997 2038 2128 2094 veri
2169 2037 2368 2112 quoad
2393 2042 2594 2095 statum

498 2154 671 2194 suum
721 2135 1137 2206 mutabuntur,
1201 2134 1571 2210 significatur
1623 2152 1736 2210 per
1780 2134 1935 2210 quod
1984 2152 2188 2196 omnes
2244 2137 2594 2195 habitatores

437 2239 443 2244 ’
500 2236 825 2296 insularum
864 2236 1330 2312 obstupuerunt,
1398 2242 1460 2291 et
1499 2252 1676 2311 reges
1714 2252 1917 2294 earum
1972 2236 2429 2312 cohorruerunt,
2473 2242 2590 2294 tur·

498 2338 677 2397 batae
713 2341 852 2395 sunt
886 2337 1099 2411 facies,
1156 2336 1525 2396 habitatores
1563 2336 1892 2395 insularum
1943 2343 2081 2396 sunt
2128 2337 2290 2398 bona
2337 2341 2460 2398 veri
2491 2354 2590 2396 na·

495 2438 704 2497 turalis
740 2437 1026 2510 hominis»,
1073 2456 1184 2515 per
1220 2437 1497 2496 habitare
1541 2440 1696 2495 enim
1732 2439 1791 2495 in
1847 2437 2049 2496 Verbo
2098 2440 2460 2516 significatur
2508 2439 2592 2496 vi-

494 2557 668 2611 vere,
723 2546 784 2598 et
820 2556 929 2614 per
965 2539 1331 2597 habitatores
1372 2538 1534 2596 bona
1582 2540 1778 2608 vitae,
1834 2556 2007 2613 reges
2046 2547 2187 2598 sunt
2238 2543 2432 2598 omnia
2464 2554 2593 2597 vera

498 2658 574 2699 ex
608 2639 793 2715 bono;
870 2640 1057 2699 facies
1112 2638 1448 2716 significant
1492 2641 1778 2697 interiora
1828 2645 1887 2696 et
1939 2638 2314 2716 affectiones3
2397 2639 2590 2699 obstu-

497 2756 783 2816 pescere,
847 2739 1196 2810 cohorrere,
1276 2745 1338 2799 et
1384 2739 1641 2804 turbari,
1707 2737 2343 2816 significant-prorsus
2398 2740 2593 2798 mutari

496 2839 694 2915 quoad
731 2846 983 2898 statum:
1050 2859 1124 2899 ex
1163 2841 1255 2900 his
1312 2846 1511 2918 patet,
1578 2839 1719 2914 quid
1767 2839 1873 2899 illa
1920 2842 1980 2898 in
2029 2857 2214 2900 sensu
2250 2843 2476 2900 interno
2508 2842 2587 2897 in-

494 2937 774 3010 volvunt,
840 2956 1055 3015 nempe
1120 2941 1278 3015 quod
1336 2958 1548 2999 omnes
1598 2942 1962 3016 cognitiones
2013 2944 2144 3001 veri
2197 2949 2258 3001 et
2306 2942 2471 3013 boni,
2526 2954 2582 2996 ac

492 3035 827 3097 scientifica
862 3038 1296 3112 confirmantia,
1352 3016 1506 3116 q‘uae
1543 3040 1718 3099 homo
1756 3059 1830 3100 ex
1868 3041 2069 3101 Verbo
2108 3049 2169 3100 et
2205 3060 2274 3102 ex
2312 3041 2582 3118 magistris

492 3137 571 3196 ab
607 3137 857 3196 infantia
891 3136 1125 3211 hausit,
1183 3146 1415 3199 mutent
1450 3158 1563 3200 sua
1598 3142 1731 3200 loca
1769 3147 1828 3200 et
1865 3157 2038 3201 suum
2076 3149 2295 3202 statum
2336 3146 2398 3201 in
2431 3147 2578 3199 natu·

496 3238 609 3296 rali
641 3237 906 3312 homine,
963 3246 1023 3299 et
1067 3246 1320 3315 pereant
1365 3258 1398 3300 e
1455 3248 1809 3318 conspectu,
1883 3242 2119 3318 quando
2168 3243 2324 3301 falsa
2371 3244 2580 3300 intrant.

492 3338 672 3416 Apud
724 3339 968 3416 Esajam
1018 3338 1283 3415 „Ducet
1319 3359 1439 3402 reoe
1475 3339 1793 3402 Aschuris
1834 3342 2270 3421 captivitatem
2305 3336 2578 3422 Aeyypti,

489 3445 554 3500 et
591 3441 841 3502 turbam
883 3439 1345 3520 deportandam
1390 3439 1646 3502 Kusclzi
1656 3461 1684 3513 ;
1750 3447 1899 3503 tunc
1950 3443 2500 3505 consternabuntur
2531 3440 2579 3498 et

488 3542 841 3606 erubescent
903 3541 975 3602 cb
1048 3541 1382 3603 Kuechum
1393 3587 1411 3616 ,
1484 3542 2012 3621 exspectationem
2080 3562 2294 3605 eorum
2311 3589 2331 3619 ,
2417 3547 2471 3604 et
2521 3536 2578 3599 ob

492 3642 860 3723 Aeyyptum
901 3641 1091 3704 decus
1131 3661 1381 3704 eorum:
1447 3647 1507 3701 et
1543 3641 1707 3703 dicet
1743 3641 2367 3712 habitator-,Insulae
2418 3640 2578 3725 hujtw

493 3742 564 3803 in
611 3742 717 3802 die
756 3741 900 3815 illo,
986 3761 1116 3804 ecce
1176 3743 1272 3803 sic
1313 3744 1702 3821 exspectatio
1750 3749 1977 3804 nostra
2029 3763 2147 3823 quo
2184 3745 2484 3824 sapimus
2522 3739 2579 3799 in

493 3840 841 3918 auxilium,
891 3848 965 3902 ut
1001 3844 1382 3923 eriperemur
1429 3863 1472 3902 a
1516 3861 1730 3905 coram
1772 3862 1918 3924 reye
1957 3843 2307 3919 Aschurie,
2358 3850 2417 3904 et
2448 3857 2576 3922 quo-

490 3942 676 4001 modo
713 3939 1117 4003 liberabimur
1149 3946 1310 4003 noe“
1373 3943 1529 4003 XX:
1584 3948 1645 4003 4.
1695 3945 1751 4003 5.
1795 3948 1865 4020 63
1920 3963 2093 4003 nemo
2132 3945 2361 4022 aliquid
2393 3941 2577 4003 Eccle-

491 4043 619 4097 siae
667 4058 740 4097 ex
797 4042 888 4098 his
941 4050 1340 4114 percepturus
1393 4051 1513 4117 est,
1568 4044 1678 4104 sed
1741 4045 1913 4102 modo
1980 4045 2222 4121 aliquod
2287 4046 2581 4105 obscurum

500 4135 876 4204 historicum,
932 4137 1089 4209 quod
1125 4154 1239 4192 non
1278 4143 1467 4199 scitur
1501 4162 1641 4202 num
1680 4147 1994 4214 exstiterit,
2031 4153 2097 4205 ut
2135 4146 2292 4221 quod
2335 4164 2442 4205 rex
2477 4143 2578 4201 As-

490 4226 686 4297 syriae
733 4230 790 4283 in
844 4233 1251 4303 captivitatem
1307 4238 1565 4298 abducet
1616 4244 1960 4320 Aegyptum
2008 4252 2069 4304 et
2129 4245 2469 4318 Kuschum‚
2532 4243 2582 4298 et
