2791 4778
525 375 633 430 442
955 364 1448 420 APOCAYLPSIS
1490 364 1931 423 EXPLICATA.-
1993 367 2037 433 ς.
2078 349 2222 428 405(

520 525 716 584 Marc:
753 523 876 583 XI:
922 527 1033 583 22.
1078 527 1191 585 23.
1246 525 1477 585 Matth:
1525 522 1740 584 XVII:
1786 527 1911 601 203
1968 527 2210 602 quinon
2242 527 2347 583 scit
2385 542 2564 586 arcana
2660 521 2665 604 'j

523 625 707 696 coeli,
779 631 840 682 et
887 641 1129 683 sensum
1187 626 1558 702 spiritualem
1608 625 1833 697 Verbi,
1908 626 2147 686 credere
2203 633 2389 702 potest
2441 627 2564 702 quod

519 726 812 784 Dominus
860 725 1012 784 haec
1050 726 1333 801 loquutus
1370 729 1450 785 sit
1483 744 1599 784 non
1638 727 1712 786 de
1748 727 1868 787 fide
1907 726 2203 795 salvante,
2252 726 2351 784 sed
2384 726 2447 786 de
2476 726 2566 785 alia

519 825 636 885 fide
674 844 854 902 quam
890 833 1107 884 vocant
1142 826 1482 885 historicam
1522 834 1586 886 et
1619 828 2041 889 miraculosam
2062 872 2077 900 ,
2131 827 2236 884 sed
2267 826 2361 884 illa
2392 828 2563 901 loquu-

519 934 618 986 tus
657 934 749 986 est
783 927 1075 986 Dominus
1114 926 1185 984 de
1224 927 1338 986 fide
1380 927 1685 1001 salvante,
1728 945 1885 1004 quae
1925 928 2074 986 fides
2117 928 2562 986 unum-faciteam

519 1027 839 1100 charitato,
915 1035 973 1085 et
1011 1030 1199 1086 omnis
1244 1036 1335 1086 est
1371 1045 1408 1086 a
1445 1028 1737 1101 Domine,
1801 1036 2175 1105 quapropter
2210 1034 2368 1087 vocat
2392 1028 2562 1085 Domi-

519 1145 634 1186 nus
670 1127 844 1185 fidcm
887 1127 1038 1185 hanc
1076 1129 1251 1186 fidem
1287 1129 1440 1203 Dei3
1495 1136 1555 1187 et
1592 1132 1731 1206 quia
1766 1129 2068 1189 Dominus
2106 1146 2213 1205 per
2245 1128 2371 1188 hanc
2402 1126 2556 1197 fidem,
2665 1191 2666 1204 χ

521 1244 674 1303 quae
713 1234 807 1285 est
840 1227 988 1286 fides
1027 1229 1331 1288 charitatis
1370 1229 1445 1287 ab
1492 1228 1669 1307 Ipso,
1724 1237 2003 1298 removet
2050 1231 2243 1287 omnia
2284 1228 2414 1285 mala
2450 1243 2562 1284 sca·
2665 1207 2666 1260 Ὗ

518 1330 798 1387 turientia
834 1346 909 1387 ex
949 1330 1249 1387 amoribus
1289 1330 1380 1389 sui
1420 1336 1477 1387 et
1514 1331 1743 1403 mundi,
1820 1339 1883 1388 et
1935 1330 2041 1389 illa
2093 1330 2285 1405 dejicit
2327 1330 2378 1385 in
2418 1327 2561 1385 inier-

517 1446 656 1486 num
696 1428 851 1486 unde
889 1438 1060 1504 sunt,
1120 1447 1303 1505 quare
1351 1430 1520 1499 dicit,
1590 1430 1749 1507 quod
1804 1434 1858 1489 si
1911 1432 2130 1490 dixerit
2177 1432 2360 1501 monti,
2403 1426 2565 1485 tollere

519 1536 580 1587 et
604 1530 829 1605 projice
869 1536 925 1586 te
964 1532 1021 1586 in
1061 1548 1241 1598 mare,
1283 1530 1387 1589 fiet
1424 1549 1577 1606 quac
1616 1532 1780 1604 dixit,
1819 1550 1934 1608 per
1963 1540 2219 1589 montem
2250 1532 2385 1587 enim
2419 1528 2562 1603 sigul-

516 1629 769 1688 ficantur
810 1628 964 1686 mala
997 1630 1232 1688 illorum
1271 1648 1570 1700 amorum,
1608 1641 1668 1690 et
1695 1650 1806 1709 per
1841 1650 2010 1690 mare
2048 1632 2394 1707 significatur
2423 1628 2562 1684 infer-

515 1747 685 1801 num,
769 1728 903 1787 inde
959 1747 1069 1804 per
1118 1730 1316 1788 dicore
1369 1734 1553 1789 monti
1599 1733 1837 1807 tollere,
1920 1732 2286 1808 significatur
2328 1727 2564 1788 removeri
2665 1761 2666 1764 =

314 1829 482 1897 [636]
522 1829 653 1902 illa,
722 1837 782 1887 et
840 1846 950 1905 per
1000 1831 1208 1905 projici
1253 1833 1312 1887 in
1369 1850 1532 1890 mare
1581 1835 1955 1909 significatur
2005 1834 2180 1909 dejici
2229 1834 2285 1889 in
2334 1830 2566 1887 infernum

520 1928 674 1987 unde
712 1937 881 2003 sunt,
940 1947 1010 1987 ex
1062 1930 1171 1988 hac
1220 1932 1654 2007 significatione
1701 1936 1920 1993 montis
1974 1942 2035 1992 et
2087 1936 2261 1991 maris
2305 1931 2406 1988 hoc
2446 1924 2565 2003 apud

513 2031 810 2106 Antiquos
860 2034 920 2089 in
970 2047 1336 2089 comnnmem
1390 2051 1725 2092 sermonem
1781 2037 1975 2108 venit,
2035 2052 2163 2092 cum
2218 2033 2287 2090 dc
2329 2030 2448 2089 fidei
2485 2043 2567 2103 po-

514 2133 702 2190 tentia
736 2147 933 2190 sermo
969 2131 1105 2206 suit,
1172 2151 1288 2190 non
1348 2134 1506 2209 quod
1560 2143 1786 2195 montes
1837 2139 1896 2193 in
1963 2135 2178 2196 tellure
2224 2136 2449 2209 possunt
2487 2144 2567 2202 per

512 2231 673 2290 illam
713 2233 923 2309 projici
981 2234 1039 2289 in
1087 2251 1280 2306 mare,
1364 2234 1473 2292 scd
1527 2236 1684 2293 mala
1732 2254 1884 2312 quae
1944 2237 2020 2294 ab
2071 2236 2292 2293 inferno
2341 2235 2567 2306 possunt,
2661 2313 2662 2320 ἵ

516 2335 692 2392 etiam
737 2340 966 2392 montes
998 2335 1055 2391 in
1092 2334 1386 2410 spirituali
1422 2337 1662 2412 mund0,
1702 2354 1886 2414 super
1923 2337 2145 2413 quibus
2179 2334 2427 2393 habitant
2449 2328 2566 2399 mali,
2659 2327 2662 2342 ²

516 2414 714 2492 solent
765 2452 874 2510 per
928 2434 1131 2511 fidem,
1204 2453 1354 2510 quae
1409 2454 1444 2492 a
1491 2437 1778 2513 Domino,
1837 2441 2028 2497 everti
2084 2445 2143 2496 ct
2192 2434 2411 2512 projici,
2465 2447 2568 2490 nam

515 2552 651 2593 cum
694 2535 852 2592 mala
903 2536 1062 2611 apud
1098 2535 1232 2595 illos
1272 2538 1691 2614 projiciuntur,
1751 2542 1926 2598 etiam
1968 2540 2351 2616 projiciuntur
2382 2539 2567 2590 montes

512 2651 697 2711 super
745 2636 960 2711 quibus
1015 2637 1312 2708 habitant,
1390 2645 1449 2694 ut
1502 2655 1686 2713 supra
1751 2641 2073 2714 aliquoties
2127 2638 2338 2696 dictum
2383 2638 2483 2706 est,
2524 2636 2568 2688 et
2661 2700 2662 2727 1

512 2753 750 2811 quoque
800 2738 940 2795 mihi
993 2756 1176 2812 saepe
1213 2740 1445 2796 visum:
1518 2740 1678 2814 quod
1726 2758 1839 2797 non
1889 2739 2012 2799 alia
2060 2740 2208 2798 fides
2255 2752 2416 2812 quam
2454 2734 2565 2794 fides
2661 2732 2662 2781 l

512 2835 821 2893 charitatis
863 2856 898 2894 a
941 2838 1195 2896 Domino
1231 2839 1326 2896 hic
1363 2820 1759 2915 intelligatur,
1814 2849 1984 2917 patet
2030 2858 2068 2897 a
2116 2840 2438 2898 continuato
2467 2848 2564 2894 ser·

510 2950 683 2992 mone
712 2934 954 2993 Domini
991 2938 1152 3012 apud
1189 2939 1485 3008 Marcum,
1527 2940 1628 2997 ubi
1665 2941 1876 2999 dicitur
1921 2939 2310 3018 „Propterea
2335 2934 2463 2996 dieo
2486 2950 2563 2993 vo-

508 3033 606 3093 bis
625 3077 641 3106 ,
698 3034 914 3093 omnia
950 3055 1347 3114 quaeeunque
1373 3046 1703 3115 precantes
1741 3041 1994 3120 petitis,
2052 3040 2285 3101 credite
2309 3035 2458 3115 quod
2483 3049 2561 3093 ‹10-
2655 3058 2662 3067 ·

507 3132 751 3211 cepturi
791 3134 976 3207 sitis,
1035 3143 1180 3196 tune
1221 3138 1343 3216 fiet
1382 3141 1595 3200 vobis:
1649 3160 1791 3201 eum
1824 3160 1966 3201 vero
2007 3139 2311 3203 steteritis
2345 3142 2559 3199 orante-³,

505 3233 814 3293 dimittite
848 3236 912 3295 εἰ
951 3236 1107 3315 quid
1142 3236 1385 3298 habetis
1425 3246 1639 3301 eontra
1675 3261 2080 3321 quemquam,
2137 3247 2210 3301 ut
2259 3239 2436 3299 etiam
2458 3233 2560 3295 Pa·

507 3341 600 3395 ter
646 3341 870 3407 vester,
911 3338 1020 3416 qui
1048 3339 1118 3398 in
1155 3336 1390 3414 Caelis,
1443 3340 1734 3403 dimittat
1771 3342 1944 3403 vobis
1982 3340 2210 3422 lapsus
2238 3346 2489 3407 vestro&
2517 3328 2560 3390 82'

505 3455 647 3497 vero
686 3454 796 3496 voe
847 3457 971 3499 non
1009 3439 1422 3514 dimiseritis,
1472 3462 1663 3521 neque
1697 3442 1900 3503 Pater
1937 3448 2172 3511 vester,
2216 3439 2323 3520 qui
2358 3441 2420 3500 in
2445 3432 2556 3496 Coe·

507 3536 624 3613 lis,
681 3536 960 3625 dimittet
999 3537 1224 3620 lapsus
1263 3548 1547 3601 νῶιν-ομ
1582 3543 1775 3604 ,Verst
1823 3547 1931 3602 24.
1969 3546 2077 3603 25.
2121 3546 2242 3619 263
2300 3560 2363 3601 ex
2391 3535 2556 3616 quibu-‘³

503 3646 706 3716 patet,
773 3640 932 3716 quod
984 3641 1130 3701 fides
1180 3642 1328 3717 Dei,
1411 3642 1508 3717 def
1540 3662 1657 3719 qua
1704 3645 1995 3703 Dominus
2051 3644 2132 3702 ibi
2185 3644 2450 3718 loquitur,
2501 3632 2557 3689 Sit

504 3739 653 3799 fides
695 3740 1027 3813 charitatis,
1083 3743 1196 3802 hoc
1248 3751 1372 3816 est,
1431 3743 1577 3802 fides
1629 3762 1781 3820 quae
1834 3763 2012 3804 unum
2066 3745 2206 3802 facit
2243 3761 2368 3802 cum
2404 3733 2555 3795 ehari-

505 3846 661 3913 tate,
719 3846 779 3897 et
813 3841 947 3899 inde
992 3860 1146 3917 quae
1185 3846 1372 3901 omnis
1412 3852 1503 3902 est
1548 3864 1584 3902 a
1628 3845 1915 3904 Domino:
1969 3853 2281 3921 praeterea
2315 3837 2554 3900 Dominus

505 3938 610 3996 illa
646 3939 793 3998 dixit
829 3941 906 3997 ad
942 3940 1268 4015 discipulos
1290 3987 1306 4015 ,
1365 3961 1499 4002 cum
1537 3946 1915 4004 crediderunt
1951 3944 2105 4021 quod
2141 3940 2414 4002 miracula
2442 3947 2553 4012 pos·

503 4045 636 4094 sent
674 4039 876 4096 facere
906 4054 977 4095 ex
1015 4056 1125 4096 sua
1166 4041 1313 4115 fide,
1368 4045 1453 4100 ita
1488 4061 1524 4100 a
1559 4061 1654 4118 se,
1699 4063 1835 4104 cum
1874 4054 2070 4105 tamen
2103 4045 2205 4102 illa
2238 4044 2376 4101 fiunt
2405 4057 2438 4097 a
2465 4029 2553 4092 fid⁴3

503 4149 656 4201 quae
694 4150 731 4188 a
764 4135 1051 4203 Domino,
1106 4139 1191 4193 ita
1230 4157 1267 4195 a
1300 4139 1592 4218 Domino,
1654 4151 1719 4203 ut
1757 4163 1996 4221 quoque
2030 4151 2194 4222 patet
2245 4140 2394 4220 apud
2427 4135 2552 4196 Mat‘

499 4224 739 4282 thaeum
783 4228 942 4302 Cap:
984 4232 1198 4292 XVII:
1257 4240 1363 4294 19.
1419 4243 1535 4313 20,
1618 4244 1967 4304 ubi'similia
1993 4245 2152 4303 dicta
2185 4252 2331 4304 sunt.
2383 4238 2555 4313 Quon-
