2791 4778
384 347 621 405 CAPUT
660 305 970 405 SEXTUM.
1734 348 1947 405 VERS:
1991 361 2081 413 1⁶.
2238 361 2347 414 489

242 508 491 569 chielem
531 505 786 588 „Super
818 505 1194 569 ariditatem
1223 512 1447 589 petrae
1467 508 1695 588 posuit
1726 505 1933 583 illum,
1969 528 2094 570 nom.
2126 510 2351 590 effudit

235 626 369 669 eum
415 626 608 687 super·
640 614 906 682 terram,
963 612 1037 667 ut
1073 612 1304 687 τεμένει
1354 627 1495 669 eum
1534 606 1807 688 pulvis“
1856 610 2103 669 XXIV:
2159 617 2232 670 7:
2286 620 2347 670 et

238 708 398 785 apud
432 708 702 768 Eundem
741 705 1144 782 „Ascendere
1170 707 1429 787 faciam
1470 716 1685 770 eontra
1730 715 1790 769 te
1830 715 2046 789 yentes
2083 708 2344 786 multae,
2463 785 2474 791 ⁴

234 827 389 887 quae
441 812 710 868 everterit
769 827 990 869 muros
1040 805 1208 889 Tyri
1223 853 1240 883 ‚
1311 814 1372 869 et
1424 807 1747 871 destruent
1799 817 2007 871 turres
2052 810 2216 892 ejus,
2288 817 2377 882 et·

234 906 567 969 detraham
593 905 918 988 pulverem
961 907 1098 981 eius
1141 907 1219 968 ab
1265 905 1420 984 illa,
1484 915 1544 969 et
1591 908 1749 971 dabo
1797 929 1936 970 eam
1971 910 2345 972 ariditatem

225 1012 488 1088 petrae“
525 1008 775 1069 XXVI:
815 998 937 1095 [3.]
970 1012 1030 1068 4.
1066 1011 1188 1085 143
1241 1027 1353 1087 per
1386 1010 1699 1087 pulverem
1735 1013 1797 1069 in
1839 1011 1993 1070 binis
2028 1012 2145 1070 illis
2187 1011 2338 1070 locis

232 1109 582 1185 intelligitur
623 1109 875 1179 humu5‚
938 1127 1049 1186 per
1093 1127 1272 1185 quam
1329 1111 1695 1187 significatur
1730 1111 1949 1191 bonum
1996 1112 2343 1186 Ecclesiae3

235 1209 475 1285 quando
510 1226 627 1268 non
675 1209 891 1269 humus
929 1216 1021 1268 est
1061 1226 1245 1286 super
1283 1212 1509 1286 petriS,
1560 1211 1671 1269 sed
1715 1207 1923 1287 petrae
1970 1212 2172 1271 aridae
2207 1219 2349 1270 sunt

233 1326 338 1369 seu
375 1314 722 1368 constantes
759 1327 833 1368 ex
868 1312 1046 1369 meris
1083 1312 1384 1387 congestis
1421 1310 1753 1386 lapidibus,
1809 1317 1876 1369 ut
1911 1327 2095 1388 supra
2123 1311 2346 1371 dictum

234 1417 353 1483 est,
409 1410 693 1468 indicium
731 1416 823 1468 est
876 1410 1032 1485 quod
1085 1427 1203 1469 non
1243 1411 1486 1487 aliquod
1533 1410 1749 1468 bonum
1805 1413 1906 1484 sit,
1972 1418 2029 1469 et
2077 1411 2181 1469 ubi
2227 1430 2345 1470 non

232 1509 452 1571 bonum
496 1509 579 1568 ibi
615 1528 774 1568 mere
807 1511 1022 1569 salsum
1062 1516 1183 1585 est,
1234 1511 1348 1571 hoc
1382 1513 1586 1587 itaque
1622 1526 1734 1586 per
1769 1511 2103 1571 ariditatem
2137 1518 2345 1588 petrae

235 1611 617 1688 significatur,
658 1627 729 1669 ac
771 1627 882 1687 per
910 1610 1067 1686 quod
1106 1617 1339 1687 tegeret
1367 1629 1505 1671 eum
1536 1611 1764 1688 pulvis,
1802 1618 1863 1670 et
1896 1629 2006 1687 per
2035 1612 2345 1672 detraham

232 1712 544 1787 pulverem
582 1711 712 1787 ejus
761 1710 834 1768 ab
869 1710 992 1769 illa.
1063 1712 1156 1769 Ex
1195 1712 1289 1770 his
1330 1714 1510 1772 etiam
1544 1719 1745 1788 patet,
1804 1713 1945 1788 quid
1979 1712 2345 1788 significatur

235 1828 343 1886 per
383 1811 625 1869 Domini
680 1810 867 1870 verba
924 1811 1090 1887 apud
1136 1812 1557 1889 Evangelistas
1618 1810 1836 1887 „Alia
1897 1812 2141 1873 semina
2186 1813 2343 1874 ceei-

237 1909 460 1972 derzmt
495 1930 685 1991 super
707 1917 970 1990 petrosa
986 1955 999 1981 ‚
1064 1911 1174 1971 ubi
1211 1931 1336 1974 non
1377 1912 1727 1973 habuerunt
1759 1913 2023 1973 humum
2056 1910 2345 1988 multam,

237 2010 399 2071 unde
430 2012 556 2073 cito
592 2017 818 2072 exorta
857 2016 1006 2071 sunt
1025 2056 1042 2086 ,
1090 2016 1438 2090 propterea*
1468 2011 1636 2090 quod
1672 2029 1797 2071 non
1828 2011 2158 2072 habuerint
2189 2031 2348 2091 pro-

227 2110 622 2188 funditatem
683 2116 916 2185 tmae,
980 2116 1041 2170 et
1102 2114 1535 2172 «πυανίιενιιηι(6
1602 2111 1830 2170 Matth:
1892 2111 2082 2169 XIII:
2156 2114 2216 2171 5.
2281 2115 2342 2170 6.

238 2209 436 2268 Marc:
471 2212 590 2270 IV:
649 2212 706 2271 5.
757 2216 817 2271 6.
885 2211 1041 2269 Luc:
1079 2210 1257 2270 VIII:
1302 2214 1369 2288 63
1426 2211 1536 2271 sed
1569 2211 1718 2272 haec
1758 2209 2057 2288 explicata
2092 2211 2343 2271 videan-

243 2315 344 2364 tur
381 2325 559 2386 supra
590 2328 659 2369 n:
702 2314 862 2370 401.
942 2312 1220 2387 Plerique
1261 2329 1335 2370 ex
1369 2312 1488 2370 illis
1529 2314 1590 2370 in
1624 2311 1845 2370 Mundo
1885 2311 2199 2388 spirituali,
2243 2314 2346 2387 qui

245 2407 440 2467 lumen
492 2428 563 2470 ex
610 2413 783 2472 Luna
828 2412 909 2470 ibi
958 2412 1213 2483 habent,
1266 2430 1450 2490 super
1498 2414 1695 2472 Petris
1745 2413 2042 2488 habitant;
2104 2412 2195 2471 illi
2244 2415 2348 2488 qui

246 2509 577 2584 spirituales
611 2514 916 2572 naturales
955 2519 1107 2586 sunt,
1154 2514 1426 2573 habitant
1460 2530 1645 2590 super
1680 2514 1892 2587 Petris,
1949 2530 2101 2588 quae
2136 2529 2349 2589 super-,-

239 2607 367 2670 ficie
401 2620 574 2672 tenus
616 2620 813 2673 tectae
852 2622 992 2671 sunt
1025 2613 1236 2685 humo,
1288 2614 1446 2673 unde
1481 2614 1566 2672 ibi
1602 2619 1740 2673 sunt
1778 2615 2003 2689 campi,
2059 2614 2252 2672 vireta
2288 2619 2349 2672 et

239 2709 539 2788 arboreta,
597 2714 709 2774 sed
757 2732 875 2774 non
929 2713 1130 2790 qualia
1181 2720 1321 2773 sunt
1370 2731 1556 2790 super
1604 2713 1902 2772 montibus
1958 2718 2019 2771 et
2072 2711 2343 2785 collibuS,

236 2826 418 2888 super
463 2815 677 2889 quibus
730 2814 1002 2873 habitant
1053 2815 1156 2889 qui
1208 2815 1407 2874 lucem
1472 2831 1544 2872 ex
1602 2812 1741 2872 Sole
1798 2812 1965 2871 Coeli
2015 2814 2344 2889 recipiunt:

235 2914 333 2987 qui
368 2921 572 2973 autem
607 2932 726 2975 non
761 2914 1106 2991 spirituales
1150 2915 1457 2973 naturales
1506 2920 1678 2988 sunt,
1732 2913 1841 2973 sed
1884 2930 2047 2972 mere
2097 2921 2344 2973 natura-

232 3011 358 3089 les,
399 3014 504 3073 'illi
539 3033 656 3074 non
695 3021 835 3074 sunt
867 3015 1046 3073 hodie
1081 3030 1267 3090 super
1300 3017 1519 3091 petriS,
1575 3014 1686 3073 sed
1725 3017 1784 3073 in
1818 3015 2006 3090 petris
2042 3016 2103 3071 in
2132 3030 2343 3074 caver-

232 3115 323 3172 nis
381 3114 492 3190 ibi;
549 3122 610 3175 et
647 3118 748 3192 qui
780 3118 841 3174 in
875 3115 1043 3173 falsis
1083 3132 1167 3181 ex,
1191 3115 1348 3174 malo
1385 3123 1525 3174 sunt
1556 3115 1827 3173 habitant
1863 3117 2017 3172 inter
2060 3120 2346 3190 congesta

229 3229 386 3273 saxa
421 3214 531 3291 ibi3
588 3219 783 3275 omnia
822 3216 928 3274 illa
965 3221 1105 3274 sunt
1140 3216 1720 3292 correspondentiae.
1800 3214 1986 3292 Apud
2018 3214 2344 3274 Jeremiam

229 3313 447 3386 „Ecce
483 3312 556 3374 E
551 3334 637 3394 9⁰
677 3321 895 3376 eontra
935 3322 993 3375 te
1029 3312 1220 3375 Mons
1243 3314 1521 3393 perdens
1557 3294 1921 3375 uitiversam
1963 3320 2199 3374 terram
2212 3359 2229 3388 ,
2288 3319 2352 3374 et

226 3414 570 3475 extendam
604 3435 866 3476 manum
889 3432 1096 3475 meam
1121 3422 1339 3474 eontra
1365 3419 1425 3472 te
1441 3458 1459 3489 ,
1495 3418 1553 3471 et
1581 3411 1904 3473 devolvam
1943 3417 2002 3470 te
2026 3411 2104 3470 de
2116 3412 2349 3491 petris,

227 3521 285 3575 et
326 3513 474 3575 dem
513 3520 572 3574 te
608 3515 679 3576 in
711 3522 980 3576 montem
1016 3513 1510 3575 combustionis“'
1559 3509 1676 3571 LI:
1735 3514 1858 3586 253
1910 3511 2063 3570 haec
2101 3511 2175 3569 de
2218 3511 2344 3569 Ba-

225 3613 399 3690 bele,
459 3617 630 3692 cujus
668 3617 965 3675 damnatio
1005 3632 1116 3691 per
1161 3615 1316 3673 falsa
1365 3611 1733 3691 significatur
1774 3628 1885 3688 per
1920 3610 2236 3674 devolvam
2286 3618 2346 3671 te

227 3713 300 3774 de
345 3721 572 3792 petris;
641 3722 702 3776 et
747 3716 1047 3775 damnatio
1084 3733 1196 3792 per
1239 3715 1397 3773 mala
1448 3713 1815 3790 significatur
1850 3728 1962 3788 per
2010 3711 2145 3769 dem
2181 3717 2240 3770 te
2286 3713 2347 3769 in

225 3821 489 3874 montem
535 3817 997 3893 combustionis;
1054 3815 1162 3874 sed
1199 3815 1350 3874 haee
1401 3815 1657 3890 amplius
1696 3812 1994 3890 explicata
2035 3811 2349 3871 videantur

225 3929 415 3992 supra
450 3934 523 3975 n:
566 3917 731 3977 405.
808 3917 991 3994 Apud
1033 3915 1305 3974 Eundem
1358 3911 1773 3993 „Relinquite
1806 3912 1988 3973 urbes
2001 3957 2019 3988 ,
2073 3919 2133 3973 et
2166 3909 2347 3971 habi-

225 4015 471 4085 tatein·
512 4015 718 4078 Petra
763 4015 1150 4077 habitatores
1203 4013 1423 4075 Moabi
1439 4058 1455 4087 ,
1516 4021 1576 4075 et
1611 4020 1807 4075 estote
1856 4013 2023 4073 siout
2063 4006 2349 4072 columba

224 4113 525 4196 nidificat
562 4116 634 4178 in
676 4116 1057 4178 transitibus
1092 4116 1226 4176 oris
1247 4117 1521 4196 foveae“
1560 4114 1862 4175 XLVIII:
1913 4116 2038 4189 283
2092 4113 2244 4171 haee
2274 4110 2348 4171 de

226 4211 462 4292 Moabo,
504 4235 616 4295 per
645 4235 822 4295 quem
857 4217 1221 4295 significatur
1257 4215 1616 4275 adulteratio
1651 4214 1791 4274 boni
1828 4221 1887 4272 et
1928 4216 2081 4289 veri,
2124 4219 2183 4273 et
2211 4212 2348 4271 inde
