2791 4778
528 384 637 437 408
978 371 1472 427 APOCALYPfflS
1518 370 1944 426 EmecATA.
1988 370 2030 437 ς.
2071 376 2190 431 408.

526 538 612 594 tia
647 540 740 592 est
779 532 1002 590 homini
1043 551 1118 590 ex
1152 532 1271 591 illis
1316 540 1375 590 et
1412 532 1740 590 secundum
1778 531 1900 589 illa.
1982 529 2094 605 Qui
2126 545 2348 587 sensum
2383 527 2552 586 literae

526 634 700 695 modo
763 640 1022 709 spectat,
1090 639 1209 691 non
1256 633 1463 691 videre
1521 632 1980 715 potest-aliter,
2040 648 2203 706 quam
2244 628 2385 704 quod
2417 644 2553 703 reges

529 753 602 796 ac
647 736 913 812 primarii
947 737 1006 792 in
1043 736 1242 810 regnis
1280 734 1518 792 illorum
1554 732 1986 809 intelligantur,
2027 739 2082 789 et
2119 729 2265 805 quod
2299 735 2378 786 tot
2404 730 2552 785 nomi·
2588 707 2594 713 ’

526 843 774 911 nentur,
834 843 899 893 ut
941 851 1154 894 sensus
1211 835 1507 905 elevetur,
1567 834 1675 892 sed
1727 837 1786 892 in
1830 832 2027 891 Verbo
2074 831 2226 889 nulla
2270 829 2454 889 vocula
2485 835 2552 886 est

525 940 754 1011 inanis,
834 938 1110 1011 quoniam
1166 936 1449 993 Divinum
1515 943 1607 992 est
1663 937 1722 991 in
1785 933 2053 992 omnibus
2116 940 2172 989 et
2221 929 2434 1006 singulis
2480 928 2555 994 ibi,

529 1056 713 1114 quare
754 1055 863 1113 per
899 1036 1003 1093 illa
1044 1036 1431 1112 intelligenda
1465 1042 1603 1093 sunt
1637 1036 1883 1108 Divina,
1925 1052 2075 1108 quae
2119 1031 2277 1091 Coeli
2309 1037 2358 1089 et
2386 1029 2548 1086 Eccle-

531 1142 657 1197 siae
698 1144 862 1210 sunt,
910 1155 978 1195 ac
1024 1139 1320 1195 communi
1359 1154 1506 1195 voce
1544 1142 1830 1195 vocantur
1867 1134 2148 1194 coelestia
2188 1139 2244 1189 et
2275 1128 2551 1207 spiritualia,

528 1256 601 1297 ex
640 1238 852 1313 quibus
894 1237 1158 1295 Verbum
1199 1245 1294 1295 est
1329 1238 1645 1305 Divinum,
1703 1237 1967 1295 coeleste
2016 1242 2073 1294 et
2106 1232 2408 1311 spirituale3
2436 1230 2557 1285 Ver-

526 1338 667 1424 bum
716 1340 895 1397 etiam
959 1339 1159 1397 datum
1211 1344 1335 1414 est,
1402 1344 1467 1395 ut
1513 1355 1624 1414 per
1674 1338 1735 1395 id
1777 1344 1855 1395 sit
1906 1337 2229 1413 conjunctio
2281 1330 2422 1392 Coeli
2462 1347 2557 1388 cum

529 1438 838 1512 Ecclesia,
919 1457 1024 1497 seu
1078 1439 1445 1514 Angelorum
1502 1438 1668 1497 Coeli
1731 1456 1864 1496 cum
1920 1437 2247 1496 hominibus
2300 1432 2558 1500 Ecclesiae,

525 1539 803 1598 videatur
836 1542 894 1596 in
945 1541 1144 1615 Opere
1180 1539 1252 1598 de
1293 1539 1495 1598 Coeno
1544 1557 1620 1597 m·
1660 1538 1940 1597 INFssnNo
1979 1558 2049 1596 n:
2101 1537 2231 1596 303
2262 1533 2331 1591 ad
2359 1533 2488 1602 310,
2520 1536 2563 1586 et

526 1640 633 1699 illa
669 1640 1005 1716 conjunctio
1045 1659 1160 1697 non
1198 1640 1324 1696 dari
1370 1646 1609 1714 potest,
1684 1642 1735 1697 si
1781 1657 1898 1697 non
1954 1639 2112 1697 aliud
2157 1655 2259 1712 per
2295 1634 2385 1691 illa
2427 1630 2565 1687 verba

527 1740 992 1816 intelligeretur,
1060 1759 1236 1816 quam
1299 1739 1460 1815 quod
1501 1744 1561 1797 in
1626 1757 1808 1798 sensu
1861 1741 2076 1799 lIterae
2132 1743 2340 1805 exstat,
2404 1747 2564 1805 nempe

527 1840 684 1916 quod
730 1857 904 1915 reges
943 1848 1168 1912 terrae,
1226 1847 1566 1914 magnates,
1611 1841 1858 1912 diviteS,
1910 1840 2212 1899 chiliarchi
2248 1844 2303 1896 et
2333 1839 2567 1911 potentes,

527 1950 653 2000 tum
693 1941 882 1998 omnis
921 1958 1134 1999 servus
1177 1950 1237 1998 et
1272 1942 1464 1999 omnis
1504 1942 1688 2013 liber,
1737 1941 2156 2001 absconderint
2192 1956 2253 1997 se
2288 1941 2342 1995 in
2374 1933 2566 2010 spelun-

524 2046 610 2102 cis
665 2050 722 2099 et
777 2044 833 2098 in
887 2044 1075 2118 petris
1128 2044 1446 2113 montium,
1511 2041 1661 2100 haec
1717 2044 1893 2100 etiam
1957 2049 2094 2100 sunt
2144 2037 2438 2111 naturalia,
2493 2029 2569 2089 sed

523 2151 664 2202 tunc
708 2143 1046 2219 conjunctio
1098 2150 1190 2200 est
1208 2187 1225 2216 ,
1293 2159 1425 2201 cum
1479 2162 1587 2220 per
1627 2143 1729 2200 illa
1778 2142 2189 2219 intelliguntur
2234 2137 2392 2198 simul
2437 2134 2570 2210 spiri·
2649 2185 2650 2198 ,

474 2241 477 2244 ’
524 2245 740 2323 tualia3
797 2244 972 2302 aliter
1010 2246 1165 2301 enim
1212 2262 1326 2301 non
1363 2245 1639 2321 conjungi
1676 2252 1935 2319 possunt
1978 2242 2348 2319 Angeli,‚cum
2379 2232 2572 2295 homini-

522 2345 670 2421 buS,
710 2363 848 2405 nam
887 2345 1106 2421 Angeli
1144 2345 1491 2422 spirituales
1532 2351 1696 2419 sunt,
1756 2346 1897 2421 quia
1945 2349 2009 2405 in
2057 2341 2343 2422 spirituali
2387 2333 2570 2403 Mund0‚

525 2456 586 2507 et
625 2449 763 2507 inde
806 2448 1071 2522 cogitant
1113 2446 1505 2522 spiritualiter
1535 2454 1590 2503 et
1620 2463 1855 2522 quoque
1885 2446 2212 2524 loquuntur
2237 2438 2574 2520 spiritualiter,

525 2557 587 2607 at
625 2549 896 2608 homines
935 2548 1247 2605 naturales
1284 2553 1456 2616 sunt,
1510 2549 1650 2622 quia
1701 2548 1754 2602 in
1808 2548 2067 2606 naturali
2109 2546 2344 2615 mundo,
2394 2548 2446 2599 et
2476 2534 2576 2596 inde

529 2652 794 2725 cogitant
832 2648 1186 2706 naturaliter
1223 2654 1281 2705 et
1307 2646 1631 2722 loquuntur
1669 2647 2061 2722 naturaliter:
2099 2648 2246 2706 haec
2289 2645 2432 2702 dicta
2462 2640 2576 2706 sunt,

525 2755 592 2808 ut
627 2753 855 2810 sciatur
903 2749 1065 2823 quod
1112 2766 1222 2825 per
1262 2764 1438 2824 reges
1475 2755 1697 2819 terrae,
1749 2758 2091 2822 magnates,
2134 2749 2357 2819 diviteS,
2394 2739 2578 2799 chiliar-

527 2849 670 2906 chos
725 2858 783 2908 et
826 2858 1108 2924 potentes
1149 2850 1554 2925 significentur
1594 2851 1768 2906 etiam
1825 2849 2196 2924 spiritualia:
2260 2844 2404 2924 quod
2445 2837 2578 2917 spiri-

526 2949 714 3007 tualia
755 2967 863 3023 per
906 2949 1041 3006 illos
1082 2950 1524 3024 intelligantur,
1587 2968 1800 3026 nempe
1837 2967 1946 3025 per
1981 2957 2292 3026 magnates
2332 2955 2389 3004 et
2419 2942 2576 3001 divites

525 3049 684 3107 bona
736 3055 796 3105 et
844 3065 989 3104 vera
1049 3050 1309 3120 interna,
1376 3054 1437 3107 et
1491 3068 1603 3126 per
1647 3050 2002 3109 chiliarchos
2061 3060 2121 3108 et
2159 3054 2423 3127 potentes
2464 3041 2576 3098 b011²

521 3156 582 3209 et
631 3167 776 3206 vera
814 3154 1080 3220 externa,
1122 3155 1397 3207 constare
1436 3157 1639 3224 potest
1677 3169 1750 3209 ex
1784 3152 2215 3227 significatione
2256 3164 2472 3213 eorum,
2507 3134 2574 3196 ubi

524 3251 900 3308 nominantur
944 3251 1004 3305 in
1059 3248 1282 3307 Verbo,
1386 3249 1562 3325 Quod
1611 3252 1924 3327 Magnates
1963 3254 2021 3310 in
2060 3251 2263 3311 Verbo
2311 3240 2578 3323 significent

523 3352 685 3409 bona
733 3353 995 3418 interna,
1059 3367 1213 3424 quae
1253 3355 1391 3409 sunt
1438 3351 1595 3410 bona
1646 3355 1862 3411 interni
1910 3369 2019 3412 seu
2070 3350 2391 3428 spiritualis
2432 3337 2573 3402 homi·

525 3454 646 3526 niS,
697 3459 788 3510 est
835 3450 977 3526 quia
1018 3469 1298 3526 magnum
1345 3456 1407 3509 et
1447 3452 1792 3527 magnitudo
1829 3455 1887 3510 in
1926 3452 2127 3511 Verbo
2168 3452 2375 3512 dicitur
2412 3446 2474 3504 de
2500 3439 2574 3496 bo·

521 3570 627 3628 nc,
675 3560 739 3611 at
775 3553 1022 3611 multum
1063 3562 1122 3610 et
1156 3552 1475 3610 multitudo
1515 3552 1589 3610 de
1626 3570 1797 3627 vero,
1842 3554 2115 3630 videatur
2154 3570 2338 3629 supra
2368 3568 2421 3606 n:
2461 3537 2573 3601 336·

531 3657 702 3715 337:
755 3653 913 3729 quod
951 3653 1109 3711 bona
1153 3655 1384 3712 interna
1419 3670 1529 3729 per
1563 3652 1878 3729 Magnates
1909 3653 2334 3730 significentur,
2374 3654 2454 3707 est
2484 3637 2581 3717 quia

524 3773 635 3832 per
688 3762 943 3831 quatuor
1002 3754 1170 3829 illos,
1245 3771 1460 3830 nempe
1521 3762 1870 3829 magnates,
1941 3754 2190 3823 diviteS,
2268 3741 2577 3810 chiliarvhos,

524 3862 833 3931 potentes,
890 3854 1301 3929 significantur
1353 3856 1550 3912 omnia
1583 3854 1743 3913 bona
1780 3863 1840 3913 et
1876 3872 2024 3913 vera
2060 3870 2211 3929 quae
2252 3849 2407 3927 apud
2439 3836 2584 3903 homi·

524 3971 692 4026 nem,
748 3958 831 4013 ita
879 3954 1036 4012 bona
1078 3960 1138 4011 et
1178 3972 1323 4013 vera
1363 3956 1579 4012 interni
1634 3972 1743 4014 seu
1793 3954 2119 4031 spiritualis
2166 3952 2413 4011 hominis
2457 3948 2509 4000 ut
2545 3939 2584 3992 Εἴ

524 4057 756 4114 externi
791 4073 902 4114 seu
938 4052 1232 4111 naturalis
1282 4052 1568 4126 hominis»,
1633 4074 1744 4132 per
1781 4062 2094 4132 magnates
2129 4060 2189 4110 et
2229 4052 2434 4110 divites
2467 4043 2583 4099 bona

526 4161 584 4209 et
621 4170 766 4209 vera
800 4154 1013 4212 interni
1050 4170 1158 4210 seu
1208 4155 1537 4229 spiritualis
1589 4152 1876 4225 hominis,
1929 4172 1999 4215 ac
2041 4172 2148 4232 per
2184 4147 2514 4211 chiliarchos
2544 4138 2584 4191 et

522 4253 800 4323 potentes
846 4251 1002 4308 bona
1057 4257 1117 4309 et
1160 4269 1305 4310 vera
1355 4256 1586 4313 externi
1648 4273 1759 4315 seu
1814 4252 2105 4315 naturalis
2148 4252 2429 4323 hominis,
2488 4238 2587 4299 ideo
