2791 4778
453 374 561 428 172
875 363 1376 420 APOCALYPSIS
1420 362 1853 418 EXPLICATA.
1924 362 1970 431 ὖ.
2015 371 2143 424 355.

448 521 625 601 Quod
658 519 1065 581 intellectuale
1091 537 1203 596 per
1235 519 1474 597 Equum
1513 520 1899 596 significetur,
1939 525 1999 577 et
2041 519 2204 595 quod
2229 517 2555 580 intellectus
2659 549 2662 566 ‹

444 624 576 682 veri
635 638 713 679 ex
764 619 967 679 Verbo
1029 637 1140 698 per
1185 620 1423 697 Equum
1484 618 1720 693 album,
1798 625 2108 679 ostensum
2169 618 2450 678 videatur
2507 621 2559 678 in

448 719 761 799 Opusculo
789 737 975 795 supra
1001 721 1181 780 citato
1208 719 1281 779 dc
1309 720 1486 787 Equo
1511 719 1709 794 Ann03
1747 719 1855 779 sed
1881 721 2022 795 quia
2044 719 2131 778 ibi
2157 718 2356 779 solum
2379 735 2563 795 pauca

444 822 583 882 loca
617 838 692 879 ex
728 819 934 880 Verbo
970 820 1233 879 adducta
1265 826 1433 894 sunt,
1494 818 1904 879 confirmantia
1940 818 2100 895 quod
2136 819 2350 895 Equus
2388 820 2562 896 signi-

445 927 545 983 cet
580 918 1021 996 intellectuale,
1058 919 1195 979 ideo
1231 918 1410 978 velim
1446 919 1542 979 hie
1578 919 1755 996 plura
1789 918 2125 989 adducere,
2176 924 2244 977 ut
2277 918 2468 995 plena
2501 920 2569 978 sit

445 1020 848 1093 confirmat103
917 1037 1071 1097 quae
1124 1025 1264 1078 sunt
1310 1021 1655 1095 sequentia3
1711 1019 1870 1096 apud
1909 1018 2293 1077 Ezechielem
2355 1016 2568 1094 „Con-

442 1127 705 1204 9reyate
746 1137 858 1179 vos
895 1139 939 1180 a
977 1118 1252 1180 circuitu
1286 1138 1480 1199 super
1515 1118 1910 1200 sam-ficium
1937 1136 2142 1177 meam
2169 1116 2350 1196 quod
2375 1116 2570 1179 sacri·

433 1224 562 1304 fico
600 1219 774 1280 vobis
792 1240 814 1280 .·
867 1217 1272 1280 satiabimini
1307 1237 1516 1298 super,
1535 1237 1752 1280 mma
1787 1236 1956 1292 mea,
2012 1216 2200 1297 Equo
2239 1222 2305 1277 et
2348 1215 2570 1292 Cum,

429 1321 606 1404 sorti
628 1325 688 1380 et
715 1320 890 1380 omni
917 1320 1051 1380 viro
1076 1315 1248 1380 belli:
1276 1319 1372 1379 sic
1399 1318 1558 1379 dabo
1583 1316 1864 1399 yloriam
1889 1336 2096 1378 meam
2120 1317 2291 1379 inter
2313 1322 2569 1398 yentes“

442 1420 749 1482 XXXIX:
799 1425 902 1479 17.
941 1423 1052 1479 20.
1092 1423 1215 1496 215
1267 1421 1466 1496 agitur
1500 1418 1583 1478 ibi
1620 1418 1693 1477 de
1730 1421 2161 1479 convocatione
2199 1422 2472 1478 omnium
2506 1419 2573 1478 ad

444 1522 719 1598 Regnum
746 1521 1009 1590 Domini,
1046 1527 1107 1579 et
1143 1522 1202 1578 in
1238 1522 1446 1598 specie
1483 1519 1559 1578 de
1593 1521 2027 1579 instauratione
2053 1518 2377 1578 Ecclesiae
2418 1519 2570 1596 apud

444 1627 693 1699 gentes;
748 1623 948 1697 agitur
984 1622 1139 1678 enim
1190 1620 1265 1679 de
1301 1621 1652 1697 captivitate
1687 1620 2024 1696 spirituali,
2078 1623 2140 1678 in
2175 1637 2298 1694 qua
2335 1620 2570 1678 suerunt

331 1699 335 1709 ’
444 1728 657 1799 gentes
674 1764 692 1795 ,
750 1727 811 1779 et
846 1720 920 1778 de
956 1720 1308 1780 liberatione
1346 1720 1423 1778 ab
1457 1718 1564 1777 illa
1582 1738 1599 1794 3
1653 1738 1764 1795 per
1797 1720 2150 1779 sacrificium
2187 1719 2356 1796 quod
2390 1723 2570 1780 sacri-

442 1821 744 1894 ficaretur,
799 1820 1170 1895 significatur
1207 1816 1398 1880 omnis
1436 1819 1633 1879 cultus
1681 1837 1797 1896 quo
1835 1821 2050 1879 colitur
2084 1820 2414 1895 Dominus;
2469 1836 2570 1897 per

442 1921 652 1979 satiari
705 1936 890 1996 super
942 1936 1152 1978 mensa
1205 1938 1368 1992 mea,
1432 1919 1801 1996 significatur
1850 1923 2011 1978 omni
2066 1920 2199 1980 cibo
2248 1919 2566 1997 spirituali,

449 2022 553 2097 qui
602 2022 743 2096 quia
791 2027 887 2079 est
933 2020 1273 2081 intellectus
1318 2022 1449 2079 veri
1510 2035 1582 2079 ex
1631 2018 1835 2079 Verbo
1881 2028 1941 2079 et
1992 2038 2066 2079 ex
2110 2020 2383 2079 doctrina
2417 2020 2567 2094 inde,

445 2121 662 2180 dicitur
698 2137 852 2198 equo
890 2128 949 2179 et
990 2138 1196 2193 curru,
1241 2138 1352 2197 per
1388 2137 1612 2197 equum
1654 2119 2021 2197 significatur
2058 2120 2405 2181 intellectus
2449 2121 2571 2178 veri

442 2240 522 2282 ex
547 2220 778 2297 Verbo,
834 2227 896 2278 et
938 2239 1049 2297 per
1100 2237 1342 2279 currum
1375 2219 1745 2297 significatur
1788 2220 2060 2300 doctrina
2099 2220 2264 2297 inde3
2316 2227 2375 2280 et
2419 2237 2571 2297 quo-

448 2340 565 2401 que
622 2307 839 2381 dicitur
887 2321 1022 2380 forti
1085 2327 1145 2379 et
1203 2323 1362 2379 omni
1412 2324 1540 2379 viro
1599 2318 1772 2397 belli,
1831 2327 1893 2379 et
1952 2339 2064 2400 per
2108 2322 2325 2380 fortem
2382 2321 2569 2398 signi-

438 2425 652 2484 ficatur
700 2441 909 2482 verum
960 2439 1034 2482 ex
1085 2423 1239 2481 bono
1284 2422 1446 2498 quod
1488 2422 1743 2480 destruit
1790 2422 2041 2496 malum,
2103 2428 2162 2481 et
2217 2439 2329 2498 per
2377 2423 2574 2480 virum

439 2524 584 2584 belli
619 2524 987 2600 significatur
1023 2541 1232 2582 verum
1288 2540 1361 2580 ex
1414 2521 1572 2581 bono
1629 2523 1790 2597 quod
1843 2522 2096 2582 destruit
2151 2522 2405 2599 falsum3
2463 2523 2574 2581 nisi

442 2625 588 2683 talia
646 2624 1157 2700 significarentur,
1232 2622 1377 2699 quid
1428 2622 1582 2680 foret
1645 2624 1803 2698 quod
1864 2626 2230 2682 satiarentur
2289 2640 2456 2697 equo
2518 2627 2577 2682 et

444 2740 655 2792 curru,
724 2724 865 2782 forti
928 2729 989 2782 et
1049 2725 1207 2783 omni
1268 2724 1398 2781 viro
1456 2722 1618 2782 belli.
1731 2722 2018 2782 Similiter
2078 2726 2138 2782 in
2199 2723 2574 2800 Apocalypsi

444 2866 485 2898 „
518 2820 1013 2901 Gonyreyamini
1075 2820 1166 2882 ad
1231 2820 1502 2882 Coenam
1565 2823 1790 2902 mayni
1853 2822 2022 2897 Dei,
2088 2827 2163 2884 ut
2223 2821 2571 2883 comedatis

443 2939 666 2983 camec
700 2939 925 3001 reyum
937 2964 956 2996 ,
996 2928 1056 2982 ct
1089 2941 1309 2983 carnee
1354 2919 1868 2998 chiliarchorum,
1917 2929 1977 2982 et
2015 2941 2233 2985 carnes
2252 2915 2568 3006 fortium,

440 3026 503 3083 et
557 3039 778 3081 carnee
836 3038 1134 3099 equorum
1200 3027 1258 3082 et
1305 3021 1659 3084 sedentium
1706 3042 1896 3102 super
1942 3020 2132 3084 illis“
2193 3023 2383 3084 XIX:
2462 3027 2494 3083 1
2513 3028 2565 3084 ’1.

450 3124 571 3196 183
627 3122 822 3197 agitur
882 3121 966 3180 ibi
1014 3124 1076 3180 in
1121 3123 1638 3199 praecedentibus
1681 3123 1754 3181 de
1809 3123 2009 3182 Verbo
2074 3130 2136 3184 et
2203 3125 2335 3201 ejus
2385 3140 2572 3184 sensu

442 3221 772 3300 spirituali,
817 3222 917 3282 hic
951 3239 1108 3309 nunc
1145 3225 1472 3283 invitantur
1509 3224 1586 3282 ad
1621 3223 1967 3283 discendum
2001 3242 2148 3285 vera
2201 3229 2262 3283 et
2306 3224 2385 3283 ad
2422 3241 2564 3303 per-

441 3322 780 3401 cipiendum
840 3323 998 3383 bona
1012 3343 1029 3399 3
1085 3329 1145 3384 et
1189 3341 1301 3403 per
1336 3321 1600 3382 Coenam
1653 3326 1854 3402 magni
1884 3323 2004 3384 Dei
2051 3324 2423 3401 significatur
2473 3326 2565 3384 in-

438 3426 688 3485 structio
751 3425 814 3483 in
861 3426 1021 3483 veris
1080 3433 1141 3485 et
1184 3425 1321 3484 inde
1368 3426 1680 3502 perceptio
1728 3424 1871 3484 boni
1916 3443 1953 3484 a
2001 3425 2294 3501 Domin03
2353 3431 2416 3484 et
2464 3442 2569 3504 per

439 3543 650 3586 carnes
686 3543 931 3601 regum,
971 3524 1463 3596 chiliarchorum‚
1498 3525 1768 3601 fortium,
1809 3542 2097 3602 equorum
2136 3531 2197 3584 et
2230 3525 2568 3585 sedentium

439 3641 624 3703 super
659 3627 776 3686 illis
813 3625 1221 3703 significantur
1255 3627 1445 3685 omnis
1472 3627 1709 3702 generis
1736 3643 1882 3685 vera
1907 3642 2063 3701 quae
2102 3642 2174 3684 ex
2203 3624 2386 3701 bono,
2428 3641 2565 3684 caro

439 3726 732 3802 significat
758 3725 997 3799 bonum,
1036 3741 1212 3801 reges
1240 3724 1462 3784 Divina
1485 3743 1633 3784 vera
1658 3726 1718 3785 in
1745 3742 1985 3802 genere,
2018 3725 2328 3785 chiliarchi
2357 3725 2569 3784 eadem

438 3827 501 3884 ln
536 3826 775 3900 specie,
832 3826 1020 3883 fortes
1056 3842 1206 3882 vera
1248 3823 1583 3896 naturalia,
1638 3828 1777 3902 equi
1809 3842 1955 3885 vera
1988 3824 2459 3900 intellectualia,
2513 3828 2568 3882 et

243 3943 404 4007 [460]
445 3922 734 3983 sedentes
773 3938 959 3999 super
992 3923 1110 3983 illis
1146 3940 1292 3983 vera
1325 3924 1663 4000 spiritualia
1675 3946 1693 4004 3
1750 3926 1914 4004 quod
1946 3924 2029 3985 ibi
2064 3943 2182 3987 non
2216 3925 2564 4003 intelligan-

440 4026 543 4083 tur
577 4039 788 4083 carnes
816 4040 1044 4099 regum,
1083 4022 1571 4102 chiliarchorum,
1611 4026 1884 4101 fortium,
1924 4043 2215 4102 equorum
2253 4032 2316 4084 et
2343 4026 2564 4086 seden-

437 4127 587 4184 tium
623 4139 809 4203 super
840 4122 992 4201 illis,
1043 4126 1233 4185 cuivis
1266 4130 1454 4203 patet.
1510 4126 1693 4205 Apud
1725 4121 2028 4186 Habakuk
2064 4124 2304 4202 „Num
2332 4123 2568 4204 fluviis

438 4224 792 4289 succensuit
816 4223 1116 4300 Jehovah‚
1153 4243 1306 4290 num
1349 4231 1567 4291 contra
1592 4225 1840 4306 fluvios
1868 4224 1974 4289 ira
2001 4233 2132 4299 tua,
2169 4244 2324 4288 num
2351 4231 2568 4287 contra
