2791 4778
426 375 533 427 303
862 362 1350 418 AchLYPSIS
1394 362 1828 419 ΕΧΡΜΟΛΤΑ.
1896 364 1943 433 §.
1986 373 2117 427 386.
2276 444 2293 459 x
2679 358 2698 487 J

415 530 515 582 est
561 526 678 582 nisi
729 525 831 599 qui
880 525 1018 596 scit,
1085 522 1243 598 quod
1291 522 1553 598 populus
1600 522 1847 581 Israelis
1896 527 2443 600 repraesentaverit
2472 534 2521 585 et
2679 511 2698 605 ᾖ

418 625 556 683 inde
597 622 1021 699 significaverit
1059 622 1393 681 Ecclesiam
1438 623 1636 698 quoad
1673 625 1873 682 omnia
1918 625 2051 700 ejus
2087 642 2233 682 vera
2272 632 2333 682 et
2365 625 2523 695 bona,

422 733 480 782 et
516 724 675 801 quod
709 741 1024 782 numerare
1061 723 1353 799 significet
1394 726 1549 781 scire
1598 723 1775 800 quale
1818 725 1978 801 ejuS,
2045 732 2106 781 et
2143 726 2285 782 dein
2319 742 2522 784 secun-

421 825 559 884 dum
592 823 653 882 id
689 824 964 882 ordinare
1002 831 1063 881 et
1098 824 1417 899 disponere
1453 822 1584 898 illa3
1624 823 1736 882 hoc
1774 826 1916 899 quia
1942 842 2117 882 nemo
2155 828 2272 883 scit
2302 833 2366 882 et
2400 827 2525 884 facit

403 944 597 1001 -quam
634 924 799 982 solus
836 923 1158 992 Dominus,
1214 932 1272 982 et
1310 926 1452 998 quia
1496 924 1673 981 homo
1725 927 1825 1000 qui
1873 924 1934 983 id
1982 925 2156 997 facit,
2219 942 2291 983 se
2332 926 2520 1002 depri-

418 1037 522 1085 vat
558 1027 715 1085 omni
749 1024 905 1082 bono
943 1031 1002 1081 et
1038 1041 1181 1081 vero
1221 1042 1290 1080 ac
1344 1026 1464 1081 vita
1501 1023 1827 1099 spirituali,
1883 1024 2019 1082 ideo
2059 1028 2202 1099 quia
2243 1026 2445 1084 David
2474 1026 2527 1085 id

416 1127 557 1186 fecit
590 1126 1133 1201 repraesentative‚
1175 1126 1230 1181 ei
1269 1127 1381 1181 tria
1418 1123 1524 1181 illa
1558 1124 2048 1200 proponebantur
2087 1143 2161 1182 ex
2200 1144 2325 1200 quo
2359 1144 2526 1184 unum

418 1228 696 1304 eligeret;
736 1226 868 1301 quis
904 1242 1020 1282 non
1055 1223 1218 1285 videt
1256 1223 1415 1299 quod
1452 1224 1596 1281 nihil
1636 1223 1779 1282 mali
1813 1227 1872 1282 in
1909 1225 2283 1283 numerando
2313 1227 2524 1303 populo

414 1330 622 1401 suerit,
681 1332 742 1382 et
777 1324 934 1399 quod
969 1324 1218 1397 malum,
1277 1339 1525 1401 propter
1573 1323 1734 1398 quod
1767 1324 1965 1383 David
2006 1333 2065 1382 et
2111 1327 2383 1400 populus
2419 1346 2521 1402 pu-

415 1431 574 1486 nitus
632 1432 750 1498 est,
822 1424 1063 1482 latuerit
1109 1426 1386 1497 interius,
1458 1442 1674 1499 nempe
1735 1428 1795 1482 in
1844 1428 2416 1500 repraesentativiS‚
2470 1430 2522 1485 in

415 1528 631 1605 quibus
669 1533 806 1583 tunc
842 1524 1120 1584 Ecclesia
1153 1526 1280 1582 suit.
1349 1525 1422 1582 In
1463 1524 1659 1582 allatis
1696 1524 1789 1583 his
1825 1525 1974 1584 locis
2010 1525 2201 1584 fames
2242 1527 2525 1602 significat

414 1629 882 1704 deprivationem
913 1610 1312 1700 cognitionum
1340 1626 1469 1683 veri
1506 1633 1566 1682 et
1600 1625 1757 1699 boni,
1806 1633 1864 1682 et
1888 1626 2024 1684 inde
2055 1626 2523 1702 deprivationem

301 1710 309 1716 ³
414 1732 601 1788 omnis
637 1729 763 1783 veri
802 1733 860 1782 et
894 1726 1063 1794 boni3
1104 1724 1262 1800 quod
1298 1726 1481 1783 etiam
1515 1723 1577 1781 II
1598 1724 1817 1802 fames
1861 1725 2179 1805 significet
2219 1727 2522 1806 desectum

412 1846 656 1899 eorum,
705 1824 818 1902 qui
842 1831 937 1884 eat
975 1824 1153 1903 apud
1185 1822 1336 1885 illoc
1371 1824 1485 1903 qui
1517 1843 1642 1884 non
1674 1832 1953 1903 possunt
1991 1826 2155 1886 scire
2196 1825 2343 1902 itta,
2381 1828 2521 1905 quia
2694 1838 2698 1881 ἰ

411 1946 534 1987 non
573 1930 722 1985 sunt
764 1924 834 1983 in
867 1923 1166 1984 Ecclesia
1210 1944 1320 1985 eeu
1367 1926 1438 1985 in
1478 1924 1769 1985 doctrina
1804 1926 1968 2007 eju-3,
2035 1935 2271 1986 constat
2318 1946 2395 1985 cx
2428 1944 2518 1987 se-

414 2027 731 2103 quentibus
767 2025 859 2083 his
908 2026 1087 2100 locis;
1145 2027 1303 2102 apud
1342 2029 1527 2085 Amos
1574 2024 1783 2100 „Ecce
1822 2026 1961 2086 dies
2005 2029 2258 2088 venturi
2301 2029 2518 2107 quibus

410 2127 757 2189 immittam
786 2126 1035 2205 savvzem
1081 2125 1151 2185 in
1188 2132 1444 2199 terram,
1492 2144 1617 2185 non
1645 2127 1894 2206 famem
1935 2126 2025 2186 ad
2050 2148 2306 2206 panem,
2341 2147 2519 2207 neque

412 2228 592 2290 aitim
642 2228 732 2288 ad
784 2246 1014 2306 aqua-3,
1084 2226 1197 2285 sed
1243 2226 1334 2286 ad
1384 2225 1776 2288 audiendum
1832 2228 2014 2288 verba
2075 2228 2395 2289 Jehovae:
2455 2232 2521 2289 ut
2682 2160 2695 2400 ¹

409 2337 721 2410 vayentur
777 2348 819 2388 a
870 2326 1038 2388 mari
1088 2326 1178 2386 ad
1228 2346 1430 2404 mare,
1513 2347 1553 2386 a
1602 2328 2015 2408 septentrione
2064 2328 2154 2389 ad
2209 2329 2516 2405 orientem,

408 2431 821 2492 discursitent
859 2429 948 2489 ad
989 2428 1412 2507 quaerendum
1440 2429 1690 2489 verbam
1724 2428 2011 2505 Jehovae,
2042 2450 2150 2490 nec
2177 2431 2518 2491 invenient:

408 2533 478 2593 in
538 2531 675 2596 clie.
704 2530 818 2592 illo
881 2530 1167 2612 deficient
1234 2529 1518 2608 viryines
1566 2527 1877 2608 pulchrae
1936 2538 1995 2591 et
2035 2530 2303 2613 juvenes
2363 2530 2519 2592 sim

410 2634 594 2692 VIII:
642 2637 749 2691 11.
804 2637 908 2691 12.
954 2633 1061 2690 13.
1103 2634 1189 2689 14
1214 2652 1229 2706 3
1284 2631 1382 2689 hic
1434 2630 1769 2705 explicatur
1819 2632 1964 2706 quid
2012 2631 2370 2708 intelligitur
2415 2649 2518 2709 per

409 2733 622 2790 samem
674 2742 732 2792 et
779 2751 889 2809 per
934 2735 1121 2802 sitim,
1181 2732 1339 2808 quod
1384 2748 1599 2806 nempe
1650 2748 1767 2789 non
1802 2731 2169 2809 intelligatur
2224 2733 2413 2790 sames
2450 2731 2520 2790 ad

409 2851 656 2908 panem,
704 2850 812 2890 nec
848 2836 977 2890 sitis
1016 2833 1090 2890 ad
1129 2849 1317 2908 aquas
1331 2876 1348 2905 ,
1389 2830 1498 2889 sed
1543 2831 1619 2891 ad
1656 2831 2012 2890 audiendum
2043 2832 2293 2890 verbum
2332 2833 2518 2892 Jeho-

410 2950 557 3002 vae,
607 2934 690 2989 ita
727 2932 884 3009 quod
920 2934 998 2991 sit
1034 2933 1304 2993 defectus
1337 2935 1738 3008 cognitionum
1772 2932 1910 2990 boni
1948 2940 2006 2990 et
2043 2935 2171 2990 veri
2207 2936 2309 3008 qui
2345 2933 2519 2992 intel-

409 3033 614 3109 ligitur
634 3053 650 3108 3
691 3040 749 3091 et
779 3033 936 3107 quod
959 3034 1098 3092 illae
1134 3052 1250 3092 non
1279 3036 1398 3091 sint
1432 3035 1492 3091 in
1527 3033 1800 3091 Ecclesia
1827 3048 1937 3090 seu
1979 3036 2036 3090 in
2073 3031 2346 3091 doctrina
2374 3033 2516 3110 ejuS,

412 3133 767 3193 describitur
801 3151 909 3208 per
959 3135 1119 3210 quod
1171 3136 1409 3194 venturi
1455 3150 1491 3190 a
1526 3128 1674 3191 mari
1724 3133 1801 3190 ad
1837 3151 2027 3205 mare,
2101 3141 2162 3191 et
2197 3152 2234 3191 a
2274 3140 2519 3210 septen·
2562 3147 2565 3148 ’

412 3236 602 3291 trione
639 3233 714 3292 ad
752 3236 1037 3292 orientem
1074 3235 1147 3292 ad
1187 3233 1594 3311 quaerendum
1632 3233 1879 3291 verbum
1915 3233 2223 3306 Jehovae,
2278 3250 2393 3293 nec
2431 3234 2518 3291 in-

413 3338 689 3408 venient,
746 3355 782 3392 a
833 3338 976 3392 mari
1022 3335 1099 3393 ad
1147 3352 1309 3392 mare
1357 3332 1654 3410 significat
1700 3333 2130 3410 undequaque,
2185 3352 2326 3392 nam
2376 3335 2525 3393 sicut

412 3440 601 3496 maria
641 3443 934 3513 apparent
974 3435 1163 3493 ultimi
1199 3436 1434 3493 termini
1470 3436 1527 3492 in
1554 3434 1779 3492 Mundo
1818 3434 2131 3509 spirituali,
2172 3434 2277 3492 ubi
2318 3434 2526 3492 incho-

413 3547 514 3598 ant
550 3545 610 3598 et
644 3539 1032 3597 terminantur
1066 3553 1212 3597 vera
1249 3541 1307 3593 et
1341 3534 1517 3608 bona,
1557 3552 1741 3623 quare
1770 3535 1959 3592 Maria
1996 3536 2054 3591 in
2090 3533 2297 3594 Verbo
2336 3534 2524 3611 signi-

411 3641 591 3698 ficant
625 3639 988 3715 cognitiones
1024 3638 1155 3694 veri
1205 3645 1264 3694 ct
1310 3635 1478 3708 boni,
1538 3653 1606 3694 ac
1644 3634 1969 3694 scientifica
2003 3637 2063 3693 in
2100 3638 2436 3711 communi5
2489 3650 2524 3690 a

412 3742 817 3816 septentrione
855 3738 929 3795 ad
967 3740 1251 3796 orientem
1291 3739 1469 3793 etiam
1513 3735 1805 3811 significat
1842 3734 2237 3810 undequaque
2275 3736 2379 3794 ubi
2420 3751 2525 3793 ve-

414 3858 544 3898 rum
596 3848 657 3899 et
702 3840 952 3912 bonum,
1008 3838 1334 3914 septentrio
1375 3843 1467 3893 est
1503 3835 1603 3894 ubi
1640 3853 1848 3893 verum
1886 3842 1975 3893 est
2011 3837 2072 3892 iu
2109 3835 2398 3909 obscuro,
2469 3836 2528 3892 et

215 3958 376 4024 [549]
418 3942 615 4000 oriens
653 3946 747 3997 est
781 3939 882 3997 ubi
917 3939 1166 3997 bonum:
1208 3940 1344 4013 quia
1384 3936 1651 3995 desectus
1690 3937 2087 4011 cognitionum
2125 3936 2266 3993 boni
2305 3917 2528 3994 et‘veri

416 4038 782 4113 significatur
825 4056 932 4111 per
980 4039 1197 4095 samem
1234 4045 1290 4094 et
1330 4039 1518 4109 sitim,
1571 4036 1704 4095 ideo
1745 4053 1982 4111 quoque
2021 4035 2263 4109 dicitur,
2331 4038 2389 4094 in
2429 4034 2525 4091 die

417 4136 518 4191 illo
555 4134 822 4190 deficient
861 4138 1117 4209 virgines
1154 4135 1442 4210 pulchrae
1491 4142 1551 4192 et
1589 4137 1848 4211 juvenes
1885 4137 2015 4204 siti,
2068 4138 2329 4211 virgines
2377 4131 2523 4212 pul·

421 4231 597 4288 chrae
635 4237 772 4287 sunt
801 4231 1138 4290 affectiones
1177 4236 1303 4291 veri
1332 4252 1401 4292 ex
1438 4233 1614 4305 bono,
1654 4237 1784 4295 sitis
1811 4254 1929 4311 qua
1965 4236 2241 4297 deficient
2278 4245 2369 4295 est
2408 4234 2524 4292 de·
2688 4205 2691 4262 ἦ
