2791 4778
86 3300 91 3311 -
71 3042 93 3273 ,ffl-4*;

86 3832 101 3971 ...um-...u
86 3790 95 3821 ..ι
86 3752 95 3779 ...-

478 319 549 371 74
820 304 1313 362 APOCALYPSIS
1353 304 1786 363 EXPLIOATA.
1841 303 1890 371 ᾗ.
1934 311 2064 364 323.
2107 309 2236 365 324.

473 467 730 532 tharam
747 509 765 540 ‚
821 462 1080 527 ambula
1128 465 1203 527 in
1237 465 1387 526 wrbe
1435 461 1740 526 meretrix
1785 456 2085 523 oblivioni
2139 458 2424 536 tradita,
2486 460 2642 523 ele-

471 573 703 649 yanta-
743 562 970 645 pulsa,
1032 560 1398 647 multiplica
1451 570 1711 625 cantum
1730 565 1764 596 “
1820 560 2073 623 XXIII:
2138 564 2168 621 l
2189 562 2244 622 5.
2314 566 2343 621 1
2365 567 2442 638 63
2502 582 2644 641 per

478 669 706 745 Tyrum
757 665 1125 743 significatur
1170 665 1448 726 Ecclesia
1495 663 1693 741 quoad
1743 651 2109 738 cognitiones
2163 664 2292 722 veri
2349 670 2410 722 et
2467 663 2641 724 boni

475 766 828 846 spiritualis»,
867 774 1160 844 utsupra,
1197 767 1295 826 hic
1321 764 1599 826 Ecclesia
1632 766 1696 823 in
1723 782 1841 840 qua
1867 761 2007 820 illae
2036 761 2389 823 falsificatae
2428 770 2596 823 sunt
2612 786 2631 841 ;

475 869 754 928 meretrix
790 866 1087 945 significat
1122 867 1595 927 falsificationem
1620 865 1766 938 veri,
1805 858 2295 939 videatur‘snpra
2328 881 2396 922 n:
2441 868 2536 923 14
2559 869 2631 942 15

475 974 537 1029 et
569 984 681 1045 per
714 969 992 1043 accipere
1018 966 1326 1041 citharam,
1366 964 1676 1025 ambulare
1705 967 1763 1023 in
1793 960 1961 1031 urbe,
1997 961 2306 1040 eleganter
2330 964 2630 1040 pulsare,

476 1077 538 1129 et
570 1068 968 1144 multiplicare
1006 1074 1280 1143 cantum,
1320 1065 1687 1141 significatur
1725 1063 2012 1124 exultatio
2052 1071 2111 1121 et
2146 1063 2421 1140 gloriatio
2463 1066 2634 1125 falsi

474 1186 659 1245 super
694 1169 1159 1227 destructionem
1187 1168 1336 1227 veri.
1374 1168 1452 1225 Et
1480 1164 1642 1242 apud
1669 1165 1942 1224 Eundem
1981 1209 2018 1238 „
2043 1160 2172 1225 Vae
2196 1165 2630 1243 sumentibus

471 1286 657 1329 mane
699 1268 813 1329 sub
864 1286 1169 1329 auroram
1218 1268 1491 1328 siceram
1536 1270 2018 1345 prosequuntur,
2072 1281 2266 1324 comm
2274 1264 2629 1326 orantibus

472 1369 545 1430 in
598 1365 1060 1446 erqouwulum,
1115 1366 1333 1429 vinum
1379 1363 1678 1428 incendat,
1733 1382 1875 1425 eum
1890 1409 1908 1439 ,
1969 1371 2178 1444 estque
2220 1363 2500 1426 Cithara
2554 1372 2623 1427 et

470 1464 783 1529 Nablium
853 1474 911 1529 et
961 1466 1368 1549 Tympanum
1417 1474 1477 1529 et
1520 1460 1786 1528 Fistula
1800 1510 1818 1540 ,
1869 1470 1931 1526 et
1992 1466 2242 1539 vinum,
2306 1466 2620 1527 convivia

473 1586 689 1629 eorum
702 1587 733 1639 ,·
785 1586 943 1647 opus
994 1575 1205 1630 autem
1241 1566 1516 1629 Jehovae
1559 1584 1684 1627 non
1719 1564 2200 1644 introspiciunt,
2254 1571 2316 1626 et
2338 1566 2617 1645 factum

472 1686 781 1729 manuum
819 1667 1043 1749 Ipsius
1086 1688 1209 1728 non
1247 1667 1507 1730 vident“
1557 1667 1631 1726 V:
1679 1670 1786 1727 11.
1836 1669 1956 1740 12;
2011 1666 2270 1740 cithara,
2310 1666 2612 1743 nablium,

476 1777 853 1845 tympanum,
908 1769 1134 1843 fistula,
1192 1776 1252 1829 et
1300 1786 1538 1846 quoque
1588 1770 1793 1827 vinum
1844 1768 1906 1825 in
1942 1768 2219 1844 opposito
2268 1784 2488 1837 sensu,
2542 1770 2611 1827 in

478 1886 595 1945 quo
632 1886 742 1945 per
777 1868 882 1927 illa
918 1870 1323 1945 significantur
1360 1870 1757 1928 exultationes
1799 1873 1859 1926 et
1894 1866 2278 1943 gloriationes
2318 1885 2390 1928 cx
2425 1868 2613 1929 *salsis

475 1968 644 2045 mali3
703 1969 862 2051 quod
914 1969 1057 2027 talia
1093 1969 1532 2046 significentur,
1582 1975 1782 2045 patet,
1836 1986 1972 2026 nam
2010 1967 2254 2040 dieitur,
2309 1986 2423 2028 vae
2458 1969 2602 2042 illis,

473 2086 626 2146 opus
656 2068 931 2129 Jehovae
962 2088 1076 2129 non
1105 2073 1538 2146 introspiciunt,
1582 2076 1640 2127 et
1673 2070 1895 2128 sactum
1924 2086 2204 2126 manuum
2234 2067 2438 2146 Ipsius
2476 2087 2604 2127 non

478 2170 696 2229 vident.

626 2273 786 2332 324.
842 2272 919 2331 Et
950 2272 1187 2350 phialas
1226 2288 1442 2331 aureas
1478 2271 1689 2348 plenas
1718 2270 2013 2330 suffitibus
2037 2315 2051 2343 ‚
2109 2270 2268 2348 qnod
2306 2271 2603 2346 significet

472 2373 905 2432 consessionem
960 2393 1034 2432 ex
1071 2374 1240 2434 bonis
1279 2371 1724 2452 spiritualibus,
1778 2378 2011 2431 constat
2059 2389 2126 2432 ex
2164 2370 2601 2449 significatione

469 2473 805 2550 phialarum
844 2492 1178 2547 aurearum,
1238 2493 1392 2552 qnae
1432 2478 1609 2532 etiam
1650 2473 1952 2532 thuribula
1995 2480 2054 2530 et
2090 2490 2330 2533 acerrae
2362 2486 2598 2529 vocan-

472 2579 586 2643 tur,
624 2574 783 2650 quod
818 2576 936 2632 sint
970 2594 1117 2634 vera
1154 2595 1224 2634 ex
1261 2577 1450 2650 bono,
1504 2574 1745 2652 phialae
1795 2574 1946 2632 enim
1993 2575 2149 2632 sicut
2202 2575 2397 2632 omnia
2441 2587 2597 2632 vasa

276 2689 436 2754 [392]
479 2676 839 2732 continentia
865 2675 1200 2751 significant
1216 2693 1376 2747 vera,
1412 2683 1473 2734 et
1500 2693 1736 2744 aurum,
1766 2693 1838 2733 ex
1865 2691 2003 2750 que,
2029 2674 2324 2750 significat
2348 2673 2593 2748 bonum,

474 2773 611 2831 inde
646 2773 882 2850 phialae
921 2794 1140 2834 aureae
1177 2788 1316 2835 sunt.
1356 2795 1498 2834 vera
1536 2792 1605 2832 ex
1643 2775 1831 2850 bono;
1886 2775 2044 2851 quod
2080 2793 2230 2833 vasa
2262 2773 2595 2850 significent

474 2891 635 2944 vera,
675 2879 949 2950 quoniam
986 2878 1317 2934 inserviunt
1353 2876 1509 2935 bono
1546 2893 1654 2951 pro
1685 2878 1845 2933 vasis
1882 2876 2312 2951 recipientibus
2352 2882 2412 2934 et
2443 2891 2588 2934 con-

474 2975 829 3047 tinentibuS,
869 2977 1142 3035 videatur
1180 2996 1250 3035 n:
1297 2979 1511 3035 3068.
1564 2977 1775 3034 3079.
1821 2977 2032 3035 3316.
2078 2977 2303 3052 33183
2342 2981 2404 3035 et
2437 2990 2590 3052 quo-

476 3094 591 3153 que
640 3094 787 3136 vasa
825 3077 1126 3151 altarium,
1184 3076 1520 3136 holocausti
1576 3082 1637 3134 et
1670 3075 1934 3151 suffitus,
1990 3095 2061 3137 n:
2108 3079 2320 3137 9723.
2368 3078 2589 3150 97243

473 3184 533 3236 et
568 3177 726 3253 quod
764 3196 973 3236 aurum
1010 3179 1305 3253 significet
1336 3176 1584 3250 bonum,
1641 3193 1830 3253 supra
1862 3195 1937 3236 n:
1980 3180 2152 3254 2423
2194 3184 2254 3237 et
2292 3195 2367 3237 ex
2401 3177 2585 3253 signi-

471 3277 748 3337 ficatione
783 3278 1116 3351 suffituum,
1173 3277 1334 3354 quod
1379 3279 1499 3336 sint
1547 3277 1651 3336 illa
1697 3278 1892 3336 cultus
1931 3295 2087 3355 quae
2124 3278 2272 3338 fiunt
2325 3297 2399 3338 ex
2433 3278 2584 3337 bono

470 3379 766 3454 spirituali
804 3395 914 3437 seu
954 3395 1025 3437 ex
1062 3357 1590 3453 bono'charitatiffi
1648 3385 1708 3438 et
1739 3378 1877 3437 inde
1924 3385 2092 3455 grate
2144 3381 2551 3457 percipiuntur
2563 3397 2583 3453 ;

471 3496 657 3538 causa
694 3478 854 3555 q'uod
887 3478 991 3536 illa
1025 3495 1137 3554 per
1163 3478 1398 3538 suffitus
1435 3479 1869 3556 significentur,
1911 3485 2004 3539 est
2040 3482 2181 3555 quia
2208 3483 2405 3539 omnia
2430 3497 2578 3557 quae

471 3579 634 3656 apud
686 3584 922 3656 gentem
972 3578 1365 3637 Israeliticani
1422 3582 1691 3639 instituta
1737 3579 2022 3652 fuerunt,'
2076 3583 2583 3658 repraesentativa

476 3677 830 3738 coelestium
870 3686 930 3736 et
965 3680 1359 3755 spiritualium
1391 3687 1588 3756 erant,
1626 3680 1762 3740 inde
1801 3698 2040 3758 quoque
2080 3681 2186 3740 illa
2230 3700 2385 3758 quae
2423 3686 2581 3741 erant

473 3776 673 3836 odoris
683 3822 700 3852 ,
742 3794 893 3853 quae
929 3780 1080 3856 grati
1117 3780 1313 3839 odoris
1351 3787 1537 3856 erant,
1575 3782 2111 3858 repraesentabant
2143 3783 2579 3859 perceptionem

476 3884 736 3955 gratam,
800 3885 861 3936 at
899 3897 1051 3956 quae
1087 3867 1310 3958 ingrati
1338 3882 1538 3941 odoris
1573 3883 2021 3959 perceptionem
2058 3884 2350 3959 ingratam
2363 3903 2380 3958 ς
2433 3882 2578 3941 unde

388 4052 401 4062 ..
475 3984 634 4049 erat,
672 3979 830 4057 quod
857 3981 1254 4041 suffimentum
1288 3982 1513 4042 factum
1540 3984 1618 4041 sit
1667 4000 1738 4041 ex
1769 3983 2134 4042 aromatibus
2172 3983 2577 4061 fragrantibuS,

473 4086 696 4152 stacte,
733 4081 989 4158 onyche,
1029 4083 1318 4160 galbano,
1358 4091 1418 4142 et
1437 4083 1659 4147 tthnre:
1709 4091 2030 4160 praeterea
2063 4085 2574 4162 correspondentia

473 4181 670 4242 odoris
710 4187 802 4242 est
839 4199 970 4242 cum
1005 4185 1417 4260 perceptione,
1459 4183 1618 4259 quod
1642 4190 1916 4245 constare
1951 4190 2154 4261 potest
2191 4203 2265 4244 ex
2304 4203 2394 4267 eo,
2432 4182 2573 4262 quod
