2791 4778
379 344 489 398 304
834 330 1325 388 APOCALYPSIS
1366 329 1802 399 ΕΧΡῙᾸΟΑΤΑ.
1876 330 1922 398 §.
1975 339 2114 393 386.

365 492 568 556 Verbo
604 508 724 551 non
759 491 955 552 solum
987 492 1085 553 hic
1135 491 1246 552 sed
1282 493 1464 551 etiam
1499 490 1643 550 alibi
1679 488 2037 550 describitur
2072 489 2345 550 formatio
2384 509 2504 554 re-

363 594 599 671 ligionis
638 600 698 651 et
732 593 1039 653 doctrinae
1079 593 1218 652 falsi
1252 610 1364 670 per
1399 591 1594 666 idola,
1635 589 1944 667 sculptilia
1979 596 2040 649 et
2075 590 2293 667 fusilia,
2332 609 2506 668 quae

165 703 326 765 [546]
366 692 526 772 quod
563 693 901 770 significent
947 693 1104 753 falsa
1148 693 1455 770 religionis
1493 698 1553 752 et
1588 691 1896 750 doctrinae
1933 690 2184 751 oriunda
2220 709 2296 751 ex
2341 711 2502 769 pro-

367 797 501 873 prio
540 793 850 854 intellectu
879 799 939 853 et
966 811 1039 853 ex
1068 795 1312 871 proprio
1340 810 1565 867 amore,
1596 791 1872 850 videatur
1899 810 1971 850 n:
2015 793 2227 852 8869.
2272 793 2308 851 8
2327 795 2507 855 932.

373 897 587 956 8941.
630 896 840 954 9424.
887 896 1146 954 10406.
1193 895 1453 954 10503.
1544 891 1727 969 Apud
1760 891 2030 950 Eundem
2086 891 2295 967 „Duo
2340 892 2509 956 haec

368 996 732 1057 obvenerunt
759 993 895 1070 tibi,
925 994 1072 1073 quic
1100 990 1428 1055 condoleat
1467 991 1610 1069 tibi,
1649 990 2009 1052 devastatio
2034 997 2097 1051 et
2119 991 2502 1072 confi-actia,

366 1100 428 1156 et
439 1097 658 1176 samec
685 1100 745 1155 et
766 1089 1086 1174 yladiuc“
1139 1094 1255 1153 LI:
1301 1098 1329 1153 1
1351 1097 1422 1170 93
1461 1094 1555 1153 hic
1594 1109 1831 1169 quoquo
1866 1109 1979 1168 per
2010 1093 2231 1153 famem
2263 1092 2502 1154 intelli-

373 1199 530 1273 gitur
567 1196 902 1272 deprivatio
936 1197 1337 1271 cognitionum
1362 1194 1523 1268 boni,
1563 1210 1754 1270 usque
1786 1191 1927 1250 dum
1953 1210 2076 1251 non
2106 1194 2324 1253 bonum
2349 1213 2505 1263 ame

367 1296 556 1373 plius;
607 1301 667 1354 et
700 1312 816 1372 per
832 1295 1099 1372 gladium
1139 1293 1473 1371 deprivatio
1506 1295 1908 1370 cognitionum
1943 1294 2093 1368 veri,
2122 1310 2317 1372 usque
2342 1296 2505 1357 dum

370 1414 490 1455 non
524 1413 732 1455 verum
760 1395 1018 1472 amplius
1035 1414 1052 1470 3
1093 1412 1278 1470 quare
1310 1397 1489 1455 etiam
1521 1395 1736 1452 dicitur
1772 1392 2108 1452 devastatio
2148 1400 2208 1454 et
2249 1397 2504 1456 confra-

370 1499 510 1567 cti0,
539 1496 872 1556 devastatio
909 1496 1203 1571 significat
1229 1496 1388 1571 quod
1420 1513 1542 1580 ‘non
1576 1494 1799 1554 bonum
1838 1492 2112 1570 ampliuS,
2151 1501 2214 1554 et
2247 1497 2502 1556 confra-

368 1599 487 1656 ctio
525 1596 684 1673 quod
709 1614 827 1655 non
851 1613 1060 1655 verum
1093 1595 1365 1671 ampliuS.
1421 1593 1607 1672 Apud
1638 1593 1911 1654 Eundem
1940 1592 2100 1672 „Sic
2130 1594 2309 1657 discit
2329 1595 2500 1658 Do-

365 1695 584 1757 minus
610 1694 895 1770 Jehovih,
926 1712 1056 1755 ecce
1081 1694 1250 1757 servi
1266 1694 1391 1755 mei
1408 1695 1740 1770 comedent,
1769 1711 1881 1771 vos
1907 1698 2120 1754 autem
2147 1696 2458 1758 esurietis
2468 1718 2501 1770 ,⁶

367 1795 538 1855 cervi
581 1795 704 1854 mei
738 1796 965 1870 bibent,
1021 1814 1130 1855 vos
1164 1800 1377 1855 autem
1411 1794 1649 1855 sitietis
1660 1815 1688 1866 ;
1742 1813 1873 1855 ecce
1911 1794 2080 1854 servi
2114 1795 2241 1856 mei
2280 1793 2500 1859 laeta-

367 1895 629 1965 buntur,
692 1913 804 1955 vos
855 1902 1068 1956 autem
1098 1892 1494 1977 pudefieti⁸“
1552 1895 1757 1956 LXV:
1822 1897 1907 1955 13
1928 1915 1945 1969 3
1992 1913 2112 1972 uper
2151 1899 2385 1957 esurire
2435 1904 2503 1959 et

367 1998 532 2055 sitire
568 1995 666 2056 hic
705 2013 938 2072 quoque
993 1996 1343 2072 intelligitur
1393 1996 1699 2073 deprivari
1746 1996 1902 2055 bono
1941 1999 2162 2056 amoris
2220 2003 2281 2056 et
2322 2002 2498 2058 veris

369 2097 543 2168 fidei,
603 2114 715 2173 per
751 2098 978 2155 esurire
1016 2096 1318 2173 deprivari
1351 2097 1507 2157 bono
1546 2099 1786 2172 amoris,
1826 2103 1886 2155 et
1920 2113 2032 2172 per
2072 2099 2239 2156 sitire
2276 2097 2493 2176 depri-

368 2200 500 2257 vari
536 2199 695 2257 veris
730 2195 898 2271 fidei3
956 2215 1067 2272 per
1102 2195 1418 2256 comedere
1457 2203 1534 2285 eg
1548 2197 1758 2256 bibere
1808 2196 2176 2273 significatur
2215 2215 2495 2260 commu-

367 2300 555 2359 nicari
591 2305 652 2357 et
684 2298 1062 2374 appropriari
1095 2297 1253 2355 bona
1290 2304 1351 2355 et
1386 2315 1561 2372 vera,
1602 2314 1673 2355 ac
1709 2315 1821 2374 per
1855 2313 2064 2355 servos
2091 2297 2333 2356 Domini
2366 2299 2493 2358 Je-

366 2400 550 2460 hovih
586 2399 674 2457 illi
709 2400 809 2475 qui
842 2400 1139 2474 recipiunt
1184 2397 1341 2456 bona
1394 2405 1457 2457 et
1500 2416 1648 2457 vera
1693 2417 1730 2457 a
1777 2398 2034 2457 Domino
2048 2419 2064 2474 3
2118 2399 2258 2458 inde
2294 2406 2490 2477 patet,

366 2499 511 2576 quid
571 2499 937 2576 significatur
983 2515 1094 2574 per
1141 2514 1282 2556 ecce
1338 2501 1501 2558 servi
1546 2500 1663 2558 mei
1718 2498 2065 2573 comedent,
2120 2516 2230 2557 vos
2281 2506 2493 2561 autem

370 2601 677 2673 esurietiS,
728 2600 888 2658 servi
925 2600 1041 2657 mei
1073 2597 1306 2671 bibent,
1362 2615 1473 2657 vos
1511 2605 1711 2659 autem
1739 2600 1984 2674 sitietis;
2040 2599 2202 2675 quod
2233 2600 2353 2659 illis
2391 2602 2489 2661 fe-

367 2699 563 2758 licitas
615 2707 888 2773 aeterna,
954 2698 1047 2756 his
1098 2704 1297 2757 autem
1348 2699 1668 2758 infelicitas
1682 2744 1698 2773 ,
1767 2699 2134 2775 significatur
2182 2719 2296 2777 per
2339 2718 2487 2761 ecce

367 2800 527 2857 servi
566 2801 682 2857 mei
715 2798 1114 2872 laetabuntur,
1153 2814 1261 2857 vos
1304 2806 1505 2858 autem
1540 2799 1879 2876 pudefietiS.
1936 2799 2117 2876 Apud
2152 2800 2484 2872 Jeremiam

368 2894 663 2972 „Gladio
681 2941 699 2971 ‚
753 2897 929 2972 fame
964 2906 1024 2959 et
1054 2903 1235 2977 peste
1267 2897 1419 2978 Eyo
1458 2917 1826 2960 consumens
1866 2918 2005 2959 eoo:
2061 2897 2214 2960 dimi
2251 2906 2481 2976 tamen,

369 2996 456 3057 ah
493 2995 777 3057 Domine
821 2995 1117 3072 Jehovih,
1171 3016 1303 3059 ecce
1346 2998 1688 3078 prophetae
1739 2998 1962 3060 dicunt
2016 2999 2132 3073 iio,
2187 2999 2484 3063 videbitis

363 3094 681 3177 gladium,
724 3098 1014 3176 etfamec
1040 3117 1165 3159 non
1203 3098 1326 3159 erit
1360 3098 1573 3160 vobis:
1625 3118 1822 3177 quare
1859 3099 1955 3159 sic
1993 3097 2171 3160 dixit
2199 3099 2480 3162 Jehoval·

365 3201 586 3257 contra
626 3197 973 3277 prophetas
1008 3198 1460 3277 prophetantes
1511 3199 1582 3260 in
1631 3198 1905 3260 Nomine
1941 3218 2102 3271 meo,
2170 3220 2317 3263 cam
2361 3220 2480 3262 non

364 3296 655 3358 miserim
689 3316 823 3373 coc,
885 3295 995 3358 illa·
1042 3303 1252 3359 tamen
1296 3297 1605 3375 dicentes,
1677 3296 1948 3380 yladiuc
1999 3305 2059 3359 et
2089 3300 2315 3381 fames
2363 3319 2477 3363 non

364 3397 486 3460 erit
537 3398 609 3459 in
653 3403 824 3459 terra
863 3397 1007 3469 hac,
1061 3396 1288 3478 yladio
1340 3406 1402 3460 et
1428 3399 1615 3479 fame
1668 3405 2113 3462 consumentur
2143 3402 2476 3481 prophetae

363 3498 435 3561 1ιί
447 3522 467 3560 .·
508 3496 824 3579 populus,
903 3499 1129 3578 quibus
1191 3496 1300 3559 illi
1337 3498 1819 3580 prophetantes,
1903 3505 2087 3562 erunt
2138 3502 2367 3585 abjecti
2410 3501 2476 3561 in

350 3597 595 3680 plateis
635 3596 1157 3679 Hierosolymam,
1219 3617 1331 3659 nec
1382 3596 1689 3678 sepeliens
1751 3600 1890 3661 iic“
1945 3601 2131 3661 XIV:
2197 3606 2307 3662 12.
2375 3604 2472 3662 13.

371 3703 483 3760 15.
532 3705 653 3775 163
708 3718 819 3776 per
853 3700 1145 3776 gladium,
1201 3700 1418 3759 famem
1459 3706 1520 3758 et
1568 3707 1822 3777 pestem,
1871 3701 2242 3777 significatur
2278 3703 2476 3781 depri-

362 3802 521 3859 vatio
558 3803 687 3859 veri
724 3807 783 3858 et
819 3800 986 3875 boni,
1045 3806 1104 3859 et
1139 3799 1274 3858 inde
1310 3802 1471 3858 vitae
1501 3802 1828 3877 spiritualis
1869 3819 1981 3877 per
2008 3801 2167 3860 salsa
2205 3810 2265 3861 et
2307 3802 2475 3877 mala,

362 3915 473 3974 per
523 3897 786 3974 gladium
822 3898 1156 3977 deprivatio
1192 3902 1320 3959 veri
1355 3916 1467 3977 per
1501 3900 1682 3975 falsa,
1738 3919 1851 3978 per
1884 3902 2105 3960 famem
2146 3902 2479 3980 deprivatio

359 3997 503 4056 boni
556 4014 665 4071 per
710 3998 905 4072 mala,
962 4005 1021 4058 et
1068 4018 1179 4076 per
1229 4006 1468 4076 pestem
1519 4000 1852 4078 deprivatio
1903 4003 2067 4062 vitae
2113 4002 2448 4080 spiritualis
2461 4021 2480 4078 ;

362 4109 474 4165 per
506 4095 833 4168 prophetas
870 4095 1283 4171 intelliguntur
1317 4097 1405 4156 illi
1449 4101 1552 4174 qui
1594 4100 1813 4159 docent
1847 4119 1997 4159 vera-
2031 4102 2376 4173 doctrinae,
2425 4109 2484 4163 et

363 4189 425 4241 in
450 4201 632 4245 sensu
668 4190 965 4246 abstracto
1004 4192 1355 4251 doctrinalia
1390 4200 1544 4271 veri,
1583 4197 1723 4255 inde
1761 4205 1933 4273 patet
1970 4200 2111 4276 quid
2138 4219 2249 4277 per
2285 4203 2481 4261 omnia
