2791 4778
541 354 647 408 102
950 339 1442 397 APOCALYPSIS
1486 342 1918 397 EXPLICATA.
2004 344 2051 412 §.
2096 352 2226 406 328.

535 507 652 564 hoe
681 504 966 579 recipitur
992 500 1231 578 quando
1257 500 1598 578 applicatur
1634 507 1695 560 et
1722 501 2108 578 implantatur
2133 504 2291 561 vitae
2317 521 2428 579 per
2459 503 2654 564 facere

537 605 717 679 illud3
770 603 906 662 ideo
942 602 1234 660 Dominus
1271 603 1450 660 toties
1487 601 1666 676 dixit,
1707 601 1866 678 quod
1899 601 2168 662 facerent
2202 603 2388 663 verba
2419 604 2654 681 Ipsius:

538 723 615 765 ex
650 703 745 762 his
781 708 1057 762 constare
1092 706 1329 779 potest,
1369 700 1530 778 quod
1566 701 1683 760 duo
1717 701 1854 777 illa,
1892 719 2109 779 nempe
2146 704 2391 763 credere
2426 707 2496 762 in
2532 706 2654 763 Do-

538 806 762 864 minum
799 809 860 862 et
894 803 1093 861 facere
1129 800 1316 860 verba
1356 796 1589 879 Ipsius,
1643 819 1827 861 unum
1862 801 2117 878 faciant,
2158 811 2220 862 et
2256 804 2419 881 qnod
2460 804 2654 863 nulla-

540 911 717 964 tenus
763 904 1037 981 separari
1094 902 1359 980 possint,
1416 919 1553 959 nam
1591 904 1720 976 qui·
1752 920 1870 961 non
1913 902 2059 962 facit
2105 904 2294 962 verba
2327 904 2580 963 Domini
2612 907 2657 963 is

537 1022 657 1065 non
691 1003 880 1064 credit
928 1005 990 1062 in
1023 1002 1259 1080 Ipsum,
1316 1008 1443 1060 tum
1493 1003 1592 1077 qui
1628 1008 1798 1077 putat
1844 1018 1911 1062 se
1972 1003 2221 1064 credere
2256 1007 2317 1062 in
2351 1004 2570 1080 Ipsum
2605 1012 2658 1064 et

534 1123 654 1164 non
686 1104 831 1163 facit
864 1102 1053 1162 verba
1085 1101 1317 1178 Ipsius,
1352 1118 1464 1161 nec
1502 1101 1691 1161 credit
1724 1104 1784 1160 in
1818 1103 2056 1179 Ipsum,
2114 1110 2209 1162 est
2244 1106 2402 1163 enim
2439 1105 2655 1163 Domi-

536 1221 649 1264 nus
709 1206 771 1263 in
823 1206 950 1263 suis
986 1202 1233 1275 VerbiS,
1288 1202 1402 1261 hoc
1452 1208 1571 1275 est,
1627 1205 1688 1261 in
1734 1204 1864 1262 suis
1903 1202 2114 1277 Veris,
2173 1212 2233 1262 et
2284 1205 2525 1264 exiliis
2564 1205 2656 1264 dat

536 1306 829 1365 Dominus
864 1304 1088 1363 homini
1120 1302 1318 1363 fidem.
1372 1302 1465 1360 Ex
1499 1303 1594 1361 his
1629 1305 1842 1378 paucis
1871 1306 2012 1362 sciri
2047 1311 2266 1380 potest,
2307 1304 2472 1379 quod
2515 1322 2653 1364 con-

516 1406 759 1483 junctio
795 1422 930 1464 cum
957 1405 1177 1463 Divino
1211 1405 1289 1461 sit
1322 1420 1434 1480 per
1460 1404 1817 1479 agnitionem
1847 1403 2087 1463 Domini
2124 1412 2184 1463 et
2210 1422 2320 1481 per
2352 1408 2652 1482 receptio-

534 1523 672 1565 nem
705 1506 911 1564 Divini
944 1504 1092 1563 Veri
1142 1503 1218 1562 ab
1253 1503 1437 1580 Ipso:
1486 1502 1600 1562 hoc
1655 1499 1859 1579 ita'que
1912 1512 2034 1578 est,
2093 1505 2251 1581 quod
2287 1506 2655 1581 significatur

535 1622 648 1682 per
678 1605 838 1681 quod
864 1605 1072 1679 Agnus
1107 1603 1431 1662 redemerit
1447 1604 1581 1662 Deo
1617 1620 1726 1663 nos
1762 1605 1822 1662 in
1850 1607 2140 1680 sanguine
2168 1622 2312 1680 su03
2349 1607 2519 1680 quod
2556 1624 2652 1681 per

535 1708 747 1780 Agnus
784 1703 1150 1782 significetur
1176 1703 1468 1762 Dominus
1507 1702 1704 1778 quoad
1729 1703 2011 1763 Divinum
2040 1706 2402 1776 Humanum,
2445 1707 2648 1765 videa·

536 1810 637 1862 tur
671 1820 857 1879 supra
891 1820 961 1861 n:
997 1804 1172 1861 314:
1209 1801 1386 1878 plura
1423 1804 1496 1862 de
1531 1804 1624 1862 his
1660 1804 1974 1863 videantur
2007 1808 2068 1863 in
2090 1805 2413 1864 Docrnms
2443 1806 2646 1865 Novas

536 1904 1022 1962 Hmnosomrmsa
1072 1921 1142 1962 n:
1186 1904 1324 1961 293
1367 1904 1443 1962 ad
1485 1908 1646 1962 297:
1712 1910 1774 1963 et
1810 1922 1883 1963 ex
1920 1907 2196 1964 Ancsms
2235 1905 2646 1966 Coenam-isus

537 2003 622 2062 ibi
686 2021 752 2060 n:
797 2004 935 2061 300
975 2003 1050 2062 ad
1092 2004 1266 2078 3063
1321 2010 1387 2061 ut
1435 2011 1495 2062 et
1545 2004 1620 2062 ad
1664 2005 1842 2063 finem
1888 2005 2068 2082 hujus
2120 2004 2372 2083 OperiS,
2428 2008 2535 2066 ubi
2580 2006 2641 2062 dc

536 2104 794 2163 Domino
841 2106 902 2162 in
954 2106 1158 2181 specie
1202 2110 1433 2180 agetur.
1517 2103 1692 2180 Quod
1727 2103 1983 2182 Sanguis
2034 2106 2333 2182 significet
2371 2108 2641 2166 Divinum

535 2204 763 2264 Verum
799 2204 1131 2282 procedens
1169 2223 1204 2263 a
1238 2203 1527 2277 Domin0,
1579 2212 1640 2263 et
1676 2206 1835 2282 quod
1869 2205 2122 2265 salvatio
2157 2224 2269 2283 per
2304 2211 2638 2285 sanguinem

537 2305 742 2383 Ipsius
778 2305 1071 2383 significet
1105 2324 1217 2383 per
1251 2307 1657 2382 receptionem
1691 2306 1894 2365 Divini
1929 2306 2077 2365 Veri
2112 2306 2188 2365 ab
2223 2307 2396 2384 Ipso,
2454 2311 2512 2366 in
2545 2323 2632 2365 sc-

535 2414 753 2485 quente
784 2409 1055 2468 Articulo
1093 2408 1338 2467 dicetur.
1397 2406 1570 2483 Quod
1607 2414 1807 2468 autem
1834 2407 2151 2468 Redimere
2188 2409 2483 2486 significet
2513 2410 2627 2465 vin⁴

533 2508 733 2567 dicare
772 2515 834 2568 et
864 2509 1153 2580 liberare,
1209 2515 1270 2567 et
1304 2524 1443 2566 cum
1479 2507 1554 2566 de
1588 2508 1877 2582 Domino,
1931 2509 2234 2569 vindicare
2286 2516 2346 2568 et
2393 2510 2632 2568 liberare

535 2607 611 2666 ab
638 2607 909 2681 Inserno,
951 2615 1012 2666 et
1045 2611 1133 2667 sic
1166 2608 1446 2667 addicare
1484 2614 1545 2667 et
1579 2609 1940 2685 conjungere
1979 2608 2110 2682 sibi,
2152 2616 2426 2669 constare
2451 2612 2637 2686 potest

535 2725 574 2765 a
607 2705 756 2773 Ioeis
792 2708 1214 2784 sequentibus3
1254 2708 1417 2783 apud
1440 2709 1684 2785 Esajam
1721 2708 1943 2784 „Quis
1969 2709 2138 2769 venit
2161 2728 2243 2772 ex
2272 2709 2508 2782 Edam,
2546 2707 2633 2768 in-

535 2803 756 2865 cedem
796 2806 868 2865 in
904 2803 1319 2866 multitudine
1353 2808 1598 2869 roboris
1636 2807 1769 2878 sui,
1830 2808 1981 2890 Eyo
2019 2809 2130 2887 qui
2165 2807 2382 2890 loquor
2415 2810 2489 2871 in
2525 2806 2634 2869 Ju-

532 2905 727 2966 stitia
742 2949 761 2981 ,
802 2923 1079 2984 maynus
1113 2905 1203 2967 ad
1231 2904 1617 2969 salvandum
1635 2954 1650 2982 ,
1687 2928 1840 2969 nam
1864 2909 2004 2971 dies
2028 2909 2348 2971 vindictae
2373 2900 2444 2971 i'n
2469 2906 2638 2971 corde

533 3023 689 3080 mov,
715 3011 777 3065 et
798 3024 1008 3066 annus
1019 3007 1498 3069 Rssnssmronum
1523 3027 1801 3070 meorum
1827 3010 2019 3091 vmitf·
2046 3010 2117 3070 in
2143 3010 2316 3070 omni
2340 3008 2638 3090 anqustaz'a

531 3124 746 3166 eorum
781 3104 931 3186 Ipsi
966 3109 1272 3189 anyti-fitia
1286 3154 1302 3184 ,
1358 3115 1420 3169 et
1446 3106 1740 3189 Anyelus
1760 3109 2085 3189 facierum
2121 3110 2348 3190 Ipsius
2373 3106 2637 3172 servavit

337 3216 494 3278 [411]
535 3218 668 3280 eos,
731 3207 803 3268 ob
865 3225 1139 3270 amorem
1195 3229 1385 3271 suum
1432 3215 1493 3268 et
1550 3207 1943 3270 clementiam
1978 3230 2166 3272 suam
2209 3213 2325 3270 Hic
2373 3223 2637 3271 senemr

531 3325 668 3377 eos,
704 3312 765 3367 et
804 3310 1118 3371 assumsit
1153 3329 1259 3370 eos
1271 3354 1290 3385 ,
1332 3315 1394 3369 et
1415 3309 1697 3387 portabit
1721 3329 1826 3371 eos
1869 3310 2155 3372 omnibus
2191 3311 2412 3372 diebus
2444 3317 2634 3372 aeter-

530 3406 811 3470 nitatie“
846 3406 1082 3470 LXIII:
1132 3414 1191 3469 1.
1234 3414 1295 3468 4.
1342 3412 1412 3484 93
1470 3412 1665 3485 agitur
1698 3410 1782 3469 ibi
1815 3411 1891 3469 de
1927 3410 2182 3470 Domino
2221 3419 2282 3472 et
2316 3411 2392 3472 de
2427 3412 2633 3489 pugnis

529 3513 918 3570 tentationum
954 3511 1157 3588 Ipsius
1193 3527 1302 3586 per
1339 3526 1490 3585 quas
1527 3509 1871 3587 subjugavit
1903 3510 2143 3571 Inferna
2154 3532 2171 3588 3
2208 3529 2322 3588 per
2345 3513 2536 3572 Edom
2570 3525 2634 3568 cx

529 3627 647 3685 quo
679 3613 875 3685 venit,
932 3610 1297 3687 significatur
1332 3609 1674 3668 Humanum
1712 3611 1945 3687 IpsiuS,
1983 3612 2255 3671 similiter
2288 3631 2400 3690 per
2440 3613 2632 3689 Ango-

527 3709 650 3768 Ium
687 3710 975 3770 facierum
1008 3711 1238 3787 Ipsius3
1275 3708 1478 3784 Ipsius
1507 3710 1727 3768 Divina
1761 3715 2031 3786 potentia
2068 3730 2141 3772 ex
2179 3731 2300 3787 qua
2334 3712 2634 3790 pugnavit,

525 3810 894 3886 significatur
936 3828 1050 3886 per
1101 3808 1386 3867 incedens
1436 3812 1495 3868 in
1531 3811 1907 3869 multitudine
1944 3812 2175 3871 roboris
2210 3816 2334 3888 sui3
2390 3811 2631 3890 dejectio

527 3926 732 3969 eorum
786 3914 847 3969 in
882 3909 1175 3967 infernum
1230 3911 1332 3984 qui
1367 3910 1790 3987 insurgebant,
1848 3917 1908 3970 et
1957 3912 2215 3972 elevatio
2259 3913 2547 3972 bonorum
2580 3912 2630 3968 iin

527 4009 810 4085 Coelum,
866 4007 1218 4085 intelligitur
1250 4026 1363 4086 per
1397 4009 1702 4071 Justitiam
1723 4056 1738 4085 ,
1792 4013 1876 4071 ita
1908 4031 2020 4089 per
2054 4012 2208 4073 haec
2242 4014 2464 4086 verba,
2517 4013 2631 4087 Ego

528 4112 629 4184 qui
665 4110 879 4184 loquor
914 4108 972 4165 in
1009 4108 1289 4186 Justitia,
1328 4129 1578 4188 magnus
1616 4113 1694 4171 ad
1729 4113 2119 4188 salvandum,
2171 4132 2305 4172 nain
2345 4115 2471 4173 dies
2509 4114 2627 4173 vin-
2714 4135 2727 4167 u

527 4208 724 4266 dictae
762 4212 824 4266 in
861 4209 1036 4270 corde
1072 4228 1235 4286 meo,
1294 4217 1353 4271 et
1407 4230 1598 4271 annus
1634 4211 2103 4288 Redemptorum
2150 4232 2419 4276 meorum
2458 4213 2627 4282 veni'tJ
