2791 4778
478 382 585 435 194
890 369 1389 424 APOCALYPsls
1437 367 1874 426 EXPLICATA.
1958 369 2001 438 §-
2044 378 2172 431 357.

474 529 726 611 solyma
742 575 758 605 ‚
813 533 872 588 et
908 527 1318 590 exscindetur
1343 528 1560 589 Arcus
1587 524 1767 603 belli,
1806 535 2027 589 contra
2067 525 2346 608 loquetur
2358 544 2538 606 pacem

477 629 804 692 Gentibus.
870 628 1296 690 Revertimini
1325 628 1415 690 ad
1439 627 1901 690 munimentum
1929 629 2123 689 vincti
2159 626 2317 707 spei,
2356 634 2407 689 et
2434 631 2537 687 ten-

473 731 629 792 dam
654 728 827 790 Mihi
860 728 1209 799 Jehudam‚
1263 735 1324 791 et
1351 730 1530 790 Arcu
1569 727 1836 808 implebo
1862 728 2294 810 Ephraimum
2309 772 2325 802 ‚
2374 732 2425 787 et
2450 745 2538 786 ec·

472 831 675 893 citabo
702 827 886 912 filios
922 835 1066 891 tuos
1110 830 1317 895 Zion.
1368 847 1522 889 nam
1556 826 1842 891 Jehovah
1880 849 2070 909 super
2108 829 2202 890 iis
2250 826 2541 907 apparebit,

472 940 533 994 et
573 930 774 992 exibit
815 931 983 991 sicut
1014 927 1257 1009 fulyur
1293 928 1488 990 telum
1523 928 1780 1009 Ipsius,
1854 935 1913 990 et
1950 929 2285 990 Dominus
2329 925 2544 988 Jehovib

472 1032 732 1094 buccina
772 1029 1050 1110 clanyet‚
1098 1036 1158 1088 et
1194 1028 1437 1090 incedet
1483 1029 1552 1089 in
1580 1028 1886 1109 procellis
1924 1029 2219 1090 meridiei
2231 1033 2268 1062 “
2316 1028 2424 1088 IX:
2460 1030 2541 1085 10.

378 1153 395 1170 ·
480 1137 592 1192 12.
641 1134 749 1192 13.
800 1135 918 1206 14;
974 1134 1170 1207 agitur
1215 1130 1296 1189 ibi
1346 1115 1421 1189 dc
1469 1134 1809 1191 vastatione
1858 1130 2171 1190 Ecclesiae
2209 1130 2547 1190 Judaicaeet

472 1234 547 1292 de
597 1234 1028 1292 instauratione
1084 1231 1395 1289 Ecclesiae
1449 1231 1611 1307 apud
1664 1240 1873 1307 gentes
1889 1252 1905 1308 3
1980 1234 2245 1290 vastatio
2292 1228 2547 1289 Ecclesiae

474 1332 768 1393 Judaicae
808 1332 1166 1391 describitur
1201 1349 1312 1408 per
1350 1332 1693 1390 exscindam
1732 1350 1966 1391 currum
2017 1349 2092 1390 ex
2127 1331 2464 1409 Ephraimo,
2504 1332 2549 1384 et

476 1451 696 1510 equum
737 1450 811 1492 ex
846 1432 1296 1508 Hierosolyma,
1349 1439 1411 1489 et
1448 1432 1831 1491 exscindetur
1866 1449 2041 1491 arcus
2074 1432 2254 1505 belli,
2297 1448 2400 1507 per
2430 1443 2548 1505 quae

472 1533 841 1610 significatur
877 1532 1188 1620 quod-non
1228 1550 1433 1589 verum
1480 1533 1543 1589 in
1590 1533 1861 1592 doctrina
1911 1531 2211 1607 ampliuS,
2270 1548 2376 1589 nec
2405 1526 2548 1587 intel-

470 1633 665 1692 lectus
702 1635 858 1703 veri,
924 1640 985 1690 et
1020 1632 1157 1690 inde
1194 1650 1312 1691 non
1346 1649 1553 1708 pugna
1600 1639 1660 1691 et
1707 1634 2048 1691 resistentia
2100 1639 2313 1690 contra
2357 1630 2548 1699 falsum,

470 1751 582 1809 per
617 1749 852 1790 currum
891 1732 1259 1807 significatur
1294 1733 1566 1790 doctrina
1612 1734 1771 1806 veri,
1835 1751 1946 1809 per
1997 1750 2218 1807 equum
2259 1730 2551 1789 intellectus

473 1832 637 1908 ejuS,
687 1848 797 1907 per
834 1849 1036 1889 arcum
1073 1832 1219 1890 belli
1251 1850 1459 1910 pugna
1485 1841 1690 1891 contra
1728 1833 1942 1891 falsum
1975 1850 2047 1891 ex
2086 1832 2375 1904 doctrina,
2410 1843 2552 1887 arcus

469 1931 615 1990 belli
641 1931 856 1989 dicitur
884 1934 1023 2007 quia
1046 1933 1402 2009 intelligitur
1436 1932 1708 1991 doctrina¹
1742 1950 2035 2010 pugnam,
2074 1952 2187 2010 per
2213 1932 2556 2008 Ephraimum

469 2030 838 2107 significatur
875 2032 1148 2091 Ecclesia
1196 2034 1392 2110 quoad
1427 2034 1800 2093 intellectum
1838 2035 1998 2107 veri,
2052 2040 2112 2091 ct
2154 2052 2269 2109 per
2302 2033 2555 2091 Hieroso-

468 2131 687 2210 lymam
727 2134 922 2207 quoad
960 2133 1304 2209 doctrinam3
1346 2141 1404 2192 et
1444 2137 1798 2193 instauratio
1834 2134 2144 2193 Ecclesiae
2183 2134 2349 2209 apud
2382 2137 2554 2209 gentes

469 2233 824 2293 describitur
862 2251 969 2310 per
1001 2233 1172 2306 haec,
1213 2242 1421 2293 contra
1451 2235 1732 2311 loquetur
1772 2252 1987 2310 pacem
2024 2234 2339 2310 gentibus,
2377 2248 2555 2290 rever·

460 2336 654 2394 'timini
692 2335 768 2393 ad
802 2336 1232 2394 munimentum
1264 2338 1449 2395 vincti
1485 2338 1647 2412 spei,
1701 2343 1763 2394 et
1803 2335 2045 2394 tendam
2081 2335 2228 2394 Mihi
2271 2331 2558 2398 Jehudam,

468 2443 529 2494 et
565 2454 708 2495 arcu
744 2435 1006 2514 implebo
1042 2436 1447 2511 Ephraimum,
1494 2444 1555 2495 et
1591 2435 1864 2496 excitabo
1901 2436 2055 2497 filios
2096 2444 2230 2495 tuos
2268 2436 2438 2508 Zion,
2471 2449 2558 2509 per

467 2553 620 2611 quae
670 2533 1065 2613 significatur,
1133 2537 1291 2612 quod
1345 2535 1621 2595 Ecclesia
1668 2537 2057 2596 instauranda
2111 2538 2192 2595 sit
2239 2534 2404 2612 apud
2448 2533 2557 2592 illos

470 2638 664 2710 quiin
703 2637 858 2696 bono
904 2638 1121 2695 amoris
1158 2638 1218 2694 in
1255 2637 1576 2696 Dominum
1612 2644 1778 2711 sunt,
1833 2644 1894 2696 ct
1944 2638 2079 2695 inde
2128 2639 2187 2694 in
2234 2637 2396 2695 veris
2411 2679 2426 2707 ‚
2472 2649 2560 2710 per

466 2750 681 2811 pacem
707 2737 1073 2812 significatur
1098 2737 1159 2794 id
1186 2737 1427 2808 bonum,
1463 2755 1573 2815 per
1607 2736 1908 2797 Jehudam
1942 2738 2029 2796 illi
2069 2739 2169 2814 qui
2203 2740 2264 2795 in
2302 2736 2404 2795 illo
2429 2735 2560 2793 bono

468 2839 636 2905 sunt,
682 2841 741 2891 et
778 2852 887 2909 per
913 2836 1302 2911 Ephraimum
1336 2837 1427 2895 illi
1463 2840 1566 2914 qui
1594 2838 1732 2896 inde
1768 2840 1827 2895 in
1855 2838 2163 2896 intellectu
2201 2839 2358 2909 veri,
2402 2850 2559 2911 quare

468 2932 684 2991 dicitur
722 2934 796 2992 de
844 2934 1165 3010 Ephraimo
1196 2939 1353 3012 quod
1390 2955 1535 2997 arcu
1572 2938 1841 3013 implebit
1889 2938 2080 3009 illum,
2141 2938 2256 2997 hoc
2294 2944 2415 3008 est,
2470 2935 2559 2992 do-

469 3035 658 3091 ctrina
693 3035 822 3092 veri
835 3053 852 3109 3
902 3033 1216 3094 illustratio
1264 3038 1503 3096 illorum
1549 3041 1611 3096 in
1655 3040 1815 3097 veris
1858 3037 2215 3098 describitur
2265 3055 2379 3115 per
2412 3036 2559 3107 haec,
2673 3028 2674 3041 ¹

470 3132 650 3190 exibit
686 3136 840 3191 sicut
874 3135 1073 3210 fulgur
1108 3136 1294 3195 telum
1327 3138 1560 3213 IpsiuS,
1613 3143 1673 3196 et
1707 3138 1997 3197 Dominus
2035 3137 2301 3197 Jehovih
2336 3137 2565 3196 buccina

468 3234 733 3308 clanget,
801 3251 870 3292 ac
922 3236 1159 3295 incedet
1206 3239 1268 3295 in
1316 3239 1599 3313 procellis
1650 3239 1946 3310 meridiei,
2010 3238 2195 3297 telum
2235 3237 2398 3314 quod
2429 3239 2563 3295 sicut

463 3333 664 3411 fulgur
701 3334 884 3393 exibit
926 3336 1220 3413 significat
1268 3355 1477 3396 verum
1521 3330 1888 3397 illustratum*
1936 3340 2017 3396 ita
2050 3355 2262 3398 verum
2317 3356 2392 3397 ex
2426 3337 2563 3396 bono

464 3437 716 3517 amoris,
780 3429 1032 3496 buccin'a
1075 3437 1318 3514 clanget
1365 3439 1663 3514 significat
1707 3441 2156 3515 perceptionem
2207 3439 2348 3498 boni
2390 3436 2560 3497 mani-

462 3535 696 3613 festam,
737 3545 798 3596 et
829 3538 1134 3614 procellae
1172 3538 1442 3597 meridiei
1467 3539 1801 3615 significant
1828 3538 2199 3598 intellectum
2227 3540 2352 3597 veri
2389 3537 2558 3595 mani-

461 3636 726 3711 festum,
753 3638 1029 3697 meridies
1069 3645 1161 3697 est
1199 3640 1295 3697 lux
1334 3641 1492 3713 veri3
1533 3641 1729 3714 agitur
1764 3639 1847 3697 ibi
1884 3638 1957 3697 de
1985 3639 2279 3709 Domin0‚
2314 3640 2398 3696 ita
2426 3631 2563 3713 quod

460 3733 567 3792 illa
593 3754 629 3793 a
647 3737 919 3795 Domino.
951 3738 1128 3814 Apud
1145 3738 1352 3798 Mosen
1380 3736 1649 3813 „Filius
1662 3736 2021 3818 foecundae
2034 3736 2369 3818 Josephus,
2389 3734 2561 3820 filius

448 3831 806 3914 foecundae
825 3834 1032 3915 jua‘ta
1045 3837 1332 3916 sontem;
1365 3836 1588 3916 filiae,
1636 3837 1875 3900 incedit
1910 3857 2102 3916 super
2135 3858 2421 3916 murum3
2465 3851 2561 3894 ex-

461 3930 835 3994 acerbabunt
889 3952 1062 4009 eum,
1129 3941 1189 3994 et
1224 3935 1720 4017 jaculabuntur,
1788 3944 1847 3998 et
1897 3936 2043 3998 odio
2094 3936 2396 3999 habebunt
2438 3951 2560 3996 eum

463 4030 845 4111 sagittari&
898 4039 957 4092 et
992 4032 1226 4094 sedebit
1263 4034 1332 4094 in
1362 4036 1557 4115 firmo
1595 4057 1789 4100 arcus
1829 4038 1965 4113 sui,
2016 4045 2078 4099 et
2127 4038 2562 4100 roborabuntur

460 4129 719 4192 brachia
767 4152 1073 4194 manuum
1125 4132 1263 4216 ejus
1297 4154 1340 4195 a
1376 4136 1672 4199 manibus
1700 4138 1907 4217 sortis
1948 4136 2199 4211 Jacobi,
2258 4137 2405 4198 inde
2435 4133 2557 4194 Pa-

461 4237 598 4296 stor
635 4230 848 4317 Lapis
888 4231 1211 4297 Israelis“
1251 4237 1485 4299 Genes:
1530 4238 1768 4299 XLIX:
1817 4243 1929 4299 22.
1979 4240 2087 4300 23.
2134 4242 2246 4300 24.
2291 4241 2377 4299 25
2394 4258 2410 4315 ;
2463 4248 2558 4312 per
