2791 4778
405 321 514 394 32⁸
839 307 1344 373 ,APOCALYPSIS
1385 305 1825 371 Exrucxra,
1867 304 1914 381 ς.
1958 316 2089 382 3882

406 469 680 548 originali
727 468 1021 545 significat
1068 468 1282 536 vitam,
1351 466 1482 525 sera
1532 468 1690 524 enim
1727 467 1787 523 in
1836 465 1944 524 illa
1995 466 2228 542 Lingua
2279 474 2510 526 vocatur

405 570 668 647 Chajah,
725 576 787 628 et
836 567 1066 644 Chajah
1120 567 1416 643 significat
1461 568 1674 640 vitam,
1731 583 1803 625 ae
1848 568 1910 625 in
1955 566 2266 626 affectione
2304 569 2426 626 veri
2459 577 2508 627 et

401 673 544 731 boni
580 678 675 729 est
708 672 845 746 ipsa
880 671 1004 727 vita
1045 668 1376 745 spiritualis
1419 666 1673 743 homini3
1729 674 2104 744 quapropter
2138 667 2279 727 dnm
2309 669 2431 726 sera
2458 671 2510 727 in

400 771 562 833 bono
612 769 727 829 hoe
775 786 959 829 sensu
1005 770 1342 828 nominatur
1388 770 1449 826 in
1500 767 1731 841 Verbo,
1803 771 2008 844 potius
2064 768 2412 828 vertendum
2459 778 2511 828 et

401 872 720 933 dicendum
765 878 858 930 est
896 870 1161 944 Animal,
1220 868 1380 945 quod
1423 868 1719 945 signifieat
1766 871 2023 927 animam
2073 871 2407 928 viventem:
2457 878 2509 927 at

400 991 541 1034 eum
571 975 632 1031 in
665 973 780 1031 hoc
816 987 1001 1029 sensu
1038 972 1255 1029 dieitur
1288 970 1445 1043 fera,
1487 976 1631 1028 tune
1661 971 1897 1027 omnino
1936 969 2216 1029 exuenda
2250 976 2345 1037 est
2369 969 2507 1043 idea,

406 1092 562 1152 quae
599 1073 887 1132 adhaeret
920 1073 1052 1130 voci
1102 1071 1267 1129 serae
1314 1072 1376 1128 in
1413 1070 1645 1146 Lingua
1672 1070 1941 1143 Latina,
1986 1088 2131 1128 nam
2179 1071 2318 1129 voci
2364 1072 2510 1130 ferae

404 1179 466 1234 in
500 1175 614 1233 hae
650 1173 884 1249 Lingua
917 1171 1205 1230 adhaeret
1240 1170 1378 1230 idea
1424 1171 1533 1229 seri
1580 1177 1641 1228 et
1679 1170 1929 1242 ferocia,
1987 1173 2069 1229 ita
2102 1169 2245 1228 idea
2287 1174 2511 1230 sinistra

407 1284 469 1336 et
503 1274 687 1350 mala3
742 1273 915 1332 aliter
948 1275 1008 1330 in
1048 1272 1280 1350 Lingua
1318 1270 1630 1345 Hebraea,
1681 1271 1784 1329 ubi
1826 1272 1954 1329 sera
1989 1271 2292 1347 signifieat
2325 1275 2511 1340 vitam,

405 1382 468 1437 et
517 1378 577 1434 in
622 1390 843 1452 genere
892 1374 1145 1432 animam
1203 1373 1503 1431 viventem
1558 1388 1668 1431 seu
1726 1372 1976 1446 anima13
2044 1375 2104 1431 in
2164 1372 2283 1431 hoe
2345 1390 2510 1431 sensu

406 1476 639 1554 Chajah
674 1492 781 1534 seu
821 1475 949 1533 fera
982 1491 1102 1532 non
1138 1474 1343 1531 vocari
1378 1478 1584 1548 potest
1616 1472 1846 1541 bestia,
1894 1475 2174 1549 quoniam
2201 1476 2429 1550 passim
2458 1476 2509 1532 in

404 1576 610 1637 Verbo
643 1577 879 1635 -dicitur
933 1574 1061 1634 fera
1113 1580 1173 1633 et
1217 1573 1447 1644 bestia,
1506 1580 1565 1631 et
1613 1591 1725 1649 per
1781 1574 1969 1631 seram
2026 1572 2109 1631 ibi
2157 1575 2510 1651 significatur

403 1679 641 1738 affectio
678 1677 802 1736 veri
839 1682 899 1734 et
933 1693 1043 1752 per
1075 1675 1329 1733 bestiam
1361 1659 1595 1732 affectio
1631 1674 1789 1731 boni.
1865 1674 2022 1749 Quia
2057 1675 2187 1732 fera
2222 1692 2336 1734 seu
2364 1675 2507 1735 cha-

397 1778 506 1856 jah
541 1781 601 1835 in
639 1778 915 1851 opposito
960 1776 1075 1835 hoe
1128 1791 1313 1834 sensu
1354 1772 1651 1851 significat
1689 1772 2062 1833 affectionem
2105 1778 2233 1834 veri
2270 1784 2334 1835 et
2366 1776 2506 1842 boni,

402 1878 542 1937 ideo
581 1875 751 1935 Evah
791 1894 942 1934 uxor
979 1877 1197 1935 Adami
1230 1880 1484 1935 vocatur
1519 1875 1765 1934 Chavah
1806 1892 1876 1934 ex
1911 1876 2014 1933 illa
2040 1893 2190 1934 voce
2202 1920 2222 1951 ,
2264 1884 2331 1935 ιιι
2357 1884 2507 1955 patet

405 1977 567 2055 apud
602 1977 813 2036 Mosen
853 1975 995 2051 „Et
1033 1976 1279 2036 vocavit
1303 1975 1520 2036 Homo
1545 1994 1766 2036 nomen
1799 1976 2039 2050 uxoris
2059 1997 2217 2037 auae
2246 1975 2507 2046 Ohavak,

400 2078 559 2159 quia
602 2076 725 2139 illa
751 2079 993 2158 futura
1026 2083 1189 2136 esset
1230 2083 1436 2139 mater
1474 2077 1680 2136 omnis
1723 2075 1883 2158 Ohaj
1901 2120 1916 2149 ‚
1972 2077 2086 2137 hoe
2123 2084 2220 2138 eet
2232 2123 2251 2153 ,
2308 2079 2505 2138 viven-

406 2180 542 2240 tis“
594 2180 827 2241 Genes:
877 2179 1003 2237 111:
1064 2182 1188 2238 20:
1263 2185 1322 2236 et
1376 2196 1615 2255 quoque
1644 2186 1916 2254 ⁴quatuor
1965 2177 2300 2254 Animalia,
2368 2197 2507 2256 quae

403 2283 645 2343 fuerunt
681 2280 969 2354 Cherubi,
1027 2280 1303 2339 dicuntur
1351 2297 1430 2337 ex
1475 2279 1687 2338 eadem
1722 2295 1871 2337 voce
1919 2278 2149 2356 Chajah
2184 2281 2246 2338 in
2280 2280 2503 2357 plurali,

405 2389 467 2443 et
500 2386 641 2460 quia
686 2385 821 2443 voci
874 2381 1037 2440 ferae
1087 2383 1148 2440 in
1184 2380 1400 2439 Latino
1455 2398 1731 2439 sermone
1780 2375 2067 2441 adhaeret
2115 2381 2252 2439 idea
2304 2383 2415 2442 seri
2455 2387 2508 2440 et

404 2485 651 2559 ferocis,
705 2489 774 2543 ιιι
819 2484 1037 2542 dietum
1094 2489 1211 2554 est,
1267 2482 1404 2541 ideo
1452 2484 1812 2557 interpretes
1866 2482 2141 2540 dixerunt
2185 2481 2507 2559 Animalia;

404 2585 564 2662 quod
602 2602 676 2644 ex
714 2585 819 2643 illa
861 2600 1007 2644 voce
1058 2581 1349 2658 Cherubi,
1408 2586 1515 2659 'qui
1552 2591 1962 2659 apparuerunt
2006 2585 2162 2642 sicut
2198 2584 2505 2657 Animalia,

402 2685 707 2760 dieantur,
763 2684 1037 2743 videatur
1085 2684 1246 2760 apud
1284 2683 1667 2743 Ezechielem
1718 2681 1878 2760 Cap:
1932 2684 1999 2742 I:
2049 2684 2239 2742 Vers:
2304 2688 2363 2743 5.
2410 2686 2506 2743 13.

416 2788 522 2842 14.
575 2785 683 2842 15.
743 2788 853 2857 22,
925 2785 1085 2860 Cap:
1146 2784 1237 2842 X:
1305 2786 1422 2858 15,
1493 2791 1552 2842 et
1601 2784 1760 2844 alibi.
1862 2784 2147 2845 Similiter
2202 2786 2507 2858 Animalia,

404 2902 562 2961 quae
614 2884 981 2943 comedenda
1033 2891 1204 2958 sunt,
1274 2887 1432 2944 sieut
1482 2886 1654 2961 agni,
1722 2902 1900 2955 oves,
1960 2903 2217 2961 caprae,
2281 2890 2509 2954 arieteS,

402 2985 614 3059 hoedi,
663 2983 839 3057 hirei,
894 2985 1170 3062 juvenci,
1228 2986 1447 3058 boveS,
1513 3002 1764 3057 vaccae,
1833 2994 1899 3044 ut
1949 3004 2186 3062 quoque
2241 2986 2511 3046 animalia

407 3103 563 3164 quae
612 3102 731 3143 non
766 3086 1163 3154 comedenda,
1228 3088 1527 3145 communi
1561 3103 1712 3144 voce
1750 3086 2026 3146 dicuntur
2066 3088 2263 3159 ferae,
2325 3096 2386 3147 et
2424 3096 2508 3146 ta-

404 3205 542 3247 men
588 3188 785 3245 omnia
820 3187 1098 3244 animalia
1153 3191 1338 3261 quae‘
1364 3186 1733 3245 comedenda
1790 3188 2127 3264 significant
2173 3189 2510 3248 affectiones

207 3297 368 3361 {562}
407 3289 625 3363 bonae,
680 3294 819 3346 sunt
872 3289 1022 3346 enim
1062 3288 1227 3346 mitia
1276 3292 1337 3346 et
1380 3288 1579 3362 utilia,
1633 3289 1885 3364 proinde
1931 3306 2048 3346 non
2085 3289 2215 3346 fera
2264 3297 2329 3348 et
2360 3291 2510 3349 fero·

403 3394 525 3464 eia,
581 3390 667 3448 ita
702 3388 865 3465 apud
898 3388 1109 3447 Mosen
1151 3386 1383 3460 „Haeo
1421 3387 1578 3467 fera
1621 3407 1814 3466 quam
1850 3388 2182 3449 comedetis
2227 3388 2310 3449 de
2355 3387 2512 3450 omni

400 3491 602 3553 bestia
617 3536 632 3565 ‚
679 3489 846 3551 inter
887 3507 1099 3549 omnes
1120 3487 1309 3566 ferae
1353 3487 1705 3549 incedentes
1733 3508 1924 3568 super
1956 3495 2246 3568 quatuor,
2286 3489 2381 3551 ad
2416 3489 2510 3549 di-

402 3590 858 3674 etinyuendum
897 3588 1062 3650 inter
1095 3589 1313 3667 feram
1363 3607 1522 3668 quae
1575 3588 1926 3651 comeditur
1982 3597 2042 3650 et
2086 3590 2256 3651 inter
2306 3592 2515 3671 seram

401 3712 559 3773 quae
599 3712 724 3754 non
758 3689 1151 3751 comeditur“
1182 3689 1390 3750 Levit:
1438 3689 1561 3748 XI:
1608 3694 1664 3748 2.
1703 3695 1814 3749 27.
1847 3694 1970 3749 47:
2026 3698 2087 3749 et
2130 3691 2272 3750 alibi
2336 3687 2512 3766 „Qui

402 3799 666 3853 venatur
692 3792 1079 3853 venationem
1104 3789 1291 3869 serae
1316 3796 1431 3850 aut
1470 3788 1641 3865 avis,
1678 3810 1837 3869 quae
1875 3789 2272 3851 comeditur“
2311 3792 2507 3851 Levit:

404 3892 622 3952 XVII:
669 3895 777 3952 13.
833 3894 1030 3952 Etiam
1063 3890 1393 3967 Animalia,
1441 3908 1595 3968 quae
1627 3891 2149 3966 sacrificabantur,
2204 3909 2361 3969 quae
2392 3893 2513 3950 fue-

403 3999 544 4053 runt
579 4010 764 4069 supra
789 4000 1148 4064 memorata,
1201 3990 1475 4051 dicuntur
1514 3992 1708 4067 ferae;
1763 4001 1831 4050 ut
1865 3991 2026 4069 apud
2061 3992 2303 4069 Esajam
2344 3989 2506 4067 „Li-

403 4093 604 4153 banus
632 4110 756 4153 non
781 4089 1029 4171 suffieit
1049 4091 1141 4153 ad
1164 4091 1617 4153 incendendum
1632 4137 1648 4167 ‚
1696 4100 1757 4153 et
1779 4093 1935 4172 fera
1957 4091 2093 4174 eius
2118 4111 2245 4152 non
2269 4088 2506 4173 suffieit

403 4192 474 4252 in
512 4188 996 4250 holocaustum‘
1033 4192 1184 4251 XL:
1228 4196 1348 4251 16:
1407 4202 1466 4252 et
1503 4192 1661 4268 apud
1696 4192 1991 4253 Davidem
2028 4191 2226 4267 „Non
2268 4193 2504 4254 sumam
