2791 4778
403 353 630 410 CAPUT
673 352 983 408 SEXTUM.
1749 352 1954 408 VERS:
2005 364 2091 416 13.
2251 366 2358 419 407

264 522 413 590 runt,
491 514 821 574 herbosum
881 510 1179 589 significat
1238 513 1631 578 crescentiam
1693 517 1754 572 et
1813 512 2366 590 multiplicationem

262 634 480 691 earum3
534 617 814 692 quoniam
860 613 1038 672 arbor
1071 613 1215 671 facit
1249 613 1512 672 fructum
1546 630 1751 688 suum,
1807 613 1957 673 licus
2007 621 2189 692 atque
2223 618 2363 677 vitis

243 716 469 783 ‘dabunt
504 718 623 773 vim
661 731 862 785 suam,
918 713 1212 791 significat
1248 713 1408 790 quod
1441 713 1559 773 illis
1594 714 1815 773 bonum
1852 716 2126 775 naturale
2154 716 2360 777 etbe-

254 835 388 877 num
446 815 794 892 spirituale,
857 833 997 873 nam
1058 816 1152 872 vis
1204 814 1288 873 ibi
1342 822 1436 873 est
1487 814 1799 892 productio
1846 815 2095 876 fruct-us.
2181 818 2364 895 Apud

257 918 438 977 Amos
476 913 865 991 „Plurimos
899 914 1116 976 hortos
1155 922 1424 985 vestros,
1475 922 1535 977 et
1567 916 1785 976 vineas
1820 921 2067 976 vestras
2111 922 2172 977 et
2193 918 2368 997 ficus

255 1022 493 1078 vestras
508 1061 529 1093 ,
591 1020 652 1075 et
706 1012 880 1075 oleae
917 1019 1176 1076 'vestras
1222 1014 1493 1076 comedit
1549 1034 1770 1091 eruca,
1845 1034 1955 1077 mo
2017 1022 2227 1078 tamen
2263 1035 2363 1079 re·-

255 1117 418 1179 versi
470 1116 633 1177 eatis*
680 1115 771 1176 ad
809 1118 955 1175 me“
1014 1115 1137 1175 IV:
1181 1118 1252 1192 95
1306 1132 1418 1192 per
1463 1116 1667 1176 hortos
1711 1117 2119 1193 significantur
2173 1120 2372 1180 omnia

253 1219 568 1278 Ecclesiae
632 1235 787 1293 quae
851 1217 1077 1275 faciunt
1136 1216 1589 1293 intelligentiam
1658 1225 1718 1278 et
1777 1219 2170 1295 sapientiam3
2258 1236 2370 1296 per

254 1322 455 1378 vineas
491 1318 655 1378 bona
690 1325 752 1376 et
787 1335 932 1376 vera
964 1318 1302 1394 spiritualia
1314 1338 1333 1394 ;
1369 1335 1483 1394 per
1521 1317 1671 1378 ficus
1708 1317 1866 1377 bona
1904 1326 1963 1378 et
1998 1336 2146 1378 vera
2179 1326 2362 1379 natu-

250 1420 425 1495 ralia3
481 1435 593 1496 per
642 1418 808 1477 oleas
856 1418 1016 1477 bona
1065 1424 1127 1477 et
1179 1434 1325 1476 vera
1373 1418 1692 1495 coelestia3
1773 1435 1956 1477 eruca
2006 1427 2098 1478 est
2149 1420 2367 1480 salsum

249 1521 597 1596 destruens;
655 1518 832 1593 sicne,
890 1520 1032 1578 vitis
1081 1526 1140 1577 et
1187 1517 1323 1577 olea
1364 1520 1606 1595 proprie
1650 1519 1988 1596 significant
2034 1519 2369 1580 Ecclesiam

249 1627 304 1682 et
327 1621 633 1686 hominem
668 1619 1001 1688 Ecclesiae,
1037 1619 1147 1678 sed
1175 1618 1625 1696 quiaAEcclesia
1663 1626 1759 1679 est
1792 1619 2068 1678 Ecclesia
2097 1628 2156 1678 et
2190 1621 2369 1680 homo

249 1729 336 1782 est
360 1722 548 1781 homo
587 1739 663 1779 ex
688 1720 860 1779 bonis
885 1727 957 1777 et
987 1722 1165 1794 veris»,
1202 1718 1339 1779 ideo
1370 1737 1608 1796 quoque
1635 1720 1788 1780 haec
1816 1737 1927 1796 per
1951 1721 2087 1780 illas
2121 1720 2369 1780 arbores

248 1822 691 1901 significantur,
743 1821 901 1879 bona
946 1837 1059 1897 per
1115 1821 1345 1880 fructus
1408 1828 1468 1879 et
1513 1839 1660 1881 vera
1711 1838 1821 1897 per
1872 1838 2070 1880 ramos
2121 1827 2181 1880 et
2226 1821 2372 1882 folia

245 1941 470 1982 earum.
538 1921 723 1998 Apud
757 1921 1114 1997 Haggaeum
1153 1918 1434 1995 „Ponite
1471 1940 1577 1983 cor
1621 1926 1900 1982 vestrum
1940 1941 1981 1982 a
2019 1920 2125 1982 die
2165 1919 2278 1984 hoc
2311 1908 2387 1981 εἰ

250 2021 572 2102 deinceps,
627 2040 828 2082 norme
864 2019 1075 2081 adhuc
1109 2039 1314 2081 semen
1366 2021 1436 2082 in
1487 2020 1739 2096 horreo,
1805 2028 1865 2082 et
1900 2040 2097 2099 usque
2136 2020 2228 2083 ad
2267 2020 2369 2085 vi-

251 2131 372 2186 tem
397 2129 462 2183 et
490 2123 720 2205 ficum,
779 2128 839 2182 et
878 2117 1400 2200 maloyrauatum
1442 2125 1500 2180 et
1535 2122 1816 2181 arborem
1857 2118 2073 2181 oleae“
2119 2121 2210 2183 11:
2257 2125 2285 2181 1
2307 2126 2367 2182 8.

260 2226 383 2291 19;
423 2242 535 2300 per
566 2222 718 2283 haec
758 2221 946 2281 verba
984 2224 1045 2282 in
1084 2239 1268 2281 sensu
1304 2222 1605 2298 spirituali
1638 2220 2021 2298 intelligitur,
2062 2220 2221 2297 quod
2257 2220 2368 2281 ad-

252 2324 372 2383 huc
417 2324 657 2382 residua
692 2326 811 2382 sint
848 2323 1008 2382 bona
1045 2330 1106 2381 et
1153 2340 1299 2381 vera
1310 2343 1327 2401 3
1385 2324 1584 2382 omnia
1617 2322 1776 2381 bona
1812 2327 1872 2380 et
1908 2339 2053 2379 vera
2087 2339 2124 2378 a
2158 2322 2368 2399 primis

264 2423 344 2482 ad
369 2423 613 2499 ultima,
659 2425 1071 2501 intelliguntur
1104 2442 1215 2500 per
1261 2428 1472 2499 vitem,
1498 2484 1501 2485 γ
1530 2424 1737 2498 ficum,
1795 2423 2270 2498 malogranatum
2308 2430 2370 2481 et

262 2524 532 2583 arborem
586 2525 785 2598 oleae,
853 2542 962 2602 per
1010 2527 1190 2583 vitem
1237 2525 1461 2584 bonum
1497 2532 1558 2585 et
1600 2542 1809 2584 verum
1848 2522 2194 2599 spirituale,
2256 2539 2368 2598 per

251 2625 426 2685 ficum
465 2625 684 2684 bonum
722 2633 782 2685 et
819 2643 1025 2684 verum
1064 2624 1366 2698 naturale,
1424 2643 1534 2702 per
1561 2625 2033 2701 malogranatum
2055 2625 2119 2682 in
2146 2639 2367 2699 genere

252 2728 614 2803 cognitivum
668 2735 726 2784 et
773 2728 1219 2803 perceptivum,
1277 2734 1337 2785 ot
1383 2728 1445 2785 in
1480 2729 1687 2802 specie
1725 2725 2090 2801 cognitiones
2129 2730 2189 2782 et
2221 2741 2363 2800 per-

248 2813 560 2904 cepti’ones
595 2826 739 2885 boni
775 2833 835 2885 et
871 2829 1035 2899 veri,
1085 2833 1145 2885 et
1178 2845 1290 2904 per
1342 2825 1618 2885 arborem
1664 2825 1835 2885 oleae
1869 2826 2181 2902 perceptio
2226 2823 2368 2883 boni

191 2928 194 2931 ’
248 2929 481 2987 otveri
519 2928 824 2996 coelesti-33
878 2927 1158 2985 horreum
1208 2926 1507 3003 significat
1549 2927 1653 2987 ubi
1700 2925 1805 2985 illa
1851 2932 2021 3001 sunt,
2083 2928 2211 2986 sive
2245 2925 2367 2986 Eo-

248 3027 440 3088 clesia
482 3030 611 3086 sive
661 3029 837 3088 homo
886 3031 943 3085 in
997 3044 1112 3102 quo
1169 3028 1471 3097 Ecclesia,
1523 3030 1654 3087 sive
1703 3044 1870 3087 mens
1921 3024 2175 3087 hominis
2214 3043 2370 3109 quae

246 3137 344 3208 est
380 3128 741 3206 subjectum.
836 3129 1013 3205 Apud
1048 3128 1349 3187 Habakuk
1395 3126 1647 3203 „Ficus
1685 3147 1811 3190 nou
1834 3127 2127 3207 florebit,
2180 3144 2373 3206 neque

232 3235 588 3312 proventus
625 3229 695 3290 in
738 3229 1013 3303 vitibus,
1074 3229 1415 3289 mentietur
1452 3236 1612 3309 opus
1651 3224 1888 3304 olivae,
1954 3234 2014 3288 et
2062 3227 2214 3308 ayri
2246 3246 2372 3288 non

232 3330 494 3413 sacient
533 3330 779 3391 cibum“
822 3330 974 3393 1112,
1009 3333 1089 3388 17
1111 3348 1127 3405 ;
1182 3330 1330 3389 ficus
1377 3346 1498 3390 non
1541 3329 1805 3402 florebit,
1869 3329 2165 3404 significat
2212 3327 2374 3405 quod

247 3450 372 3493 non
412 3427 528 3490 erit
562 3431 782 3490 bonum
818 3429 1126 3506 naturale;
1180 3447 1376 3506 neque
1412 3434 1742 3507 proventus
1778 3430 1841 3486 in
1876 3427 2127 3501 vitibus,
2181 3427 2372 3502 signi-

244 3533 392 3593 ficat
456 3531 617 3608 quod
679 3549 795 3591 non
848 3531 1071 3590 bonum
1132 3529 1473 3607 spirituale3
1557 3529 1876 3585 mentietur
1939 3541 2092 3601 opus
2156 3524 2371 3595 olivae,

247 3633 554 3710 significat
580 3631 741 3709 quod
766 3649 884 3691 non
912 3631 1131 3690 benum
1170 3631 1464 3706 coeleste3
1518 3628 1647 3704 agri
1681 3643 1798 3685 non
1835 3626 2057 3685 facient
2090 3626 2370 3699 fructum,

249 3733 551 3810 significat
589 3732 751 3809 quod
786 3730 952 3790 nulla
978 3733 1220 3790 nutritio
1257 3729 1607 3807 spiritualis».
1665 3727 1846 3803 Apud
1880 3726 2091 3785 Mosen
2131 3722 2370 3800 „Jeho-

249 3832 380 3894 vah
420 3831 613 3892 Deus
652 3830 886 3893 ducens
923 3837 981 3891 te
1032 3830 1122 3892 ad
1167 3837 1404 3895 terram
1444 3829 1696 3903 bonam,
1758 3833 1996 3889 terram
2020 3823 2376 3904 fluviorum

251 3950 489 4013 aquae,
536 3931 830 4012 sontium
876 3937 936 3992 et
970 3932 1345 4012 abyssorum
1378 3928 1747 3990 exeuntium
1781 3947 1814 3987 e
1847 3922 2014 3988 valle
2045 3933 2106 3989 et
2138 3945 2171 3985 e
2193 3943 2375 3986 mou-

247 4042 342 4110 te,
409 4039 649 4095 terram
699 4032 908 4095 tritici
948 4039 1008 4094 et
1050 4030 1301 4101 hordei,
1348 4034 1409 4090 et
1449 4028 1606 4090 vitis
1641 4037 1700 4091 et
1728 4029 1899 4110 ficus
1943 4033 2002 4088 et
2044 4022 2374 4106 maloyra-

254 4133 431 4209 nati,
503 4138 743 4195 terram
784 4130 989 4194 olivae
1029 4129 1153 4193 olei
1191 4139 1250 4193 et
1286 4127 1547 4192 mellis“
1585 4131 1780 4191 Deut:
1817 4128 2000 4189 VIII:
2045 4135 2104 4188 7.
2142 4131 2214 4206 83
2266 4145 2378 4206 per

258 4241 480 4295 terram
513 4233 765 4307 bonam,
822 4235 898 4297 ad
930 4250 1108 4310 quam
1144 4233 1468 4307 ducentur,
1529 4231 1880 4309 intelligitur
1916 4237 2075 4291 terra
2113 4230 2377 4304 Canaan,
