2791 4778
513 400 621 452 41⁸
931 387 1419 443 APOCALYPSIS
1461 357 1887 445 mmmm-A.
1964 388 2006 455 §.
2048 392 2169 450 405.

511 553 759 622 minum,
816 565 851 605 a
889 563 1005 622 quo
1042 562 1213 604 omne
1251 546 1570 604 auxilium:
1627 563 1757 605 cum
1796 552 2029 603 montes
2063 548 2123 603 111
2153 545 2353 621 plurali
2378 545 2550 603 dicun-
2660 579 2661 618 ÷

2658 385 2662 505 1

2652 513 2662 564 i

508 659 632 724 tur,
689 646 1097 723 intelliguntur
1144 653 1202 705 et
1257 654 1489 706 montes
1539 655 1597 707 et
1634 646 1854 718 (301155,
1930 645 2170 722 proinde
2215 651 2325 702 tam
2374 645 2551 703 bonum

511 752 728 809 amoris
763 752 824 807 in
859 749 1205 820 Dominum,
1264 764 1442 823 quam
1478 748 1696 808 bonum
1736 747 2044 806 charitatis
2081 763 2216 821 erga
2249 746 2548 821 proximum.
2660 799 2661 814 ς

511 850 692 927 Apud
726 849 966 926 Esajam
1006 845 1271 923 „Erunt
1305 867 1497 927 super
1521 847 1695 908 omni
1728 854 1936 907 monte
1959 844 2110 916 αῑιο,
2143 852 2203 905 εὐ
2223 864 2393 923 super
2421 845 2552 905 omni
2660 871 2661 888 2

511 948 666 1011 colle
700 947 863 1010 elato
897 947 1055 1021 rivi,
1112 946 1342 1008 ductus
1378 967 1724 1027 aquarum,
1788 947 1859 1007 in
1915 947 2023 1007 die
2069 944 2276 1006 caedis
2321 963 2552 1025 maynae,
2660 1023 2661 1034 ἵ

510 1070 653 1111 eum
693 1048 917 1109 cadent
956 1050 1212 1108 caro-eff
1248 1045 1467 1109 XXX:
1514 1053 1598 1109 25
1621 1070 1635 1124 3
1691 1049 1965 1107 ultimum
2004 1048 2319 1116 Judicium,
2369 1046 2428 1105 de
2458 1062 2550 1119 quo

509 1152 590 1210 ibi
626 1153 854 1226 agitur,
917 1149 1266 1225 intelligitur
1312 1167 1423 1226 per
1479 1150 1635 1209 diem
1689 1149 1892 1208 caedis
1939 1165 2192 1226 magnae
2241 1164 2356 1205 cum
2382 1145 2551 1205 cadent
2660 1179 2661 1232 ?

509 1257 735 1325 turrea,
777 1249 995 1308 caedes
1031 1267 1248 1326 magna
1285 1258 1377 1309 est
1415 1254 1688 1310 interitus
1718 1250 2043 1324 malorum,
2100 1256 2288 1306 turres
2320 1263 2445 1321 quae
2473 1262 2554 1303 ea-

508 1352 651 1410 dent
686 1356 824 1408 sunt
862 1350 1019 1408 salsa
1055 1351 1359 1409 doctrinae
1399 1368 1551 1426 quae
1603 1369 1674 1409 ex
1711 1368 1918 1411 amore
1956 1351 2053 1409 sui
2091 1356 2149 1408 et
2183 1346 2390 1421 mundi,
2433 1345 2556 1422 quod
2660 1373 2661 1376 ¹

506 1452 610 1509 illa
673 1469 784 1527 per
832 1456 1030 1508 turres
1085 1452 1521 1526 significentur,
1607 1459 1700 1510 est
1753 1469 1826 1510 ex
1883 1451 2246 1528 apparentiis
2289 1451 2343 1506 in
2384 1445 2557 1505 Mundo
2660 1495 2661 1504 ,

508 1551 829 1628 spirituali,
886 1553 986 1626 qui
1029 1554 1179 1610 eninr
1219 1569 1328 1627 per
1356 1553 1530 1623 talia,
1582 1569 1737 1628 quae
1774 1552 2092 1611 Ecclesiae
2128 1555 2287 1623 sunt,
2342 1548 2556 1607 domina-

507 1659 631 1711 tum
669 1657 994 1727 quaerunt,
1051 1654 1110 1709 in
1154 1651 1289 1711 altis
1331 1652 1652 1712 aedificant
1691 1653 1809 1711 sibi
1855 1659 2087 1725 turreS,
2144 1651 2214 1710 de
2262 1649 2449 1725 quibus
2486 1649 2553 1705 vi-

505 1753 716 1811 deatur
765 1754 824 1809 in
873 1750 1181 1827 Opusculo
1234 1752 1307 1811 de
1358 1753 1603 1813 Ummo
1655 1753 1901 1813 Jnmcro
1961 1772 2036 1811 n:
2103 1754 2206 1812 56.
2263 1752 2341 1809 58
2358 1770 2372 1823 ;
2437 1746 2556 1824 quod

501 1852 587 1910 1111
625 1860 764 1911 tunc
803 1854 904 1928 qui
938 1854 996 1910 in
1038 1852 1259 1910 Amore
1308 1855 1368 1911 111
1405 1855 1726 1912 Dominum
1767 1862 1826 1914 et
1859 1857 1920 1913 in
1961 1854 2245 1913 charitate
2282 1868 2408 1927 erga
2445 1864 2555 1925 pro-

445 1963 452 1969 ·
500 1954 725 2010 ximum
761 1958 927 2025 511111,
986 1952 1297 2011 eleventur
1344 1955 1403 2011 in
1454 1953 1703 2014 Coelum
1758 1961 1818 2014 et
1850 1956 2194 2013 imbuantur
2229 1949 2556 2027 intelligentia

503 2059 562 2111 et
598 2054 928 2129 sapientia,
995 2052 1347 2129 intelligitur
1395 2072 1505 2130 per
1545 2056 1706 2132 quod
1753 2063 1926 2114 erunt
1981 2072 2165 2132 super
2210 2054 2353 2111 omni
2400 2053 2556 2109 monte

503 2154 621 2212 alto
661 2160 719 2212 et
757 2154 909 2211 colle
949 2155 1105 2212 elato
1141 2156 1254 2212 rivi
1291 2154 1506 2214 ductus
1547 2174 1863 2231 aquarum,
1926 2173 2097 2214 mons
2135 2154 2286 2213 altus
2320 2149 2557 2229 significat

499 2254 602 2312 ubi
637 2263 777 2312 sunt
817 2257 914 2330 qui
959 2257 1015 2312 in
1057 2271 1256 2313 amore
1292 2258 1352 2312 in
1398 2257 1748 2331 Dominum,
1808 2262 1868 2314 et
1913 2257 2090 2317 collis
2141 2255 2324 2313 elatus
2370 2251 2453 2310 ubi
2490 2246 2558 2305 illi

451 2423 456 2429 ,
500 2356 602 2432 qui
638 2357 698 2414 in
747 2355 1034 2415 charitate
1087 2373 1230 2432 erga
1280 2359 1643 2433 proximum,
1699 2361 1812 2418 rivi
1859 2358 2197 2435 significant
2241 2352 2554 2432 sapientiam,

500 2462 560 2513 et
595 2456 807 2515 ductus
846 2474 1132 2532 aquarum
1168 2458 1652 2534 intelligentiam,
1711 2476 1905 2536 aquae
1958 2461 2115 2519 enim
2164 2464 2297 2516 sunt
2337 2469 2459 2512 vera
2499 2465 2555 2507 ex

500 2557 717 2632 quibus
754 2558 1147 2633 intelligentia
1192 2566 1252 2616 et
1290 2560 1605 2634 sapientia.
1673 2559 1854 2636 Apud
1890 2559 2133 2619 Joelem
2182 2556 2361 2634 „Fiet
2392 2553 2451 2612 in
2479 2546 2558 2609 die

497 2653 644 2725 ilco,
698 2654 1036 2718 stillabunt
1071 2665 1311 2719 montes
1348 2665 1669 2733 mustum,
1727 2665 1786 2720 et
1824 2657 2019 2720 colles
2058 2660 2259 2739 fluent
2310 2655 2475 2725 laete,
2515 2650 2558 2705 ei

500 2772 711 2816 omnes
769 2757 901 2818 rivi
949 2757 1241 2818 Jehudae
1272 2758 1482 2836 fluent
1523 2761 1712 2838 aquis
1736 2763 1770 2794 “
1824 2761 1945 2820 IV:
2008 2765 2037 2819 1
2060 2766 2094 2821 8
2116 2782 2130 2835 3
2185 2762 2367 2836 agitur
2401 2754 2469 2812 ibi
2503 2748 2558 2806 de

501 2856 758 2914 adventu
789 2858 1053 2931 Domini,
1114 2866 1173 2917 et
1209 2859 1283 2918 de
1318 2877 1475 2919 novo
1520 2859 1704 2921 Coelo
1743 2868 1801 2920 et
1839 2862 1912 2920 de
1950 2879 2111 2920 nova
2145 2869 2298 2920 terra
2330 2865 2473 2925 tunc3
2516 2853 2559 2905 et

497 2971 608 3031 per
638 2955 795 3029 quod
830 2965 1062 3016 montes
1091 2959 1402 3017 stillabunt
1438 2967 1727 3032 mustum,
1775 2962 2131 3037 intelligitur
2167 2960 2316 3037 quod
2348 2974 2410 3016 ex
2440 2953 2557 3009 bono

500 3056 717 3113 amoris
748 3057 809 3113 in
844 3055 1161 3139 Dominum
1194 3076 1367 3118 omne
1397 3057 1776 3140 νει-1111151151
1813 3062 1971 3139 quod
2003 3064 2191 3122 colles
2219 3062 2389 3121 fluent
2417 3054 2554 3115 lacte,
2660 3092 2661 3101 ,

497 3154 850 3231 intelligitur
886 3156 1041 3231 quod
1079 3175 1147 3217 ex
1183 3157 1338 3218 bono
1381 3159 1688 3221 charitatis
1735 3179 1878 3239 erga
1913 3167 2246 3239 proximum
2281 3162 2395 3217 vita
2417 3148 2554 3230 spiri·

499 3254 711 3329 tuali83
769 3263 830 3315 et
864 3274 973 3333 per
1018 3258 1176 3334 quod
1214 3276 1418 3318 omnes
1456 3264 1567 3320 rivi
1612 3262 1891 3322 Jehudae
1940 3265 2130 3322 fluent
2179 3263 2369 3338 aquis,
2414 3247 2552 3313 intel-

497 3356 701 3432 ligitur
725 3358 879 3432 quod
917 3375 989 3416 ex
1021 3361 1270 3436 singulis
1300 3361 1489 3420 Verbi
1521 3374 1681 3439 vera,
1719 3382 1831 3440 per
1858 3382 2013 3439 quae
2048 3359 2444 3440 intelligentia3
2474 3344 2554 3408 sed

500 3457 653 3517 haee
681 3458 919 3535 plenius
954 3460 1255 3537 explicata
1279 3461 1596 3522 videantur
1623 3481 1810 3541 supra
1835 3483 1906 3522 n:
1953 3467 2034 3524 37
2056 3469 2115 3525 6.
2170 3461 2344 3539 Apud
2364 3453 2551 3518 Nahum

506 3556 661 3633 „En
714 3578 904 3639 supe-r
939 3562 1253 3623 montibus
1286 3561 1486 3642 pedes
1535 3561 2037 3644 evanyelizomtia
2069 3555 2110 3652 [,
2124 3532 2550 3645 proclamamiss]

491 3661 759 3738 pacem“
788 3659 867 3718 II:
905 3663 963 3718 1:
994 3663 1155 3738 apud
1179 3663 1418 3741 Esajam
1445 3707 1474 3738 .,
1492 3663 1706 3738 Quam
1707 3664 1991 3746 jucundi
2019 3673 2165 3727 aunt
2187 3665 2394 3742 [super
2414 3665 2549 3715 m0'2·

500 3750 695 3847 tibus]
712 3758 909 3839 pedes
944 3761 1472 3841 evanyelizantia,
1527 3764 1757 3826 audire
1781 3764 2092 3844 facientis
2113 3781 2345 3846 pacem,
2384 3753 2550 3816 ditm·

500 3858 589 3919 tis
616 3859 817 3922 Ziom'
839 3867 1066 3940 reynat
1097 3862 1249 3924 Rem
1286 3868 1482 3924 buu-ss
1518 3864 1656 3925 LII:
1708 3872 1778 3924 7:
1845 3867 2006 3942 apud
2042 3865 2300 3925 Eundem
2348 3852 2547 3933 »ἅψῃ

497 3965 768 4020 montem
820 3958 1026 4021 altum
1075 3961 1338 4022 ascende
1382 3963 1501 4024 cibe·
1551 3963 2059 4045 evanyelizatrz’x
2116 3965 2306 4035 Zion,
2363 3939 2549 4016 extolle

499 4078 642 4121 cum
665 4061 901 4122 virtute
934 4080 1137 4120 vocem
1175 4066 1353 4122 tuam
1382 4062 1892 4145 evanyelizatrz‘x
1919 4058 2400 4144 Hierosolyma“
2429 4045 2541 4110 Χ-ῘᾸς

507 4161 542 4216 9
563 4178 578 4232 ;
623 4160 774 4218 haec
802 4161 875 4219 de
913 4161 1173 4221 adventu
1208 4161 1466 4238 Domini,
1509 4173 1566 4225 et
1603 4166 1677 4224 de
1715 4167 2047 4227 salvatione
2086 4183 2279 4227 eorum
2315 4167 2437 4217 tunc
2468 4142 2546 4222 (1¹¹i

497 4258 557 4312 in
584 4255 740 4315 bono
769 4263 985 4318 amoris
1013 4264 1074 4318 in
1099 4260 1302 4337 Ipsum
1331 4272 1489 4340 sunt,
1525 4273 1582 4324 et
1609 4267 1745 4326 inde
1783 4286 1856 4327 ex
1876 4267 2080 4329 Verbo
2107 4272 2165 4328 in
2192 4263 2336 4324 veris
2361 4244 2538 4314 doctri·
