2791 4778
526 319 597 389 42
682 374 691 385 f
974 305 1471 362 APOCALYPSIS
1516 305 1948 363 EXPLICATA.
2012 305 2059 373 §.
2104 313 2237 365 313.

528 469 693 547 Ipso,
733 473 795 527 et
829 465 990 543 quod
1016 466 1157 527 facit
1184 464 1466 538 Coelum,
1507 463 1780 523 videatur
1808 479 1995 539 supra
2027 481 2066 521 n
2095 482 2109 522 :
2144 464 2254 522 24.
2301 464 2457 523 130.
2496 466 2673 524 220.

534 572 699 628 222.
744 568 909 626 302.
978 565 1160 643 Apud
1193 566 1405 626 Mosen
1461 562 1677 638 „Ecce
1715 562 1903 625 mitto
1942 558 2262 643 Anyelum
2313 581 2530 624 coram
2554 568 2621 624 te
2641 585 2672 637 ,-

534 672 746 729 caveto
797 664 917 727 tibi
956 684 998 725 a
1035 665 1329 745 faciebus
1369 664 1630 744 Ipsius,
1688 661 1989 744 quoniam
2038 662 2285 724 Nomen
2337 682 2544 724 meum
2581 665 2672 752 §in

533 765 752 828 Medio
789 765 1061 847 Ipsius“
1118 765 1318 824 Exod:
1356 765 1611 824 XXIII:
1655 768 1767 825 20.
1809 764 1933 840 213
1988 782 2099 841 per
2135 764 2431 841 Angelum
2467 764 2565 824 hic
2608 767 2672 824 in

534 886 817 946 supremo
876 884 1060 926 sensu
1119 866 1472 943 intelligitur
1506 866 1833 941 Dominus3
1905 882 2017 940 per
2062 864 2295 924 Nomen
2355 882 2551 924 meum
2608 867 2671 925 in

531 969 731 1029 Medio
766 969 1002 1046 IpsiuS,
1053 966 1402 1043 intelligitur
1437 966 1595 1043 quod
1655 984 1828 1026 omne
1863 966 2146 1025 Divinum
2178 966 2411 1025 Bonum
2449 972 2509 1026 et
2541 966 2668 1025 Di-

533 1071 735 1129 vinum
784 1068 1011 1130 Verum
1065 1069 1126 1127 in
1172 1067 1349 1144 Ipso,
1403 1065 1680 1126 videatur
1726 1082 1914 1143 supra
1967 1084 2034 1124 n:
2083 1068 2241 1124 102.
2290 1067 2448 1125 135.
2492 1070 2666 1126 224.

531 1170 714 1248 Apud
746 1170 971 1229 Lucam
1013 1164 1254 1242 „Jesus
1289 1166 1369 1228 de
1404 1164 1660 1228 ultimis
1692 1165 2075 1245 temporibus
2113 1165 2330 1237 disci&
2375 1170 2523 1226 tune
2546 1166 2675 1245 qui

532 1269 605 1330 in
629 1268 886 1331 Judaea
915 1268 1229 1347 suyiumo
1265 1286 1457 1348 super
1479 1272 1736 1340 montes,
1777 1271 1837 1327 et
1874 1265 1986 1344 qui
2018 1265 2089 1326 in
2122 1264 2341 1326 Medio
2374 1265 2511 1349 qius
2543 1285 2669 1327 em·-

534 1372 766 1431 eunto“
804 1368 997 1429 XXI:
1035 1371 1156 1443 213
1212 1371 1411 1446 agitur
1443 1368 1526 1426 ibi
1561 1368 1635 1428 de
1675 1366 2199 1427 Consummatione
2236 1367 2495 1439 saeculi,
2545 1385 2668 1443 per

537 1488 714 1547 quam
751 1468 1119 1546 significatur
1145 1469 1419 1528 ultimum
1455 1475 1692 1546 tempus
1720 1467 2032 1528 Ecclesiae
2070 1467 2307 1543 quando
2326 1467 2660 1544 judicium3

533 1570 700 1648 perJ
706 1569 956 1628 udaeam
984 1587 1106 1628 non
1129 1569 1479 1646 intelligitur
1492 1568 1735 1629 Judaea
1760 1566 1869 1627 sed
1883 1567 2176 1641 Ecclesia,
2209 1574 2270 1626 et
2295 1584 2407 1643 per
2426 1572 2668 1629 montes

537 1688 653 1729 non
691 1668 1107 1744 intelliguntur
1143 1677 1373 1727 montes
1395 1714 1411 1741 ,
1452 1669 1561 1728 sed
1593 1668 1813 1728 bonum
1844 1669 2062 1727 amoris
2098 1669 2157 1726 in
2190 1668 2509 1726 Dominum
2522 1688 2538 1743 ;
2600 1675 2666 1728 et

537 1771 679 1846 quia
713 1768 788 1828 de
823 1768 939 1827 fine
975 1769 1285 1828 Ecclesiae
1321 1769 1471 1828 haec
1510 1769 1668 1828 dicta
1694 1775 1864 1844 sunt,
1903 1774 2076 1845 patet
2111 1768 2253 1844 quid
2288 1767 2666 1843 significatur

534 1886 648 1947 per
682 1871 784 1945 qui
816 1870 877 1927 in
902 1869 1142 1929 Judaea
1168 1869 1436 1945 fugiunto
1474 1887 1655 1946 super
1692 1876 1942 1937 montes,
1980 1874 2040 1926 et
2075 1871 2178 1945 qui
2211 1871 2272 1926 in
2297 1868 2492 1927 medio
2520 1868 2659 1945 ejus

538 1975 827 2041 exeunto,
884 1969 1041 2046 quod
1078 1987 1327 2045 nempe,
1365 1988 1498 2028 cum
1527 1969 1852 2046 judicium,
1910 1984 2116 2028 omnes
2150 1968 2239 2029 illi
2274 1968 2349 2027 ab
2383 1968 2663 2028 Ecclesia

538 2069 691 2129 salvi
719 2076 890 2128 erunt
920 2072 1020 2146 qui
1043 2072 1108 2128 in
1138 2069 1291 2127 bono
1321 2073 1541 2135 amoris
1571 2073 1631 2128 in
1658 2070 1979 2130 Dominum
2007 2075 2168 2128 sunt.
2206 2068 2388 2144 Apud
2413 2069 2660 2145 Esajam

538 2167 672 2246 „In
709 2167 816 2229 die
855 2166 970 2230 illo
1012 2169 1135 2230 erit
1178 2167 1393 2250 Israel
1436 2170 1628 2230 tertia
1666 2169 1958 2251 Aeyypto
2010 2174 2071 2229 et
2106 2155 2391 2230 Asohuri
2408 2213 2425 2243 ,
2457 2162 2657 2228 'behe-

534 2269 734 2331 dz‘ctio
785 2269 856 2331 in
903 2269 1119 2331 Medio
1178 2275 1410 2344 terrae,
1466 2270 1573 2331 cui
1620 2270 1929 2332 benedicet
1979 2267 2263 2331 Jelwvah
2280 2315 2296 2344 ,
2372 2267 2653 2344 dicendo,

533 2369 890 2433 benedictus
905 2370 1190 2452 populus
1226 2392 1403 2433 meus
1430 2371 1798 2454 Aeyyptus,
1848 2376 1908 2431 et
1942 2391 2101 2453 opus
2140 2389 2448 2433 manuum
2482 2386 2658 2430 mea-

531 2492 679 2534 rum
702 2472 976 2543 Αεοήαν,
1011 2479 1070 2532 et
1104 2472 1468 2533 haereditas
1507 2492 1647 2534 mea
1683 2468 1897 2534 Israel
1918 2475 1954 2506 “
2007 2473 2184 2533 XIX:
2229 2476 2340 2531 24.
2385 2472 2507 2547 25;
2540 2487 2656 2548 per

534 2572 821 2631 Israelem
876 2574 1224 2650 intelligitur
1272 2575 1587 2651 spirituale
1626 2574 1970 2648 Ecclesiae,
2024 2591 2136 2650 per
2171 2572 2506 2632 Aschurem
2551 2590 2653 2631 ra-

534 2671 761 2731 tionale
797 2672 1097 2732 hominum
1138 2676 1289 2752 ejuS,
1327 2681 1387 2732 et
1421 2692 1532 2750 per
1566 2675 1910 2751 Aegyptum
1950 2675 2316 2750 cognitiones
2355 2679 2417 2731 et
2449 2673 2651 2732 scien·-

534 2771 728 2847 tifica3
780 2773 916 2833 inde
953 2782 1228 2834 constare
1278 2781 1482 2851 potest
1532 2773 1673 2850 quid
1709 2774 2077 2850 significatur
2120 2792 2232 2851 per
2268 2773 2429 2850 quod
2463 2773 2657 2832 Israe'l

535 2874 647 2930 erit
681 2875 855 2932 tertia
882 2868 1157 2953 Aegypto
1188 2882 1249 2934 et
1280 2874 1537 2932 Aschuri
1565 2874 1907 2933 benedictio
1935 2878 1996 2933 in
2020 2874 2218 2934 medio
2246 2881 2464 2948 terrae,
2498 2873 2658 2950 quod

534 2990 750 3051 nempe
786 2976 1096 3051 spirituale
1146 2977 1258 3034 erit
1291 2991 1466 3033 omne
1502 2974 1615 3045 ibi,
1668 2981 1787 3032 tam
1824 2975 2116 3035 rationale
2170 2991 2349 3051 quam
2399 2975 2654 3050 cogniti-

529 3074 716 3134 tivum
765 3082 825 3133 et
877 3074 1300 3148 scientificum3
1358 3074 1595 3152 quando
1648 3076 1805 3134 enim
1856 3078 2127 3135 intimum
2175 3084 2268 3135 est
2316 3073 2653 3152 spirituale,

532 3173 692 3249 quod
728 3181 821 3233 est
858 3192 1066 3233 verum
1106 3190 1183 3232 ex
1216 3173 1405 3243 bono,
1458 3182 1597 3234 tunc
1649 3193 1887 3252 quoque
1934 3176 2264 3249 rationale,
2320 3175 2478 3253 quod
2514 3175 2654 3260 intio

534 3281 657 3344 est,
712 3277 891 3334 etiam
951 3273 1264 3350 spirituale
1330 3280 1457 3344 est,
1510 3281 1576 3333 ut
1625 3282 1684 3334 et
1738 3278 2098 3353 cognitivum
2153 3275 2655 3349 et-scientificum,

533 3381 850 3451 utrumque
906 3375 1064 3433 enim
1102 3372 1388 3432 formatur
1425 3392 1500 3433 ex
1535 3377 1738 3433 intimo
1791 3376 1950 3452 quod
1999 3383 2092 3435 est
2127 3392 2336 3435 verum
2377 3394 2463 3435 -ex
2497 3374 2657 3435 bono

533 3491 644 3534 seu
680 3472 1012 3564 spirituale.
1068 3472 1250 3550 Apud
1284 3474 1612 3556 Jeremiam
1667 3520 1702 3550 „
1724 3472 2035 3537 Fractum
2069 3480 2164 3535 est
2197 3493 2303 3536 cor
2340 3493 2547 3536 meum
2571 3474 2661 3536 -in

530 3572 750 3635 Medio
800 3572 963 3644 mei,·
1015 3577 1325 3652 quassata
1375 3580 1528 3635 sunt
1567 3574 1782 3635 omnia
1826 3594 1974 3636 ossa
2023 3594 2162 3635 mea
2184 3578 2220 3609 ί(
2284 3575 2536 3635 XXHI:
2582 3578 2655 3650 93

531 3673 786 3733 fractum
851 3676 1060 3747 corin
1112 3674 1307 3745 medio
1358 3678 1477 3734 mei
1527 3675 1819 3752 significat
1881 3675 2145 3748 dolorem
2194 3675 2269 3734 ab
2317 3678 2538 3735 intimis
2578 3674 2659 3735 ad

533 3772 747 3832 ultima
806 3788 914 3830 seu
978 3791 1087 3850 per
1137 3781 1357 3851 totum3
1426 3794 1609 3851 quare
1657 3778 1837 3836 etiam
1885 3776 2132 3851 dicitur,
2190 3783 2480 3852 quassata
2515 3782 2661 3835 sunt

529 3873 732 3932 omnia
767 3889 908 3932 ossa
942 3892 1092 3950 mea,
1134 3892 1278 3934 ossa
1305 3876 1642 3953 significant
1668 3876 1894 3936 ultima.
1950 3877 2021 3936 In
2048 3878 2441 3954 sequentibus
2473 3879 2658 3936 etiam

529 3976 591 4033 in
616 3972 816 4034 Medio
853 3975 1147 4051 significat
1181 3977 1243 4034 in
1268 3982 1391 4035 toto
1430 3994 1537 4035 seu
1575 3994 1687 4053 per
1713 3983 1900 4035 totum
1918 3997 1934 4053 3
1976 3977 2138 4054 apud
2164 3978 2408 4056 Esajam
2447 3975 2661 4051 „Erit

465 4126 472 4132 .
528 4073 599 4136 in
622 4071 840 4135 Medio
879 4079 1101 4151 bewae,
1146 4074 1217 4136 in
1243 4073 1461 4136 Medio
1481 4072 1887 4155 populorum,
1924 4077 2092 4139 sieut
2126 4078 2439 4141 strictwra
2465 4074 2661 4147 oleae,

528 4174 697 4237 sicut
753 4175 1210 4238 racemationes
1284 4174 1539 4255 quando
1610 4177 2048 4241 consummata
2107 4183 2206 4240 est
2267 4176 2598 4240 vindemia
2618 4177 2655 4209 “
