2791 4778
318 356 557 413 CAPUT
597 346 901 411 SEmeu.
1707 354 1917 410 VERS:
1968 366 2020 416 5.
2183 366 2291 419 239
2357 353 2360 354 ’

175 529 300 579 tunc
350 524 522 577 esset
571 534 772 593 pugna
821 533 895 574 ex
941 515 1160 575 Divino
1207 515 1399 586 Vero,
1454 516 1726 574 videatur
1773 532 1965 591 supra
2016 534 2085 574 n:
2147 517 2284 577 355

171 620 242 679 ad
271 620 406 679 359
429 662 448 693 ,
507 635 648 676 nam
681 633 791 692 per
826 615 1089 675 Leonem
1127 617 1496 692 significatur
1534 619 1801 692 potentia
1848 633 2003 693 quae
2042 622 2137 675 est
2173 617 2293 676 Di-

170 722 296 778 vino
332 718 537 778 Vero:
594 736 730 778 cum
765 716 1092 775 secundum
1136 717 1374 775 Animal
1425 717 1731 792 loquutum
1786 722 1907 789 est,
1967 716 2125 793 quod
2162 723 2293 777 erat

170 819 347 879 simile
382 818 633 887 Vitulo,
696 817 1053 875 describitur
1094 817 1394 875 secundus
1443 822 1639 875 status
1678 834 1880 875 eorum
1920 819 2020 893 qui
2056 818 2132 875 ab
2166 818 2289 877 Ec·-

172 920 369 993 clesia,
429 919 601 994 quod
636 934 851 992 nempe
888 917 1106 974 bonum
1143 919 1223 975 sit
1259 916 1665 993 deperditum,
1723 917 1994 976 videatur
2028 935 2103 975 n:
2149 918 2282 977 361

172 1019 239 1078 ad
276 1021 450 1094 3673
492 1036 608 1095 per
636 1018 883 1074 vitulum
924 1018 1081 1074 enim
1115 1016 1486 1092 significatur
1520 1016 1740 1074 bonum
1769 1016 2108 1076 Ecclesiae:
2149 1034 2286 1076 cum

172 1121 400 1177 tertium
435 1117 684 1177 Animal
718 1117 1030 1193 loquutum
1068 1124 1190 1190 est,
1247 1116 1413 1192 quod·
1456 1123 1585 1174 erat
1633 1116 1829 1193 quoad
1872 1117 2086 1176 faciem
2135 1119 2294 1176 sicut
2359 1141 2362 1142 ⁷

173 1202 386 1293 Homo,
446 1218 811 1277 describitur
849 1218 1062 1275 tertius
1100 1224 1291 1274 status
1331 1234 1535 1275 eorum
1576 1217 1676 1293 qui
1713 1218 1788 1275 ab
1825 1217 2132 1292 Ecclesia,
2192 1220 2294 1295 qui

173 1325 321 1391 erat,
374 1318 546 1396 quod
572 1335 687 1376 non
723 1317 978 1393 amplius
1014 1333 1220 1375 verum
1269 1318 1412 1392 quia
1447 1335 1564 1375 non
1600 1317 1847 1391 bonum,
1886 1318 2135 1394 proinde
2171 1334 2291 1377 non

177 1420 418 1496 amplius
480 1419 687 1494 aliqua
740 1419 1068 1493 sapientia,
1121 1434 1257 1474 nam
1309 1418 1499 1475 omnis
1555 1418 1851 1493 sapientia
1900 1424 1994 1476 est
2037 1420 2165 1476 veri
2214 1435 2291 1476 ex

174 1518 346 1595 bono,
385 1538 503 1596 per
544 1516 838 1576 hominem
879 1519 1034 1576 enim
1069 1517 1441 1593 significatur
1476 1519 1803 1593 sapientia:
1844 1524 1906 1577 et
1940 1535 2071 1576 cum
2103 1535 2288 1594 quar-

180 1626 293 1677 tum
328 1618 577 1678 Animal
611 1618 920 1694 loquutum
961 1622 1081 1690 est,
1137 1617 1295 1693 quod
1346 1624 1475 1675 erat
1514 1617 1706 1675 simile
1747 1617 2004 1695 AquiIae
2040 1618 2285 1692 volanti,

182 1719 533 1778 describitur
575 1725 832 1800 quartus>
862 1724 1056 1775 status
1095 1734 1298 1775 eorum
1333 1719 1433 1792 qui
1460 1718 1536 1775 ab
1564 1717 1854 1793 Ecclesia,
1896 1717 2055 1794 quod
2091 1723 2295 1777 essent

180 1821 234 1876 in
257 1819 422 1878 malis
456 1828 523 1879 et
550 1818 685 1877 inde
712 1818 897 1890 falsie,
936 1819 1020 1875 ita
1046 1832 1163 1875 non
1191 1818 1250 1874 in
1276 1817 1477 1893 aliqua
1504 1816 1911 1894 intelligentia,
1947 1834 2059 1895 per
2095 1818 2288 1895 Aqui-

182 1918 287 1976 lam
336 1923 495 1978 enim
534 1918 899 1994 significatur
933 1916 1355 1993 intelligentia:
1416 1935 1488 1976 ex
1539 1918 1632 1976 his
1671 1925 1873 1994 patet,
1930 1918 2090 1993 quod
2139 1935 2291 1994 qua-

184 2025 304 2077 tuor
338 2019 641 2079 Animalia
678 2017 880 2078 ordine
920 2017 1168 2093 loquuta
1203 2020 1322 2075 sint
1356 2018 1685 2077 secundum
1725 2018 2288 2095 correspondentias

187 2134 253 2176 ex
292 2122 591 2197 opposite.

331 2222 491 2279 371.
551 2218 709 2278 Veni
747 2225 805 2277 et
840 2220 1079 2293 aspice,
1121 2216 1280 2293 quod
1314 2216 1609 2294 significet
1646 2218 2031 2276 attentionem
2065 2223 2124 2275 et
2147 2234 2293 2292 per-

193 2323 545 2395 ceptionem,
600 2325 832 2378 constat
869 2320 1043 2376 etiam
1100 2336 1175 2375 ex
1227 2317 1345 2376 illis
1383 2333 1539 2394 quae
1575 2332 1761 2394 supra
1795 2336 1866 2375 n:
1920 2317 2058 2376 354
2100 2314 2296 2392 expli-

200 2425 323 2476 cata
353 2426 517 2495 sunt,
573 2421 675 2480 ubi
711 2419 927 2478 similia
954 2418 1157 2477 verba.

352 2521 500 2578 372.
577 2521 653 2578 Et
702 2536 842 2578 ecce
884 2519 1090 2597 Equus
1132 2521 1329 2594 niger,
1400 2517 1558 2595 quod
1602 2515 1895 2594 significet
1927 2515 2296 2594 intellectum

203 2614 372 2676 Verbi
429 2620 803 2699 deperditum
866 2618 1063 2695 quoad
1126 2636 1364 2693 verum,
1451 2624 1685 2679 constat
1730 2635 1804 2676 ex
1866 2596 2295 2693 significatione

198 2716 358 2794 Equi,
416 2722 578 2798 quod
633 2722 712 2780 sit
758 2718 1132 2793 intellectus,
1198 2719 1271 2778 de
1335 2737 1455 2795 qua
1506 2736 1692 2795 supra
1750 2736 1821 2776 n:
1883 2718 2018 2776 355
2036 2736 2053 2793 3
2112 2721 2171 2775 et
2218 2733 2294 2775 ex

196 2805 602 2894 significatione
637 2823 819 2896 nigri,
876 2818 1036 2894 quod
1071 2822 1151 2877 sit
1192 2836 1310 2878 non
1347 2838 1591 2894 verun13
1646 2821 1731 2877 ita
1758 2835 1873 2895 per
1907 2818 2144 2893 Equum
2196 2817 2291 2875 ni-

202 2932 351 2990 grum
389 2921 758 2997 significatur
811 2918 1151 2978 intellectus
1203 2919 1547 2996 deperditus
1602 2917 1798 2995 quoad
1843 2934 2048 2976 verum
2061 2937 2078 2994 3
2136 2916 2297 2994 quod

196 3018 342 3092 niger
377 3021 675 3098 significet
714 3038 830 3079 non
868 3037 1109 3093 verum,
1179 3025 1272 3078 est
1310 3023 1452 3095 quia
1488 3018 1687 3077 album
1727 3019 2022 3095 significat
2055 3034 2292 3092 verum3

199 3119 334 3190 quod
358 3122 560 3180 album
599 3122 829 3179 dicatur
865 3120 937 3178 de
967 3135 1129 3193 vero,
1172 3127 1231 3178 et
1265 3120 1557 3195 significet
1591 3119 1755 3191 illud,
1797 3119 2070 3178 videatur
2106 3134 2296 3194 supra

197 3231 256 3274 n:
312 3222 481 3281 196:
539 3221 696 3298 quod
739 3220 940 3278 album
993 3219 1224 3277 dicatur
1259 3219 1332 3277 de
1369 3237 1513 3278 vero
1554 3228 1611 3277 et
1648 3220 1940 3296 significet
1972 3217 2150 3291 illud,
2202 3222 2296 3276 est

200 3312 316 3390 quia
347 3321 548 3379 album
585 3323 870 3397 originem
908 3320 1070 3378 ducit
1106 3336 1180 3377 ex
1218 3318 1475 3378 candore
1512 3319 1697 3391 luciS‚
1756 3325 1815 3378 et
1850 3319 1953 3377 lux
1994 3317 2290 3393 significat

199 3431 408 3496 verum3
468 3427 530 3479 et
579 3421 737 3498 quod
786 3423 1018 3496 nigrum
1071 3419 1301 3477 dicatur
1352 3419 1425 3478 de
1470 3436 1586 3478 non
1634 3436 1811 3490 vero,
1888 3425 1947 3475 et
2002 3415 2298 3490 significet

201 3513 349 3592 illud,
401 3528 499 3581 est
524 3523 665 3596 quia
699 3522 932 3595 nigrum
968 3520 1254 3595 originem
1290 3519 1454 3578 ducit
1492 3537 1567 3579 ex
1598 3516 1859 3577 tenebris
1890 3532 1997 3574 seu
2039 3531 2114 3571 ex
2154 3514 2283 3588 pri-

200 3620 412 3681 vatione
450 3622 634 3693 lucie,
693 3627 752 3679 et
787 3620 1105 3693 tenebrae,
1163 3621 1302 3695 quia
1330 3621 1614 3679 existunt
1634 3635 1705 3677 ex
1743 3614 2079 3692 privatione
2115 3612 2291 3679 lucie,

204 3715 511 3791 significant
544 3722 940 3797 ignorantiam
978 3721 1122 3778 veri.
1203 3718 1382 3795 Quod
1419 3720 1626 3795 Equus
1665 3719 1833 3793 niger
1865 3714 1962 3772 hic
1998 3711 2294 3789 significet

202 3812 543 3880 intellectum
586 3820 775 3880 Verbi
812 3819 1187 3896 deperditum
1231 3819 1430 3895 quoad
1477 3836 1723 3889 verum,
1791 3819 1971 3875 etiam
2015 3819 2186 3891 patet
2224 3830 2300 3872 ex

210 3915 610 3990 significatione
647 3921 801 3996 Equi
851 3920 991 3992 rufi,
1058 3919 1130 3976 de
1184 3937 1300 3994 quo
1351 3936 1565 3995 supra,
1621 3916 1779 3994 quod
1827 3918 1905 3974 sit
1955 3914 2299 3974 intellectus

206 4010 522 4090 deperditus
563 4021 762 4096 quoad
794 4020 1044 4090 bonum3
1099 4020 1160 4075 in
1199 4018 1476 4078 Ecclesia
1513 4020 1695 4076 etiam
1731 4033 2023 4076 successu
2059 4022 2301 4091 tempo-

208 4114 275 4171 ris
305 4123 551 4192 primum
587 4123 744 4196 perit
776 4120 1026 4188 bonum,
1076 4127 1135 4177 et
1171 4118 1306 4178 dein
1340 4137 1577 4188 verum,
1620 4125 1680 4176 et
1717 4119 1957 4177 tandem
1991 4117 2125 4175 loco
2160 4115 2304 4173 boni

208 4220 444 4278 succedit
494 4220 746 4293 malum,
815 4226 875 4280 et
939 4219 1071 4278 loco
1137 4221 1267 4277 veri
1314 4218 1564 4293 falsun13
1632 4218 1729 4275 hic
1795 4218 2044 4276 ultimus
2108 4221 2301 4272 status
