2791 4778
405 373 639 427 CAPUT
682 371 999 429 SEXTUM.
1733 372 1915 445 vmts
1934 393 1946 426 z
1995 383 2085 436 15.
2241 385 2352 439 469

232 533 397 591 nales
454 533 721 608 spirituS,
782 537 844 589 at
897 529 1290 590 occluduntur
1345 530 1580 607 quando
1632 534 1884 593 immissi
1927 541 2091 611 sunt;
2150 537 2347 597 aditus

227 634 311 692 illi
348 636 413 691 in
464 632 664 693 Verbo
702 638 994 692 vocantur
1028 638 1238 708 portae
1288 613 1532 706 inferni}
1585 634 1643 690 in
1695 636 1878 709 petris
1920 642 2119 694 autem
2158 655 2353 714 appa-

225 741 353 793 rent
395 734 596 792 aditus
637 733 725 791 illi
761 735 916 791 sicut
949 733 1201 791 fissurae
1246 734 1305 789 in
1354 750 1539 808 rupe,
1598 741 1657 791 et
1704 736 1762 791 in
1812 735 2165 810 quibusdam
2201 737 2351 797 locis

224 836 382 895 sicut
443 836 736 893 foramina
785 835 989 912 variae
1038 841 1360 909 aperturae
1374 854 1392 908 3
1451 834 1836 911 caliginosum
1882 839 1943 894 in
1993 840 2183 913 portis
2231 838 2349 904 illis

221 953 327 995 seu
368 937 550 993 ostiis
588 940 842 1011 apparet
878 933 1265 1010 caliginosum
1308 933 1479 991 bonis
1515 935 1821 1011 spiritibus
1861 943 1919 995 et
1953 938 2200 1013 angelisz,
2240 939 2348 997 sed

218 1045 281 1096 ut
322 1037 700 1117 luminosum
736 1034 909 1093 malis
960 1033 1302 1111 spiritibus,
1356 1051 1540 1093 causa
1580 1043 1672 1094 est
1708 1039 1848 1111 quia
1882 1054 2002 1096 non
2037 1037 2143 1098 lux
2180 1037 2351 1097 Coeli

215 1138 295 1202 ibi
334 1142 471 1210 est,
527 1137 637 1195 sed
670 1134 873 1194 lumen
909 1134 1174 1204 fatuum,
1229 1135 1387 1210 quod
1427 1141 1518 1193 est
1568 1136 1768 1194 lumen
1805 1139 2077 1197 naturale
2117 1139 2347 1215 absque

216 1237 555 1316 spirituali,
613 1243 674 1294 at
709 1236 1063 1294 luminosum
1115 1234 1349 1293 illorum
1397 1253 1515 1293 non
1559 1243 1651 1294 est
1699 1238 1853 1294 sieut
1892 1221 2251 1298 luminosum
2288 1242 2349 1298 in

215 1339 450 1399 mundo
487 1337 777 1409 interdiu,
834 1336 940 1394 sed
991 1339 1146 1394 sicut
1190 1343 1541 1395 nocturnum
1576 1354 1684 1412 pro
1721 1336 2091 1413 bubonibus,
2147 1341 2346 1416 talpis,

216 1441 466 1501 noctuis
505 1445 565 1496 et
604 1436 1157 1512 vespertilionibus,
1216 1454 1368 1512 quae
1405 1439 1464 1494 in
1500 1435 1635 1495 luce
1672 1437 1789 1495 diei
1824 1437 1969 1496 nihil
2003 1440 2234 1517 vident,
2291 1449 2351 1502 et

214 1542 355 1600 inde
404 1538 526 1597 illis
562 1538 667 1596 lux
705 1538 823 1595 diei
859 1538 1058 1612 caligo
1097 1543 1218 1609 est,
1270 1537 1378 1595 sed
1416 1537 1697 1596 tenebrae
1733 1541 1924 1597 noetis
1961 1540 2192 1617 lumen3
2253 1544 2344 1603 vi-

217 1659 323 1701 sus
359 1625 610 1700 illorum
648 1637 783 1696 talis
830 1645 956 1707 est,
1006 1639 1145 1713 quia
1180 1637 1470 1697 formatus
1510 1656 1585 1697 ex
1618 1639 1788 1697 salsis
1832 1647 1890 1696 et
1926 1641 2135 1712 malis,
2192 1658 2345 1716 quae

217 1744 278 1800 in
308 1760 380 1802 se
423 1748 562 1798 sunt-
606 1738 887 1796 tenebrae
926 1744 986 1795 et
1025 1738 1252 1814 calig03
1300 1746 1669 1816 quapropter
1707 1743 1887 1799 etiam
1919 1760 2030 1818 per
2068 1742 2347 1800 tenebras

219 1846 279 1900 in
317 1840 530 1902 Verbo
583 1838 991 1915 significantur
1037 1838 1190 1896 falsa
1238 1842 1426 1898 omnis
1465 1842 1732 1916 generis,
1795 1848 1855 1899 et
1888 1860 1998 1918 per
2034 1842 2345 1920 caliginem

219 1944 383 2002 falsa
416 1941 580 1999 mali.
636 1940 726 1997 Ex
763 1938 854 1997 his
895 1945 1168 1998 constare
1206 1947 1436 2017 potest,
1478 1942 1619 2017 quid
1645 1943 2011 2018 significatur
2045 1961 2156 2019 per
2191 1944 2350 2021 quod

224 2042 652 2103 absconderint
703 2057 769 2098 se
816 2042 873 2097 in
932 2038 1235 2115 speluncis
1252 2084 1267 2113 ,
1343 2040 1503 2115 quod
1546 2058 1759 2116 nempe
1811 2043 1869 2097 in
1930 2042 2106 2100 malis
2160 2046 2343 2117 vitae,

220 2144 399 2205 bonis
439 2142 601 2218 apud
651 2140 784 2200 illos
821 2140 1181 2217 deperditis:
1238 2140 1397 2215 quod
1441 2139 1599 2197 mala
1650 2142 1808 2197 vitae
1860 2158 1972 2215 per
2023 2140 2348 2216 speluncas

225 2245 677 2320 significentur,
733 2247 825 2300 est
862 2260 934 2298 ex
973 2241 1182 2299 eadem
1219 2258 1434 2309 causa,
1488 2258 1562 2298 ex
1600 2256 1718 2316 qua
1752 2247 1984 2298 montes
2014 2241 2350 2316 significant

226 2345 398 2403 bona
430 2345 611 2418 vitae,
665 2359 878 2418 nempe
918 2344 1058 2417 qnia
1095 2342 1247 2402 tales
1302 2348 1442 2400 sunt
1489 2343 1592 2418 qui
1626 2340 1732 2416 ibi,
1789 2358 1926 2400 nam
1962 2357 2179 2402 sensus
2215 2344 2345 2420 spi-

238 2444 474 2504 ritualis
507 2446 675 2503 modo
708 2449 941 2519 spectat
980 2443 1135 2500 mala
1172 2449 1274 2501 aut
1312 2442 1470 2501 bona
1508 2443 1810 2503 abstracte
1849 2461 1884 2502 a
1918 2443 2067 2503 locis
2108 2449 2167 2501 et
2202 2460 2346 2519 per-

235 2547 429 2619 sonis,
492 2545 689 2621 qualia
739 2550 876 2602 sunt
924 2545 983 2601 in
1030 2542 1146 2612 illis
1194 2550 1251 2602 et
1307 2545 1468 2619 apud
1511 2544 1677 2614 illos,
1754 2551 1818 2602 ut
1873 2560 2106 2619 quoque
2156 2560 2344 2618 supra

229 2646 546 2723 aliquoties
586 2647 805 2704 dictum
845 2651 955 2702 est.
1022 2643 1109 2700 Ex
1147 2645 1239 2702 his
1279 2654 1554 2704 constare
1592 2650 1822 2720 potest,
1876 2643 2017 2721 quid
2052 2646 2115 2702 in
2139 2643 2343 2702 Verbo

150 2730 153 2731 ⁷
223 2749 597 2825 significatur
633 2764 740 2823 per
776 2744 1130 2831 speluncam,
1175 2762 1498 2816 cavernas,
1556 2751 1829 2820 cryptaS,
1880 2745 2195 2817 foramina,
2235 2743 2340 2801 fis-

220 2865 398 2908 suras
456 2858 516 2906 et
563 2850 741 2905 rimas
792 2854 1098 2920 petrarum
1150 2853 1209 2902 et
1246 2847 1566 2915 montium,
1621 2845 1680 2901 in
1728 2845 2122 2920 sequentibus
2162 2844 2338 2920 locis;

218 2951 385 3027 apud
423 2949 671 3025 Esajam
717 2944 950 3021 „Intra
1007 2945 1076 3004 in
1114 2949 1369 3023 petram
1417 2940 1476 3003 et
1522 2943 1827 3005 absconde
1868 2951 1927 3005 te
1961 2945 2030 3007 in
2070 2944 2345 3026 pulvere,

205 3055 482 3130 propter
527 3066 830 3128 pavorem
887 3044 1182 3116 Jehovae,
1253 3052 1313 3106 et
1358 3065 1522 3126 prae
1572 3043 1788 3126 floria
1836 3047 2348 3129 maynificentiae

215 3150 496 3232 Ipsiu3,·
544 3168 696 3209 nam
742 3145 879 3206 dies
932 3145 1206 3207 Jehovae
1244 3147 1529 3209 Zebaoth
1576 3167 1767 3228 super
1810 3167 2051 3209 omnem
2088 3146 2343 3228 mayroi-

202 3254 415 3333 fieum
465 3257 524 3311 et
571 3246 805 3317 altum,
868 3253 927 3307 et
975 3267 1164 3327 saper
1212 3268 1454 3310 omnem
1504 3246 1743 3310 elatum
1788 3257 1847 3310 et
1889 3247 2218 3323 humilem,
2288 3253 2347 3307 et

213 3372 421 3434 super
463 3369 674 3410 omnes
710 3346 927 3409 cedros
961 3347 1202 3408 Libani
1236 3348 1411 3410 altas
1451 3356 1514 3419 et,
1543 3346 1780 3416 elatas,
1816 3354 1873 3407 et
1910 3369 2099 3426 super
2133 3365 2345 3408 omne-3

214 3471 495 3533 quereus
538 3449 939 3523 Baccha-nie,
1004 3455 1062 3508 et
1102 3468 1291 3529 super
1339 3465 1550 3508 omnes
1604 3453 1841 3505 montes
1883 3445 2051 3505 altos
2063 3491 2079 3520 ,
2136 3454 2195 3506 et
2232 3466 2344 3507 ,ςυν

200 3575 330 3633 per
377 3538 588 3635 om-nes
625 3547 814 3610 colles
859 3546 1076 3623 elat03,
1133 3557 1192 3610 et
1239 3568 1428 3628 super
1466 3563 1704 3605 omnem
1742 3545 1975 3604 turrim
2010 3542 2343 3614 excelsam,

212 3661 274 3715 et
321 3671 520 3732 super
573 3670 815 3712 omnem
857 3668 1116 3710 murum
1158 3650 1501 3722 munitum,
1557 3653 1616 3705 et
1664 3663 1851 3725 super
1904 3664 2114 3705 omnes
2152 3663 2344 3704 naves

218 3751 689 3826 Tharsohisclz,
745 3756 804 3810 et
854 3769 1042 3833 super
1094 3767 1303 3809 omnes·
1349 3748 1665 3829 imayines
1719 3744 2054 3817 desiderii,
2111 3749 2183 3806 ut
2231 3742 2339 3802 de-

203 3855 550 3936 primatur
595 3852 889 3931 superbia
944 3848 1221 3909 hominis
1241 3895 1256 3924 ,
1311 3855 1370 3909 ec
1419 3846 1791 3910 humilietur
1838 3843 2117 3907 altitudo
2169 3845 2340 3905 viro-

212 3973 402 4030 rum,
460 3961 519 4013 et
561 3951 883 4014 ewaltetur
920 3950 1202 4012 Jehovah
1246 3946 1423 4010 solus
1474 3949 1544 4009 in
1585 3948 1690 4009 die
1735 3944 1888 4020 mo,-
1949 3951 2010 4006 εἰ
2051 3944 2231 4007 idola
2273 3945 2344 4006 in

199 4058 483 4136 fumum
520 4054 808 4123 abibunt,
875 4057 932 4112 et
989 4052 1317 4113 intraha-nt
1360 4050 1431 4112 in
1479 4046 1813 4130 speluncas
1858 4055 2219 4128 petroerum,
2284 4052 2344 4106 et

217 4159 295 4219 in
338 4156 628 4237 fissuras
669 4150 960 4235 pulveris
976 4196 993 4227 ,
1057 4159 1318 4232 propter
1362 4170 1665 4232 pavorem
1715 4148 2020 4225 Jehovae,
2088 4155 2147 4210 et
2180 4167 2356 4230 prae·

219 4254 443 4339 ρῐονὶα
471 4254 983 4337 maynifloentz‘ae
1018 4251 1272 4333 Ipsina,
1324 4249 1578 4332 quando
1602 4255 1835 4333 ’eur-yet
1870 4248 1959 4312 ad
1984 4250 2347 4316 terrendum.
