2791 4778
424 391 534 446 180
850 378 1344 435 APOCAYLPSIS
1385 378 1820 437 EXPLIGATA.
1891 379 1941 449 §.
1985 389 2115 444 355.

419 541 533 600 ῠαε
568 536 775 618 iyneis
803 539 1039 598 circum
1066 533 1455 599 Elisaeum“
1492 537 1555 598 H
1577 537 1740 615 Reg:
1778 537 1870 600 11:
1917 541 1946 596 1
1968 542 2026 599 1.
2063 539 2169 597 12.
2229 538 2396 615 Cap:
2426 536 2530 600 VI:

432 645 538 699 17.
578 637 741 714 Cap:
771 637 957 696 XIII:
995 640 1103 714 143
1160 655 1346 697 causa
1371 643 1491 712 est,
1532 640 1672 714 quia
1704 643 1979 715 uterque,
2012 644 2131 697 tam
2159 638 2328 698 Elias
2361 655 2538 717 quam

419 738 726 811 Elisaeus,
790 744 1320 814 repraesentarunt
1352 738 1673 796 Dominum
1726 737 1925 814 quoad
1958 737 2266 810 Verbum,
2321 745 2387 798 et
2430 757 2538 816 per

423 836 647 899 Currus
684 833 1050 911 significatur
1098 839 1365 902 doctrina
1421 855 1453 897 e
1487 837 1720 911 Verbo,
1779 845 1839 896 et
1873 855 1983 914 per
2016 839 2268 912 Equites
2310 839 2536 899 intelli-

419 939 649 1015 gentia:
708 935 865 1011 quod
922 936 1087 995 Elias
1150 943 1209 995 et
1242 937 1522 996 Elisaeus
1582 940 2171 1013 repraesentaverint
2206 937 2534 998 Dominum

420 1036 618 1114 quoad
667 1035 968 1105 Verbum,
1027 1036 1301 1095 videatur
1361 1056 1433 1095 n:
1497 1038 1707 1095 7643.
1767 1039 1977 1120 8029.
2045 1040 2261 1095 9372.
2361 1037 2538 1114 Quod

421 1135 643 1197 Currus
684 1142 746 1194 et
778 1136 932 1210 Equi
966 1135 1301 1211 significent
1336 1136 1688 1195 Doctrinam
1724 1142 1784 1194 et
1819 1136 2185 1195 intellectum
2224 1137 2387 1213 ejus»,
2424 1138 2529 1196 ad-

414 1236 533 1295 huc
568 1241 842 1295 constare
880 1241 1080 1311 potest
1125 1252 1162 1293 a
1209 1252 1391 1294 sensu
1434 1253 1637 1293 eorum
1677 1237 1986 1311 opposito,
2038 1238 2099 1293 in
2148 1253 2268 1311 quo
2321 1253 2531 1296 currus

416 1341 477 1392 et
524 1337 663 1410 equi
707 1335 1042 1410 significant
1078 1335 1376 1393 doctrinas
1414 1335 1554 1393 salsi
1589 1343 1648 1393 et
1683 1334 2012 1394 scientifica
2046 1335 2197 1393 salsa
2236 1354 2313 1395 ex
2351 1336 2526 1395 intel-

415 1434 659 1493 lectuali
695 1451 1019 1511 perverso:
1059 1433 1349 1510 pleraque
1388 1437 1544 1492 enim
1579 1436 1640 1492 in
1668 1434 1872 1493 Verbo
1908 1436 2250 1511 oppositum
2288 1453 2529 1495 sensum

414 1533 655 1608 habent,
697 1550 770 1592 ex
802 1551 919 1610 quo
957 1533 1147 1592 videri
1181 1540 1387 1610 potest
1423 1534 1566 1610 quid
1602 1532 1812 1592 eadem
1848 1536 1906 1593 in
1941 1536 2199 1610 genuino
2229 1552 2420 1595 sensu
2444 1538 2524 1594 si·-

370 1695 375 1700 ,
413 1633 711 1711 gnificant.
779 1632 954 1708 Quod
991 1632 1216 1692 Currus
1255 1639 1316 1692 et
1349 1633 1503 1708 Equi
1538 1635 1598 1691 in
1632 1633 1736 1693 illo
1772 1648 1954 1692 sensu
1992 1633 2137 1692 talia
2170 1635 2520 1711 significent,

212 1755 372 1818 [465]
413 1737 687 1791 constare
741 1738 944 1807 potest
1004 1749 1074 1789 ex
1125 1732 1514 1808 sequentibus
1557 1732 1653 1792 his
1698 1732 1878 1807 locis3
1934 1733 2096 1809 apud
2143 1732 2520 1793 Ezechielem

411 1829 628 1907 „Ecce
670 1829 1072 1890 adducturus
1114 1839 1332 1892 contra
1371 1831 1617 1911 Tyrum
1656 1850 1865 1912 reyem
1890 1830 2160 1893 Babelz's
2198 1852 2243 1892 a
2278 1839 2516 1912 septen-

409 1930 634 2007 trione,
690 1948 832 1991 cum
866 1928 1051 2008 Equo
1087 1934 1146 1990 et
1183 1949 1327 1991 cum
1364 1928 1603 2005 O‘awu,
1659 1937 1718 1992 et
1756 1949 1897 1992 cum
1930 1930 2299 2010 Equitibas,
2334 1931 2516 2013 filias

408 2038 557 2092 tuas
610 2030 679 2090 in
733 2047 891 2109 cyro
930 2026 1155 2110 yladio
1212 2030 1447 2091 occidet
1461 2050 1488 2102 ;
1541 2049 1704 2109 prae
1754 2030 2152 2091 abundantia
2185 2030 2514 2110 Equorum

405 2129 541 2211 ejus
582 2131 816 2210 obteget
854 2135 912 2189 te
937 2127 1160 2208 pulvis
1194 2148 1437 2202 eorum,
1480 2149 1644 2210 prae
1684 2148 1827 2190 voce
1850 2128 2120 2209 Equiti-9
2157 2139 2217 2193 et
2255 2138 2432 2193 rotae
2465 2136 2520 2191 et

407 2227 652 2291 Gar-rus
696 2230 1233 2290 commovebuntur
1287 2229 1461 2290 muri
1510 2229 1638 2305 tui,
1683 2249 1805 2308 per
1861 2227 2153 2310 Unyulas
2191 2229 2518 2310 Equorum

404 2348 664 2393 suorum
716 2327 1097 2391 conculcabit
1146 2347 1356 2391 omnes
1395 2326 1655 2410 plateas
1694 2334 1882 2402 tuas,·
1939 2326 2258 2410 populum
2296 2328 2517 2411 yladio

406 2431 686 2492 occidet“
743 2430 989 2491 XXVI:
1036 2436 1094 2490 7.
1140 2432 1198 2489 8.
1242 2433 1349 2488 10.
1401 2434 1478 2487 11
1503 2450 1521 2506 ;
1576 2447 1686 2506 per
1721 2430 1943 2507 Tyrum
1995 2431 2364 2507 significatur
2401 2433 2512 2491 Ec·

405 2531 591 2590 clesia
627 2531 822 2608 quoad
859 2533 1223 2607 cognitiones
1251 2533 1406 2606 veri5
1449 2536 1508 2588 et
1540 2547 1651 2606 per
1684 2546 1884 2606 regem
1913 2530 2156 2589 Babelis
2193 2530 2514 2591 destructio

405 2633 532 2688 veri
565 2648 675 2705 per
708 2631 864 2689 falsa
899 2638 959 2689 et
992 2631 1387 2707 prophanatio
1406 2649 1423 2703 3
1475 2646 1586 2705 per
1621 2631 2090 2704 septentrionem
2139 2649 2175 2688 a
2213 2648 2331 2706 quo
2367 2648 2512 2690 ven·

406 2737 608 2799 turus,
661 2730 1027 2805 significatur
1061 2729 1219 2789 unde
1257 2745 1429 2788 omne
1465 2729 1715 2803 falsum,
1770 2732 1830 2787 in
1867 2731 2070 2804 specie
2108 2730 2406 2788 infernum
2445 2748 2514 2788 ex

409 2844 527 2904 quo
579 2831 880 2903 exsurgit3
942 2847 1054 2905 per
1109 2846 1378 2900 currum,
1434 2843 1620 2904 equos
1682 2834 1742 2886 et
1789 2831 2052 2904 equites,
2109 2829 2515 2906 significantur

408 2925 758 2984 doctrinalia
804 2927 940 2985 salsi
990 2935 1050 2986 et
1096 2930 1576 2988 ratiocinationes
1627 2944 1702 2985 ex
1735 2927 1880 3001 illis3
1935 2945 2046 3004 per
2080 2927 2233 2987 filias
2274 2929 2514 3004 quasin

407 3042 551 3102 agro
611 3025 807 3101 gladio
860 3025 1122 3101 occidet,
1176 3029 1584 3102 significantur
1635 3025 1979 3086 affectiones
2031 3030 2162 3087 veri
2223 3046 2374 3105 quas
2411 3044 2514 3106 per

407 3124 563 3184 salsa
611 3113 979 3200 exstinguet,
1030 3124 1187 3185 filiae
1235 3128 1389 3185 enim
1440 3133 1581 3187 sunt
1632 3124 1973 3185 affectiones
2020 3130 2177 3202 veri,
2236 3144 2382 3204 ager
2427 3132 2514 3186 est

406 3223 682 3283 Ecclesia
717 3223 817 3281 ubi
853 3224 1025 3295 illae,
1078 3225 1312 3301 gladius
1359 3234 1452 3284 est
1484 3242 1687 3303 pugna
1734 3226 1870 3284 falsi
1921 3233 2129 3284 contra
2166 3243 2406 3297 verum,
2457 3231 2511 3285 et

408 3324 679 3384 occidere
718 3330 810 3382 est
840 3327 1248 3402 exstinguer03
1286 3323 1423 3384 inde
1459 3331 1626 3402 patet
1662 3325 1803 3401 quid
1830 3325 2199 3401 significatur
2226 3344 2337 3403 per
2371 3340 2511 3403 prae

407 3420 771 3483 abundantia
799 3424 1103 3500 Equorum
1141 3425 1269 3501 ejus
1307 3425 1551 3501 obteget
1586 3431 1644 3483 te
1681 3426 1878 3501 pulvis
1918 3441 2149 3500 eorum,
2187 3425 2389 3502 pulvis
2427 3429 2510 3484 est

405 3526 628 3584 malum
654 3524 792 3609 falsi
805 3544 820 3598 3
875 3542 987 3601 per
1020 3541 1220 3583 muros
1268 3527 1369 3599 qui
1403 3542 1550 3601 prae
1588 3542 1737 3584 voce
1774 3526 2018 3600 equitis,
2073 3533 2241 3585 rotae
2279 3530 2342 3584 et
2376 3539 2504 3584 cur-

402 3640 505 3682 rus
544 3624 1099 3695 commovebuntur,
1157 3622 1564 3699 significantur
1611 3640 1753 3686 vcra
1794 3627 2086 3695 tutantia,
2122 3642 2277 3700 quae
2314 3625 2375 3681 in
2409 3640 2507 3699 ge-

402 3739 546 3780 nere
582 3729 753 3795 sunt,
810 3723 969 3798 quod
1003 3725 1172 3782 Deus
1210 3724 1313 3791 sit,
1366 3727 1429 3780 et
1482 3722 1640 3798 quod
1677 3722 1943 3781 Verbum
1979 3726 2054 3782 sit
2089 3724 2407 3798 Divinum,
2454 3726 2506 3780 et

408 3819 573 3901 quod
608 3824 733 3877 vita
769 3830 1013 3880 aeterna
1049 3825 1154 3895 sit,
1208 3820 1272 3878 hi
1305 3822 1458 3879 muri
1502 3838 1614 3880 seu
1648 3820 1799 3880 haec
1835 3840 1981 3881 vera
2024 3823 2303 3881 dicuntur
2351 3839 2503 3882 com-

401 3920 631 3977 moveri
676 3935 823 3993 prae
876 3935 1026 3978 voce
1077 3921 1324 3996 equitis,
1380 3926 1548 3979 rotae
1594 3927 1654 3980 et
1691 3937 1935 3996 currus,
1994 3921 2228 3998 quando
2277 3923 2338 3979 in
2399 3921 2502 3979 du·

400 4015 836 4097 biumveniunt
871 4036 978 4093 per
1004 4018 1159 4077 falsa
1185 4018 1487 4078 doctrinae
1526 4027 1585 4078 et
1608 4038 1719 4095 per
1746 4022 2226 4080 ratiocinationes
2265 4037 2338 4080 ex
2366 4020 2500 4092 illis;

400 4132 510 4191 per
546 4114 797 4191 ungulas
837 4135 1121 4192 equorum
1156 4136 1267 4195 per
1303 4136 1453 4196 quas
1484 4118 1856 4178 conculcabit
1892 4134 2095 4179 omnes
2130 4120 2387 4196 plateas,
2423 4119 2499 4176 si-

397 4215 749 4291 gnificantur
785 4223 1050 4277 extrema
1085 4220 1374 4280 naturalis
1416 4219 1702 4293 hominis,
1743 4235 1897 4295 quae
1936 4225 2222 4306 vocantur
2258 4231 2501 4278 sensua-
