2791 4778
430 420 540 471 276
875 407 1365 464 APOCALYPSIS
1410 406 1846 468 EXPLICATA.
1903 410 1949 479 §.
1994 418 2123 471 3²16.

428 570 558 641 hac,
600 566 945 627 admittatur
980 571 1038 627 in
1074 585 1315 628 sensum
1354 569 1727 646 spiritualem
1771 568 1986 640 Verbi,
2023 572 2139 629 nisi
2174 571 2234 627 in
2271 572 2541 646 genuinis

429 670 588 726 veris
638 683 705 726 ex
755 666 911 728 bono
957 671 1061 744 sit3
1119 677 1177 727 et
1226 669 1425 729 nullus
1472 672 1532 728 in
1568 672 1842 746 genuinis
1881 671 2040 729 veris
2090 688 2164 727 ex
2212 669 2369 729 bono
2406 687 2545 730 esse

429 772 656 844 potest,
715 769 830 825 nisi
880 769 1060 855 corde
1108 776 1399 846 agnoscat
1445 769 1641 828 solum
1685 770 2007 828 Dominum
2055 787 2165 846 pro
2202 769 2335 829 Deo
2375 769 2543 830 Coeli

431 875 489 927 et
548 874 777 942 terrae,
845 869 921 926 ab
972 869 1115 945 Ipso
1166 872 1319 927 enim
1375 875 1470 928 est
1508 868 1688 928 'omne
1736 870 1962 927 bonum
2014 878 2073 928 et
2121 870 2258 928 inde
2312 888 2537 928 verum.

430 967 605 1044 Quod
657 983 874 1027 sensus
922 968 1247 1044 spiritualis
1293 968 1484 1026 Verbi
1521 969 1696 1028 hodie
1743 970 2080 1045 patefactus
2131 972 2241 1041 sit,
2299 975 2359 1027 et
2407 986 2542 1028 cum

427 1068 530 1126 illo
587 1068 763 1126 etiam
820 1072 1079 1145 genuina
1126 1086 1272 1126 vera
1324 1075 1383 1127 et
1437 1070 1597 1126 bona
1650 1069 1918 1138 detecta,
1973 1075 2066 1127 est
2129 1085 2347 1142 causa,
2403 1072 2543 1146 quia

427 1168 714 1229 Ultimum
760 1167 1063 1227 Judicium
1102 1186 1136 1226 a
1172 1167 1428 1227 Domino
1470 1174 1785 1243 peractum
1837 1175 1958 1240 est,
2013 1174 2072 1227 et
2118 1172 2205 1228 sic
2253 1171 2455 1227 omnia
2488 1171 2544 1227 in

428 1270 629 1329 Coelis
668 1274 725 1326 et
760 1270 817 1325 in
865 1269 1110 1326 infernis
1146 1270 1206 1327 in
1243 1268 1506 1327 ordinem
1542 1268 1792 1327 redacta
1829 1275 2000 1340 sunt,
2054 1275 2113 1327 et
2147 1287 2262 1345 per
2301 1268 2363 1326 id
2391 1286 2539 1345 pro-

425 1370 615 1429 videri
652 1388 688 1428 a
725 1368 982 1427 Domino
1019 1374 1251 1443 potest,
1306 1385 1379 1426 ne
1418 1370 1690 1444 genuinis
1726 1369 1886 1426 veris
1930 1374 1990 1427 et
2024 1368 2195 1427 bonis
2215 1414 2234 1444 ,
2293 1385 2448 1445 quae
2486 1371 2543 1427 in

428 1486 610 1528 sensu
647 1467 944 1545 spirituali
972 1468 1156 1526 Verbi
1199 1475 1370 1544 sunt,
1416 1468 1661 1544 aliquod
1701 1468 1976 1526 damnum
2020 1470 2339 1543 inseratur,
2379 1467 2544 1544 quod

426 1570 593 1646 prius
630 1587 746 1627 non
796 1570 1015 1643 potuit,
1073 1564 1344 1627 videatur
1388 1570 1447 1625 in
1486 1567 1795 1643 Opusculo
1849 1568 1929 1627 de·
1969 1567 2233 1628 Umimo
2284 1568 2542 1628 Jumcro

427 1689 495 1728 n:
543 1676 574 1727 7
593 1672 650 1728 3.
728 1667 901 1743 Quod
938 1667 1158 1727 Vinum
1195 1667 1489 1744 significet
1531 1668 1751 1726 bonum
1785 1669 2126 1744 spirituale,
2183 1685 2294 1727 seu
2320 1667 2545 1727 bonum

427 1770 730 1827 charltatis
794 1773 852 1823 ot
897 1767 1116 1825 bonum
1160 1768 1325 1841 fidei,
1384 1767 1543 1843 quod
1592 1770 1653 1825 in
1698 1783 1811 1825 sua
1857 1770 2119 1826 essentia
2164 1774 2259 1826 est
2312 1785 2540 1842 verum,

427 1874 701 1927 constare
738 1872 937 1940 potest
975 1884 1048 1924 ex
1089 1869 1482 1943 sequentibus
1516 1867 1663 1926 locis
1705 1867 1765 1924 in
1804 1867 2038 1942 Verb03
2097 1868 2259 1944 apud
2295 1869 2543 1945 Esajam

429 1966 706 2042 „Omnis
752 1965 976 2025 sitiens
1029 1967 1116 2025 ite
1166 1966 1257 2027 ad
1294 1985 1528 2045 aquas,
1585 1972 1644 2026 et
1687 1965 1795 2027 cui
1842 1985 1966 2026 non
2011 1974 2376 2046 amentum,
2437 1969 2541 2042 ite,

424 2066 639 2142 emite,
678 2056 737 2126 εὖ
763 2065 1087 2141 comedite,
1138 2067 1322 2127 emite
1349 2067 1485 2126 sine
1520 2072 1781 2146 amento
1809 2073 1869 2127 et
1907 2067 2045 2127 sine
2070 2067 2280 2146 pretio
2320 2067 2546 2129 vinum

425 2173 483 2228 et
528 2164 675 2228 Zac“
720 2166 859 2225 LV:
907 2169 976 2240 13
1034 2167 1193 2242 quod
1228 2168 1323 2225 hic
1359 2185 1477 2225 non
1512 2169 1721 2241 vinum,
1760 2174 1818 2225 et
1853 2165 1982 2241 lac,
2042 2185 2198 2242 quae
2253 2170 2379 2226 sine
2437 2186 2539 2226 ar-

425 2276 603 2346 gento
659 2273 953 2336 emerent,
1006 2267 1445 2343 intelligantur,
1506 2270 1758 2344 quisque
1809 2267 2014 2326 videre
2060 2274 2292 2343 potest,
2349 2284 2544 2342 quare

319 2445 327 2450 .
424 2387 535 2447 per
571 2371 767 2428 vinum
817 2375 876 2426 et
921 2366 1016 2426 lac
1070 2367 1479 2443 significantur
1525 2367 1886 2443 spiritualia,
1939 2385 2153 2444 nempe
2192 2385 2304 2445 per
2335 2370 2544 2428 vinum

424 2470 734 2548 spirituale
770 2468 1017 2543 bonum,
1075 2468 1232 2544 quod
1265 2471 1327 2527 in
1363 2485 1475 2526 sua
1512 2470 1776 2526 essentia
1820 2474 1913 2526 est
1947 2485 2189 2541 verum,
2253 2475 2318 2526 ut
2351 2485 2544 2546 supra

424 2571 646 2629 dictum
682 2574 802 2641 est,
853 2587 963 2644 per
991 2568 1085 2626 lac
1124 2574 1323 2626 autem
1357 2567 1577 2626 bonum
1615 2568 1782 2626 illius
1811 2569 1967 2643 veri3
2025 2568 2185 2644 quod
2219 2568 2324 2627 illa
2349 2572 2541 2643 gratis

426 2672 637 2727 dentur
675 2690 711 2728 a
745 2669 999 2727 Domino
1037 2668 1154 2726 illis
1198 2671 1298 2742 qui
1340 2669 1399 2726 in
1436 2670 1774 2744 ignorantia
1807 2670 1936 2726 veri
1974 2674 2033 2726 et
2068 2668 2206 2726 boni
2249 2674 2425 2742 sunt,
2487 2675 2543 2727 et

425 2779 623 2827 tamen
658 2772 718 2827 in
758 2769 1052 2827 desiderio
1079 2768 1332 2842 illorum,
1372 2766 1740 2844 significatur
1775 2784 1884 2844 per
1919 2769 2017 2826 cui
2052 2786 2169 2826 non
2209 2775 2540 2845 argentum,

424 2872 538 2937 ite,
595 2871 817 2944 emite,
850 2875 909 2926 et
944 2869 1269 2944 comedite,
1312 2869 1487 2927 emite
1525 2869 1652 2927 sine
1690 2874 1967 2944 argent03
2010 2886 2209 2928 emere
2245 2868 2541 2944 significat

427 2969 541 3028 sibi
578 2984 956 3043 comparare,
1017 2977 1077 3028 et
1129 2969 1443 3030 comedere
1491 2968 1605 3026 sibi
1654 2967 2077 3044 appropriare,
2135 2969 2293 3044 quod
2327 2969 2391 3026 fit
2430 2986 2539 3044 per

428 3068 887 3145 applicationem
925 3070 1079 3128 sicut
1116 3084 1189 3128 ex
1224 3086 1290 3130 se
1310 3088 1325 3145 3
1382 3069 1542 3145 quod
1575 3068 1663 3126 illi
1699 3071 1798 3144 qui
1834 3071 1894 3126 in
1929 3069 2265 3144 ignorantia
2309 3071 2440 3126 veri
2477 3074 2535 3127 et

226 3188 384 3251 3523]
424 3170 566 3229 boni
604 3174 663 3225 et
704 3184 895 3244 usque
933 3171 993 3227 in
1031 3169 1328 3229 desiderio
1366 3169 1607 3227 illorum
1643 3175 1810 3243 sunt,
1870 3169 2314 3244 intelligantur,
2347 3173 2529 3244 patet,

430 3285 561 3328 nam
603 3268 816 3327 dicitur
852 3272 1039 3329 omnis
1090 3271 1298 3328 sitiens
1340 3271 1423 3327 ite
1462 3269 1539 3326 ad
1577 3285 1796 3343 aquas,
1842 3272 2007 3327 sitire
2043 3269 2337 3345 significat
2369 3267 2531 3326 desi-

428 3372 667 3444 derare,
746 3376 805 3427 et
865 3385 1057 3445 aquae
1120 3369 1456 3445 significant
1516 3385 1693 3443 vera,
1765 3368 1863 3427 hic
1916 3367 2186 3427 Verbum
2227 3368 2329 3426 ubi
2374 3372 2528 3425 sunt.

427 3452 619 3550 Apud·
645 3469 880 3530 Joelem
918 3468 1114 3545 „Fiet
1153 3468 1224 3528 in
1262 3467 1365 3529 die
1407 3465 1553 3543 illo,
1595 3464 1931 3528 stillabunt
1955 3475 2193 3529 montes
2234 3471 2526 3538 mustum,

426 3580 485 3635 et
538 3567 726 3633 colles
759 3569 968 3649 fluent
1025 3568 1213 3643 lacte,
1278 3587 1489 3629 omnes
1539 3568 1670 3629 rivi
1711 3566 1999 3629 Jehudae
2037 3566 2246 3646 fluent
2301 3565 2530 3646 aquis“

426 3674 548 3733 IV:
597 3674 680 3731 18
702 3692 718 3747 3
776 3673 969 3747 agitur
1002 3671 1083 3729 ibi
1120 3670 1193 3728 de
1232 3669 1493 3729 adventu
1527 3669 1799 3737 Domini,
1854 3675 1914 3727 et
1951 3669 2023 3727 de
2059 3686 2216 3729 novo
2258 3667 2437 3727 Coelo
2470 3669 2529 3721 et

427 3790 586 3832 nova
621 3773 894 3831 Ecclesia
932 3771 1005 3829 ab
1044 3752 1186 3848 Ipso
1200 3789 1215 3845 3
1274 3769 1432 3844 quod
1468 3775 1608 3829 tunc
1653 3785 1768 3827 non
1802 3771 1863 3826 in
1912 3774 2070 3828 terra
2108 3766 2385 3827 Ganaane
2420 3780 2525 3822 seu

426 3876 489 3931 in
532 3871 769 3932 Judaea
817 3878 1049 3930 montes
1102 3869 1459 3929 stillaverint
1505 3875 1793 3942 mustum,
1860 3885 1969 3926 nec
2022 3867 2208 3927 colles
2261 3866 2527 3926 fluxerint

427 3973 615 4044 lacte,
686 3978 745 4028 et
795 3971 954 4047 quod
1001 3988 1112 4031 nec
1150 3979 1291 4030 tunc
1341 3987 1493 4045 prae
1544 3977 1813 4047 tempore
1865 3971 2049 4044 priori
2100 3970 2212 4026 rivi
2259 3963 2524 4025 Jehudae

427 4070 708 4130 fluxerint
742 4075 941 4145 aquis,
998 4078 1204 4130 notum
1243 4076 1359 4143 est,
1402 4087 1588 4145 quare
1622 4086 1732 4145 per
1766 4068 1871 4127 illa
1906 4068 2092 4126 verba
2125 4066 2523 4143 intelliguntur

432 4171 551 4229 alia
588 4188 766 4246 quam
799 4165 1087 4245 mustum,
1142 4171 1237 4229 lac
1276 4176 1335 4228 et
1370 4187 1593 4246 aquae,
1649 4176 1775 4227 tum
1813 4186 1989 4245 quam
2023 4175 2257 4228 montes
2271 4212 2289 4242 ,
2332 4162 2527 4228 colleS,

431 4274 571 4346 rivi,
627 4289 841 4344 nempe
879 4271 1037 4343 quod
1071 4288 1181 4345 per
1216 4276 1449 4328 montes
1489 4268 1800 4328 stillabunt
1847 4274 2110 4327 mustum
2159 4284 2269 4328 seu
2316 4269 2521 4334 vinum,
