<?xml version="1.0" encoding="UTF-8"?>
<!DOCTYPE html PUBLIC "-//W3C//DTD XHTML 1.0 Transitional//EN"
    "http://www.w3.org/TR/xhtml1/DTD/xhtml1-transitional.dtd">
<html xmlns="http://www.w3.org/1999/xhtml" xml:lang="en" lang="en">
 <head>
  <title>
</title>
<meta http-equiv="Content-Type" content="text/html;charset=utf-8" />
  <meta name='ocr-system' content='tesseract 3.04.00' />
  <meta name='ocr-capabilities' content='ocr_page ocr_carea ocr_par ocr_line ocrx_word'/>
</head>
<body>
  <div class='ocr_page' id='page_1' title='image "apocalypsisexpl03swedgoog_0299.png"; bbox 0 0 2791 4778; ppageno 0'>
   <div class='ocr_carea' id='block_1_1' title="bbox 358 362 2286 453">
    <p class='ocr_par' dir='ltr' id='par_1_1' title="bbox 358 362 2286 453">
     <span class='ocr_line' id='line_1_1' title="bbox 358 362 2286 453; baseline -0.003 -19"><span class='ocrx_word' id='word_1_1' title='bbox 358 379 570 453; x_wconf 71' lang='lat' dir='ltr'>CAPUT</span> <span class='ocrx_word' id='word_1_2' title='bbox 610 362 914 434; x_wconf 59' lang='lat' dir='ltr'>snx‘rune</span> <span class='ocrx_word' id='word_1_3' title='bbox 1712 374 1922 439; x_wconf 65' lang='lat' dir='ltr'>Vnus:</span> <span class='ocrx_word' id='word_1_4' title='bbox 1967 384 2021 436; x_wconf 76' lang='lat' dir='ltr'>e.</span> <span class='ocrx_word' id='word_1_5' title='bbox 2180 385 2286 436; x_wconf 72' lang='lat'>277</span> 
     </span>
    </p>
   </div>
   <div class='ocr_carea' id='block_1_2' title="bbox 191 524 2303 4300">
    <p class='ocr_par' dir='ltr' id='par_1_2' title="bbox 191 524 2303 4300">
     <span class='ocr_line' id='line_1_2' title="bbox 227 524 2290 616; baseline -0.002 -18"><span class='ocrx_word' id='word_1_6' title='bbox 227 539 531 616; x_wconf 84' lang='lat' dir='ltr'>intelligitur</span> <span class='ocrx_word' id='word_1_7' title='bbox 566 538 723 614; x_wconf 89' lang='lat' dir='ltr'>quod</span> <span class='ocrx_word' id='word_1_8' title='bbox 757 556 834 597; x_wconf 83' lang='lat' dir='ltr'>ex</span> <span class='ocrx_word' id='word_1_9' title='bbox 866 538 1022 597; x_wconf 88' lang='lat' dir='ltr'>bono</span> <span class='ocrx_word' id='word_1_10' title='bbox 1059 538 1282 596; x_wconf 84' lang='lat' dir='ltr'>amoris</span> <span class='ocrx_word' id='word_1_11' title='bbox 1321 538 1383 594; x_wconf 88' lang='lat' dir='ltr'>in</span> <span class='ocrx_word' id='word_1_12' title='bbox 1417 524 1737 594; x_wconf 87' lang='lat' dir='ltr'>Dominum</span> <span class='ocrx_word' id='word_1_13' title='bbox 1769 551 1941 595; x_wconf 88' lang='lat' dir='ltr'>omne</span> <span class='ocrx_word' id='word_1_14' title='bbox 1969 536 2290 610; x_wconf 84' lang='lat' dir='ltr'>genuinum</span> 
     </span>
     <span class='ocr_line' id='line_1_3' title="bbox 226 634 2291 715; baseline -0 -20"><span class='ocrx_word' id='word_1_15' title='bbox 226 657 426 714; x_wconf 84' lang='lat' dir='ltr'>verum3</span> <span class='ocrx_word' id='word_1_16' title='bbox 459 656 567 714; x_wconf 87' lang='lat' dir='ltr'>per</span> <span class='ocrx_word' id='word_1_17' title='bbox 603 639 760 715; x_wconf 88' lang='lat' dir='ltr'>quod</span> <span class='ocrx_word' id='word_1_18' title='bbox 797 638 981 697; x_wconf 84' lang='lat' dir='ltr'>eolles</span> <span class='ocrx_word' id='word_1_19' title='bbox 1016 636 1200 696; x_wconf 79' lang='lat' dir='ltr'>fluent</span> <span class='ocrx_word' id='word_1_20' title='bbox 1234 637 1423 709; x_wconf 88' lang='lat' dir='ltr'>lacte,</span> <span class='ocrx_word' id='word_1_21' title='bbox 1462 635 1811 712; x_wconf 79' lang='lat' dir='ltr'>intelligitur</span> <span class='ocrx_word' id='word_1_22' title='bbox 1846 634 2004 710; x_wconf 89' lang='lat' dir='ltr'>quod</span> <span class='ocrx_word' id='word_1_23' title='bbox 2033 651 2106 693; x_wconf 86' lang='lat' dir='ltr'>ex</span> <span class='ocrx_word' id='word_1_24' title='bbox 2132 634 2291 694; x_wconf 89' lang='lat' dir='ltr'>bono</span> 
     </span>
     <span class='ocr_line' id='line_1_4' title="bbox 223 734 2289 815; baseline -0 -19"><span class='ocrx_word' id='word_1_25' title='bbox 223 739 489 797; x_wconf 85' lang='lat' dir='ltr'>charitatis</span> <span class='ocrx_word' id='word_1_26' title='bbox 528 757 672 815; x_wconf 87' lang='lat' dir='ltr'>erga</span> <span class='ocrx_word' id='word_1_27' title='bbox 695 741 1033 815; x_wconf 84' lang='lat' dir='ltr'>proximum</span> <span class='ocrx_word' id='word_1_28' title='bbox 1079 739 1202 796; x_wconf 88' lang='lat' dir='ltr'>vita</span> <span class='ocrx_word' id='word_1_29' title='bbox 1234 735 1592 813; x_wconf 86' lang='lat' dir='ltr'>spiritualis;</span> <span class='ocrx_word' id='word_1_30' title='bbox 1650 743 1708 794; x_wconf 86' lang='lat' dir='ltr'>et</span> <span class='ocrx_word' id='word_1_31' title='bbox 1743 751 1853 812; x_wconf 89' lang='lat' dir='ltr'>per</span> <span class='ocrx_word' id='word_1_32' title='bbox 1889 734 2047 810; x_wconf 84' lang='lat' dir='ltr'>quod</span> <span class='ocrx_word' id='word_1_33' title='bbox 2084 751 2289 795; x_wconf 85' lang='lat' dir='ltr'>omnes</span> 
     </span>
     <span class='ocr_line' id='line_1_5' title="bbox 219 834 2291 914; baseline -0.002 -17"><span class='ocrx_word' id='word_1_34' title='bbox 219 841 313 897; x_wconf 82' lang='lat' dir='ltr'>rivi</span> <span class='ocrx_word' id='word_1_35' title='bbox 342 838 606 898; x_wconf 85' lang='lat' dir='ltr'>Jehudae</span> <span class='ocrx_word' id='word_1_36' title='bbox 642 840 829 898; x_wconf 86' lang='lat' dir='ltr'>fluent</span> <span class='ocrx_word' id='word_1_37' title='bbox 867 842 1068 914; x_wconf 84' lang='lat' dir='ltr'>aquis,</span> <span class='ocrx_word' id='word_1_38' title='bbox 1117 836 1470 912; x_wconf 83' lang='lat' dir='ltr'>intelligitur</span> <span class='ocrx_word' id='word_1_39' title='bbox 1509 835 1668 912; x_wconf 88' lang='lat' dir='ltr'>quod</span> <span class='ocrx_word' id='word_1_40' title='bbox 1705 853 1780 894; x_wconf 88' lang='lat' dir='ltr'>ex</span> <span class='ocrx_word' id='word_1_41' title='bbox 1815 836 2064 912; x_wconf 86' lang='lat' dir='ltr'>singulis</span> <span class='ocrx_word' id='word_1_42' title='bbox 2100 834 2291 894; x_wconf 83' lang='lat' dir='ltr'>Verbi</span> 
     </span>
     <span class='ocr_line' id='line_1_6' title="bbox 217 934 2287 1016; baseline -0.001 -20"><span class='ocrx_word' id='word_1_43' title='bbox 217 955 365 1013; x_wconf 82' lang='lat' dir='ltr'>vera3</span> <span class='ocrx_word' id='word_1_44' title='bbox 412 957 521 1016; x_wconf 88' lang='lat' dir='ltr'>per</span> <span class='ocrx_word' id='word_1_45' title='bbox 565 939 868 999; x_wconf 83' lang='lat' dir='ltr'>Jehudam</span> <span class='ocrx_word' id='word_1_46' title='bbox 921 941 1076 997; x_wconf 90' lang='lat' dir='ltr'>enim</span> <span class='ocrx_word' id='word_1_47' title='bbox 1123 937 1488 1014; x_wconf 84' lang='lat' dir='ltr'>significatur</span> <span class='ocrx_word' id='word_1_48' title='bbox 1536 934 1815 995; x_wconf 76' lang='lat' dir='ltr'>C‘oeleste</span> <span class='ocrx_word' id='word_1_49' title='bbox 1849 934 2121 1012; x_wconf 83' lang='lat' dir='ltr'>Regnum</span> <span class='ocrx_word' id='word_1_50' title='bbox 2156 935 2287 994; x_wconf 91' lang='lat' dir='ltr'>Do-</span> 
     </span>
     <span class='ocr_line' id='line_1_7' title="bbox 216 1034 2288 1114; baseline -0.001 -17"><span class='ocrx_word' id='word_1_51' title='bbox 216 1040 357 1113; x_wconf 89' lang='lat' dir='ltr'>mini,</span> <span class='ocrx_word' id='word_1_52' title='bbox 410 1045 468 1097; x_wconf 90' lang='lat' dir='ltr'>et</span> <span class='ocrx_word' id='word_1_53' title='bbox 511 1055 750 1114; x_wconf 84' lang='lat' dir='ltr'>quoque</span> <span class='ocrx_word' id='word_1_54' title='bbox 801 1038 1101 1113; x_wconf 88' lang='lat' dir='ltr'>Verbum,</span> <span class='ocrx_word' id='word_1_55' title='bbox 1157 1037 1432 1095; x_wconf 86' lang='lat' dir='ltr'>videatur</span> <span class='ocrx_word' id='word_1_56' title='bbox 1483 1054 1550 1093; x_wconf 83' lang='lat' dir='ltr'>n:</span> <span class='ocrx_word' id='word_1_57' title='bbox 1604 1037 1815 1095; x_wconf 85' lang='lat'>3881.</span> <span class='ocrx_word' id='word_1_58' title='bbox 1874 1037 2096 1110; x_wconf 91' lang='grc'><strong>63633</strong></span> <span class='ocrx_word' id='word_1_59' title='bbox 2150 1034 2288 1094; x_wconf 86' lang='lat' dir='ltr'>inde</span> 
     </span>
     <span class='ocr_line' id='line_1_8' title="bbox 215 1134 2288 1216; baseline -0.001 -20"><span class='ocrx_word' id='word_1_60' title='bbox 215 1156 303 1214; x_wconf 89' lang='lat' dir='ltr'>per</span> <span class='ocrx_word' id='word_1_61' title='bbox 341 1141 492 1197; x_wconf 79' lang='lat' dir='ltr'>rivos</span> <span class='ocrx_word' id='word_1_62' title='bbox 547 1139 682 1216; x_wconf 85' lang='lat' dir='ltr'>ejus</span> <span class='ocrx_word' id='word_1_63' title='bbox 736 1138 1146 1213; x_wconf 87' lang='lat' dir='ltr'>significantur</span> <span class='ocrx_word' id='word_1_64' title='bbox 1188 1135 1425 1211; x_wconf 86' lang='lat' dir='ltr'>singula</span> <span class='ocrx_word' id='word_1_65' title='bbox 1473 1136 1630 1213; x_wconf 81' lang='lat' dir='ltr'>ejus:</span> <span class='ocrx_word' id='word_1_66' title='bbox 1689 1134 1848 1211; x_wconf 90' lang='lat' dir='ltr'>quod</span> <span class='ocrx_word' id='word_1_67' title='bbox 1893 1152 2003 1211; x_wconf 88' lang='lat' dir='ltr'>per</span> <span class='ocrx_word' id='word_1_68' title='bbox 2055 1140 2288 1195; x_wconf 86' lang='lat' dir='ltr'>montes</span> 
     </span>
     <span class='ocr_line' id='line_1_9' title="bbox 215 1235 2284 1314; baseline -0.002 -18"><span class='ocrx_word' id='word_1_69' title='bbox 215 1237 545 1314; x_wconf 83' lang='lat' dir='ltr'>significetur</span> <span class='ocrx_word' id='word_1_70' title='bbox 569 1238 791 1296; x_wconf 89' lang='lat' dir='ltr'>bonum</span> <span class='ocrx_word' id='word_1_71' title='bbox 823 1240 1040 1296; x_wconf 81' lang='lat' dir='ltr'>amoris</span> <span class='ocrx_word' id='word_1_72' title='bbox 1068 1239 1125 1295; x_wconf 91' lang='lat' dir='ltr'>in</span> <span class='ocrx_word' id='word_1_73' title='bbox 1152 1237 1491 1310; x_wconf 86' lang='lat' dir='ltr'>Dominum,</span> <span class='ocrx_word' id='word_1_74' title='bbox 1514 1254 1572 1293; x_wconf 88' lang='lat' dir='ltr'>n:</span> <span class='ocrx_word' id='word_1_75' title='bbox 1621 1241 1653 1293; x_wconf 82' lang='lat'>7</span> <span class='ocrx_word' id='word_1_76' title='bbox 1672 1237 1706 1293; x_wconf 89' lang='grc'><strong>9</strong></span> <span class='ocrx_word' id='word_1_77' title='bbox 1725 1236 1780 1295; x_wconf 87' lang='grc'>5.</span> <span class='ocrx_word' id='word_1_78' title='bbox 1824 1238 2036 1295; x_wconf 79' lang='lat'>4210.</span> <span class='ocrx_word' id='word_1_79' title='bbox 2074 1236 2209 1295; x_wconf 86' lang='lat'>643</span> <span class='ocrx_word' id='word_1_80' title='bbox 2227 1235 2284 1293; x_wconf 84' lang='lat'>5.</span> 
     </span>
     <span class='ocr_line' id='line_1_10' title="bbox 219 1334 2288 1412; baseline -0.001 -17"><span class='ocrx_word' id='word_1_81' title='bbox 219 1340 399 1396; x_wconf 83' lang='lat'><strong>8327.</strong></span> <span class='ocrx_word' id='word_1_82' title='bbox 454 1340 666 1398; x_wconf 82' lang='lat'><strong>8758.</strong></span> <span class='ocrx_word' id='word_1_83' title='bbox 725 1339 981 1397; x_wconf 87' lang='grc'><strong>10438.</strong></span> <span class='ocrx_word' id='word_1_84' title='bbox 1042 1338 1313 1395; x_wconf 72' lang='grc'><strong>106083</strong></span> <span class='ocrx_word' id='word_1_85' title='bbox 1370 1341 1433 1393; x_wconf 84' lang='lat' dir='ltr'>et</span> <span class='ocrx_word' id='word_1_86' title='bbox 1484 1334 1643 1411; x_wconf 91' lang='lat' dir='ltr'>quod</span> <span class='ocrx_word' id='word_1_87' title='bbox 1679 1353 1790 1412; x_wconf 89' lang='lat' dir='ltr'>per</span> <span class='ocrx_word' id='word_1_88' title='bbox 1836 1334 2020 1394; x_wconf 86' lang='lat' dir='ltr'>colles</span> <span class='ocrx_word' id='word_1_89' title='bbox 2067 1334 2288 1393; x_wconf 88' lang='lat' dir='ltr'>bonum</span> 
     </span>
     <span class='ocr_line' id='line_1_11' title="bbox 214 1436 2292 1513; baseline -0.001 -18"><span class='ocrx_word' id='word_1_90' title='bbox 214 1436 484 1496; x_wconf 83' lang='lat' dir='ltr'>charitatis</span> <span class='ocrx_word' id='word_1_91' title='bbox 521 1455 665 1513; x_wconf 84' lang='lat' dir='ltr'>erga</span> <span class='ocrx_word' id='word_1_92' title='bbox 701 1439 1069 1513; x_wconf 83' lang='lat' dir='ltr'>proximum,</span> <span class='ocrx_word' id='word_1_93' title='bbox 1122 1455 1194 1494; x_wconf 88' lang='lat' dir='ltr'>n:</span> <span class='ocrx_word' id='word_1_94' title='bbox 1243 1436 1454 1495; x_wconf 86' lang='lat'>6435.</span> <span class='ocrx_word' id='word_1_95' title='bbox 1498 1436 1768 1510; x_wconf 90' lang='grc'><strong>104383</strong></span> <span class='ocrx_word' id='word_1_96' title='bbox 1808 1453 1882 1494; x_wconf 81' lang='lat' dir='ltr'>ex</span> <span class='ocrx_word' id='word_1_97' title='bbox 1909 1451 2110 1509; x_wconf 81' lang='lat' dir='ltr'>causa,</span> <span class='ocrx_word' id='word_1_98' title='bbox 2151 1437 2292 1510; x_wconf 86' lang='lat' dir='ltr'>quia</span> 
     </span>
     <span class='ocr_line' id='line_1_12' title="bbox 212 1534 2286 1614; baseline -0 -21"><span class='ocrx_word' id='word_1_99' title='bbox 212 1539 261 1593; x_wconf 93' lang='lat' dir='ltr'>in</span> <span class='ocrx_word' id='word_1_100' title='bbox 292 1537 458 1596; x_wconf 90' lang='lat' dir='ltr'>Coelo</span> <span class='ocrx_word' id='word_1_101' title='bbox 494 1554 682 1614; x_wconf 84' lang='lat' dir='ltr'>super</span> <span class='ocrx_word' id='word_1_102' title='bbox 728 1536 1028 1595; x_wconf 87' lang='lat' dir='ltr'>montibus</span> <span class='ocrx_word' id='word_1_103' title='bbox 1063 1535 1333 1593; x_wconf 85' lang='lat' dir='ltr'>habitant</span> <span class='ocrx_word' id='word_1_104' title='bbox 1384 1536 1488 1610; x_wconf 91' lang='lat' dir='ltr'>qui</span> <span class='ocrx_word' id='word_1_105' title='bbox 1519 1536 1581 1592; x_wconf 88' lang='lat' dir='ltr'>in</span> <span class='ocrx_word' id='word_1_106' title='bbox 1614 1534 1770 1593; x_wconf 89' lang='lat' dir='ltr'>bono</span> <span class='ocrx_word' id='word_1_107' title='bbox 1806 1537 2024 1594; x_wconf 84' lang='lat' dir='ltr'>amoris</span> <span class='ocrx_word' id='word_1_108' title='bbox 2058 1536 2122 1593; x_wconf 88' lang='lat' dir='ltr'>in</span> <span class='ocrx_word' id='word_1_109' title='bbox 2154 1535 2286 1593; x_wconf 88' lang='lat' dir='ltr'>Do·</span> 
     </span>
     <span class='ocr_line' id='line_1_13' title="bbox 211 1635 2290 1714; baseline -0 -21"><span class='ocrx_word' id='word_1_110' title='bbox 211 1639 402 1694; x_wconf 86' lang='lat' dir='ltr'>minum</span> <span class='ocrx_word' id='word_1_111' title='bbox 442 1645 612 1712; x_wconf 86' lang='lat' dir='ltr'>sunt,</span> <span class='ocrx_word' id='word_1_112' title='bbox 672 1645 732 1697; x_wconf 90' lang='lat' dir='ltr'>et</span> <span class='ocrx_word' id='word_1_113' title='bbox 786 1653 973 1714; x_wconf 86' lang='lat' dir='ltr'>super</span> <span class='ocrx_word' id='word_1_114' title='bbox 1024 1635 1276 1695; x_wconf 86' lang='lat' dir='ltr'>collibus</span> <span class='ocrx_word' id='word_1_115' title='bbox 1328 1637 1429 1711; x_wconf 89' lang='lat' dir='ltr'>qui</span> <span class='ocrx_word' id='word_1_116' title='bbox 1479 1641 1540 1693; x_wconf 87' lang='lat' dir='ltr'>in</span> <span class='ocrx_word' id='word_1_117' title='bbox 1584 1635 1741 1694; x_wconf 88' lang='lat' dir='ltr'>bono</span> <span class='ocrx_word' id='word_1_118' title='bbox 1791 1635 2095 1693; x_wconf 84' lang='lat' dir='ltr'>charitatis</span> <span class='ocrx_word' id='word_1_119' title='bbox 2146 1651 2290 1710; x_wconf 86' lang='lat' dir='ltr'>erga</span> 
     </span>
     <span class='ocr_line' id='line_1_14' title="bbox 211 1733 2286 1813; baseline -0 -20"><span class='ocrx_word' id='word_1_120' title='bbox 211 1738 529 1812; x_wconf 82' lang='lat' dir='ltr'>proximum,</span> <span class='ocrx_word' id='word_1_121' title='bbox 569 1756 644 1795; x_wconf 87' lang='lat' dir='ltr'>n:</span> <span class='ocrx_word' id='word_1_122' title='bbox 692 1738 964 1813; x_wconf 88' lang='grc'><strong>104383</strong></span> <span class='ocrx_word' id='word_1_123' title='bbox 1005 1743 1065 1794; x_wconf 88' lang='lat' dir='ltr'>et</span> <span class='ocrx_word' id='word_1_124' title='bbox 1102 1739 1162 1794; x_wconf 92' lang='lat' dir='ltr'>in</span> <span class='ocrx_word' id='word_1_125' title='bbox 1199 1733 1404 1810; x_wconf 86' lang='lat' dir='ltr'>Opere</span> <span class='ocrx_word' id='word_1_126' title='bbox 1443 1735 1516 1793; x_wconf 84' lang='lat' dir='ltr'>de</span> <span class='ocrx_word' id='word_1_127' title='bbox 1556 1734 1762 1794; x_wconf 74' lang='lat' dir='ltr'>Con-Lo</span> <span class='ocrx_word' id='word_1_128' title='bbox 1800 1753 1877 1794; x_wconf 77' lang='lat' dir='ltr'>m·</span> <span class='ocrx_word' id='word_1_129' title='bbox 1905 1734 2180 1793; x_wconf 70' lang='grc' dir='ltr'><strong>ΙΝηιιΝο</strong></span> <span class='ocrx_word' id='word_1_130' title='bbox 2217 1751 2286 1792; x_wconf 89' lang='lat' dir='ltr'>n:</span> 
     </span>
     <span class='ocr_line' id='line_1_15' title="bbox 221 1833 2291 1914; baseline 0 -21"><span class='ocrx_word' id='word_1_131' title='bbox 221 1838 353 1894; x_wconf 89' lang='lat'>188.</span> <span class='ocrx_word' id='word_1_132' title='bbox 450 1836 637 1914; x_wconf 87' lang='lat' dir='ltr'>Apud</span> <span class='ocrx_word' id='word_1_133' title='bbox 682 1836 870 1895; x_wconf 86' lang='lat' dir='ltr'>Amos</span> <span class='ocrx_word' id='word_1_134' title='bbox 928 1834 1142 1911; x_wconf 78' lang='lat' dir='ltr'>„Ecce</span> <span class='ocrx_word' id='word_1_135' title='bbox 1192 1834 1331 1895; x_wconf 77' lang='lat' dir='ltr'>dies</span> <span class='ocrx_word' id='word_1_136' title='bbox 1380 1833 1723 1910; x_wconf 75' lang='lat' dir='ltr'>venientes,</span> <span class='ocrx_word' id='word_1_137' title='bbox 1771 1834 2045 1913; x_wconf 74' lang='lat' dir='ltr'>attinyet</span> <span class='ocrx_word' id='word_1_138' title='bbox 2090 1851 2291 1894; x_wconf 76' lang='lat' dir='ltr'>aram</span> 
     </span>
     <span class='ocr_line' id='line_1_16' title="bbox 212 1930 2287 2011; baseline 0 -17"><span class='ocrx_word' id='word_1_139' title='bbox 212 1941 526 2011; x_wconf 75' lang='lat' dir='ltr'>metentem,</span> <span class='ocrx_word' id='word_1_140' title='bbox 582 1941 646 1996; x_wconf 78' lang='lat' dir='ltr'>et</span> <span class='ocrx_word' id='word_1_141' title='bbox 684 1932 941 1996; x_wconf 74' lang='lat' dir='ltr'>calcans</span> <span class='ocrx_word' id='word_1_142' title='bbox 982 1953 1144 1996; x_wconf 76' lang='lat' dir='ltr'>uvas</span> <span class='ocrx_word' id='word_1_143' title='bbox 1183 1932 1638 1995; x_wconf 74' lang='lat' dir='ltr'>distrahentem</span> <span class='ocrx_word' id='word_1_144' title='bbox 1685 1952 1918 2008; x_wconf 77' lang='lat' dir='ltr'>semen,</span> <span class='ocrx_word' id='word_1_145' title='bbox 1972 1941 2030 1996; x_wconf 78' lang='lat' dir='ltr'>et</span> <span class='ocrx_word' id='word_1_146' title='bbox 2070 1930 2287 1994; x_wconf 73' lang='lat' dir='ltr'>stilla—</span> 
     </span>
     <span class='ocr_line' id='line_1_17' title="bbox 213 2030 2290 2113; baseline -0 -19"><span class='ocrx_word' id='word_1_147' title='bbox 213 2034 343 2095; x_wconf 79' lang='lat' dir='ltr'>bunt</span> <span class='ocrx_word' id='word_1_148' title='bbox 381 2042 620 2096; x_wconf 70' lang='lat' dir='ltr'>montes</span> <span class='ocrx_word' id='word_1_149' title='bbox 656 2040 970 2110; x_wconf 75' lang='lat' dir='ltr'>mustum,</span> <span class='ocrx_word' id='word_1_150' title='bbox 1025 2039 1085 2093; x_wconf 81' lang='lat' dir='ltr'>et</span> <span class='ocrx_word' id='word_1_151' title='bbox 1121 2052 1330 2094; x_wconf 76' lang='lat' dir='ltr'>omnes</span> <span class='ocrx_word' id='word_1_152' title='bbox 1376 2030 1564 2095; x_wconf 78' lang='lat' dir='ltr'>colles</span> <span class='ocrx_word' id='word_1_153' title='bbox 1606 2032 1939 2113; x_wconf 70' lang='lat' dir='ltr'>dzJflumt:</span> <span class='ocrx_word' id='word_1_154' title='bbox 1989 2033 2290 2095; x_wconf 77' lang='lat' dir='ltr'>reducam</span> 
     </span>
     <span class='ocr_line' id='line_1_18' title="bbox 211 2130 2289 2214; baseline -0 -22"><span class='ocrx_word' id='word_1_155' title='bbox 211 2134 619 2213; x_wconf 72' lang='lat' dir='ltr'>captivitatem</span> <span class='ocrx_word' id='word_1_156' title='bbox 657 2132 891 2214; x_wconf 76' lang='lat' dir='ltr'>populi</span> <span class='ocrx_word' id='word_1_157' title='bbox 952 2133 1079 2194; x_wconf 82' lang='lat' dir='ltr'>mei</span> <span class='ocrx_word' id='word_1_158' title='bbox 1131 2130 1438 2206; x_wconf 68' lang='lat' dir='ltr'>Israelis,</span> <span class='ocrx_word' id='word_1_159' title='bbox 1517 2140 1577 2193; x_wconf 79' lang='lat' dir='ltr'>et</span> <span class='ocrx_word' id='word_1_160' title='bbox 1626 2132 2049 2213; x_wconf 73' lang='lat' dir='ltr'>aedeficabunt</span> <span class='ocrx_word' id='word_1_161' title='bbox 2105 2133 2289 2194; x_wconf 75' lang='lat' dir='ltr'>urbes</span> 
     </span>
     <span class='ocr_line' id='line_1_19' title="bbox 213 2231 2303 2312; baseline -0.001 -19"><span class='ocrx_word' id='word_1_162' title='bbox 213 2231 572 2310; x_wconf 76' lang='lat' dir='ltr'>devastatae,</span> <span class='ocrx_word' id='word_1_163' title='bbox 635 2242 694 2297; x_wconf 78' lang='lat' dir='ltr'>et</span> <span class='ocrx_word' id='word_1_164' title='bbox 745 2234 1040 2295; x_wconf 78' lang='lat' dir='ltr'>sedebunt</span> <span class='ocrx_word' id='word_1_165' title='bbox 1088 2240 1148 2294; x_wconf 85' lang='lat' dir='ltr'>et</span> <span class='ocrx_word' id='word_1_166' title='bbox 1189 2231 1575 2312; x_wconf 77' lang='lat' dir='ltr'>plantabunt</span> <span class='ocrx_word' id='word_1_167' title='bbox 1634 2231 1852 2291; x_wconf 78' lang='lat' dir='ltr'>vineas</span> <span class='ocrx_word' id='word_1_168' title='bbox 1864 2276 1883 2306; x_wconf 88' lang='lat'>‚</span> <span class='ocrx_word' id='word_1_169' title='bbox 1963 2237 2024 2292; x_wconf 78' lang='lat' dir='ltr'>et</span> <span class='ocrx_word' id='word_1_170' title='bbox 2089 2231 2303 2305; x_wconf 46' lang='lat' dir='ltr'>bibent¹</span> 
     </span>
     <span class='ocr_line' id='line_1_20' title="bbox 212 2329 2287 2414; baseline -0.003 -20"><span class='ocrx_word' id='word_1_171' title='bbox 212 2333 403 2394; x_wconf 78' lang='lat' dir='ltr'>vinum</span> <span class='ocrx_word' id='word_1_172' title='bbox 452 2354 701 2411; x_wconf 83' lang='lat' dir='ltr'>earum,</span> <span class='ocrx_word' id='word_1_173' title='bbox 783 2341 842 2396; x_wconf 82' lang='lat' dir='ltr'>et</span> <span class='ocrx_word' id='word_1_174' title='bbox 886 2333 1136 2414; x_wconf 78' lang='lat' dir='ltr'>facient</span> <span class='ocrx_word' id='word_1_175' title='bbox 1200 2331 1445 2402; x_wconf 64' lang='lat' dir='ltr'>hortae,</span> <span class='ocrx_word' id='word_1_176' title='bbox 1517 2336 1579 2391; x_wconf 83' lang='lat' dir='ltr'>et</span> <span class='ocrx_word' id='word_1_177' title='bbox 1631 2329 1946 2394; x_wconf 74' lang='lat' dir='ltr'>comedent</span> <span class='ocrx_word' id='word_1_178' title='bbox 1990 2331 2287 2411; x_wconf 79' lang='lat' dir='ltr'>fructum</span> 
     </span>
     <span class='ocr_line' id='line_1_21' title="bbox 215 2430 2286 2514; baseline -0.001 -23"><span class='ocrx_word' id='word_1_179' title='bbox 215 2452 404 2494; x_wconf 79' lang='lat' dir='ltr'>eorum</span> <span class='ocrx_word' id='word_1_180' title='bbox 420 2455 444 2505; x_wconf 89' lang='lat'>,·</span> <span class='ocrx_word' id='word_1_181' title='bbox 515 2443 667 2497; x_wconf 77' lang='lat' dir='ltr'>tune</span> <span class='ocrx_word' id='word_1_182' title='bbox 706 2432 1014 2514; x_wconf 76' lang='lat' dir='ltr'>plantabo</span> <span class='ocrx_word' id='word_1_183' title='bbox 1062 2452 1166 2493; x_wconf 76' lang='lat' dir='ltr'>eos</span> <span class='ocrx_word' id='word_1_184' title='bbox 1219 2451 1408 2512; x_wconf 77' lang='lat' dir='ltr'>super</span> <span class='ocrx_word' id='word_1_185' title='bbox 1462 2438 1632 2493; x_wconf 76' lang='lat' dir='ltr'>terra</span> <span class='ocrx_word' id='word_1_186' title='bbox 1681 2433 1942 2492; x_wconf 63' lang='grc' dir='ltr'>εεονωηα</span> <span class='ocrx_word' id='word_1_187' title='bbox 1995 2430 2118 2490; x_wconf 83' lang='lat' dir='ltr'>IX:</span> <span class='ocrx_word' id='word_1_188' title='bbox 2177 2433 2206 2487; x_wconf 90' lang='lat'><strong>1</strong></span> <span class='ocrx_word' id='word_1_189' title='bbox 2227 2432 2286 2488; x_wconf 90' lang='grc'>3.</span> 
     </span>
     <span class='ocr_line' id='line_1_22' title="bbox 229 2530 2291 2612; baseline -0.001 -24"><span class='ocrx_word' id='word_1_190' title='bbox 229 2535 326 2590; x_wconf 85' lang='grc'><strong>14.</strong></span> <span class='ocrx_word' id='word_1_191' title='bbox 361 2535 474 2611; x_wconf 81' lang='lat'>153</span> <span class='ocrx_word' id='word_1_192' title='bbox 519 2539 718 2612; x_wconf 82' lang='lat' dir='ltr'>agitur</span> <span class='ocrx_word' id='word_1_193' title='bbox 751 2539 810 2594; x_wconf 89' lang='lat' dir='ltr'>in</span> <span class='ocrx_word' id='word_1_194' title='bbox 849 2552 919 2593; x_wconf 87' lang='lat' dir='ltr'>eo</span> <span class='ocrx_word' id='word_1_195' title='bbox 959 2533 1171 2609; x_wconf 79' lang='lat' dir='ltr'>Capite</span> <span class='ocrx_word' id='word_1_196' title='bbox 1197 2536 1450 2610; x_wconf 89' lang='lat' dir='ltr'>primum</span> <span class='ocrx_word' id='word_1_197' title='bbox 1489 2532 1562 2591; x_wconf 86' lang='lat' dir='ltr'>de</span> <span class='ocrx_word' id='word_1_198' title='bbox 1597 2533 1934 2591; x_wconf 82' lang='lat' dir='ltr'>vastatione</span> <span class='ocrx_word' id='word_1_199' title='bbox 1960 2530 2291 2602; x_wconf 75' lang='lat' dir='ltr'>Ecclesiae,</span> 
     </span>
     <span class='ocr_line' id='line_1_23' title="bbox 217 2628 2291 2709; baseline 0 -21"><span class='ocrx_word' id='word_1_200' title='bbox 217 2639 271 2688; x_wconf 87' lang='lat' dir='ltr'>et</span> <span class='ocrx_word' id='word_1_201' title='bbox 304 2632 425 2690; x_wconf 85' lang='lat' dir='ltr'>dein</span> <span class='ocrx_word' id='word_1_202' title='bbox 460 2635 525 2693; x_wconf 88' lang='lat' dir='ltr'>de</span> <span class='ocrx_word' id='word_1_203' title='bbox 562 2636 1002 2694; x_wconf 85' lang='lat' dir='ltr'>restauratione</span> <span class='ocrx_word' id='word_1_204' title='bbox 1041 2634 1171 2709; x_wconf 83' lang='lat' dir='ltr'>ejus</span> <span class='ocrx_word' id='word_1_205' title='bbox 1209 2651 1244 2689; x_wconf 93' lang='lat' dir='ltr'>a</span> <span class='ocrx_word' id='word_1_206' title='bbox 1279 2633 1565 2706; x_wconf 89' lang='lat' dir='ltr'>Domino,</span> <span class='ocrx_word' id='word_1_207' title='bbox 1621 2648 1692 2691; x_wconf 89' lang='lat' dir='ltr'>ac</span> <span class='ocrx_word' id='word_1_208' title='bbox 1727 2649 1838 2708; x_wconf 88' lang='lat' dir='ltr'>per</span> <span class='ocrx_word' id='word_1_209' title='bbox 1869 2631 2158 2709; x_wconf 89' lang='lat' dir='ltr'>populum</span> <span class='ocrx_word' id='word_1_210' title='bbox 2194 2628 2291 2688; x_wconf 88' lang='lat' dir='ltr'>Is-</span> 
     </span>
     <span class='ocr_line' id='line_1_24' title="bbox 210 2730 2291 2808; baseline 0 -21"><span class='ocrx_word' id='word_1_211' title='bbox 210 2730 408 2790; x_wconf 78' lang='lat' dir='ltr'>rae&#39;lem</span> <span class='ocrx_word' id='word_1_212' title='bbox 447 2752 561 2792; x_wconf 88' lang='lat' dir='ltr'>non</span> <span class='ocrx_word' id='word_1_213' title='bbox 608 2734 956 2808; x_wconf 86' lang='lat' dir='ltr'>intelligitur</span> <span class='ocrx_word' id='word_1_214' title='bbox 993 2732 1093 2791; x_wconf 86' lang='lat' dir='ltr'>ille</span> <span class='ocrx_word' id='word_1_215' title='bbox 1139 2732 1432 2808; x_wconf 80' lang='lat' dir='ltr'>populuS‚</span> <span class='ocrx_word' id='word_1_216' title='bbox 1487 2733 1593 2791; x_wconf 84' lang='lat' dir='ltr'>sed</span> <span class='ocrx_word' id='word_1_217' title='bbox 1634 2732 1722 2791; x_wconf 90' lang='lat' dir='ltr'>illi</span> <span class='ocrx_word' id='word_1_218' title='bbox 1769 2732 1931 2808; x_wconf 89' lang='lat' dir='ltr'>apud</span> <span class='ocrx_word' id='word_1_219' title='bbox 1979 2747 2127 2808; x_wconf 87' lang='lat' dir='ltr'>quos</span> <span class='ocrx_word' id='word_1_220' title='bbox 2171 2730 2291 2789; x_wconf 84' lang='lat' dir='ltr'>Ec-</span> 
     </span>
     <span class='ocr_line' id='line_1_25' title="bbox 207 2829 2295 2909; baseline 0 -23"><span class='ocrx_word' id='word_1_221' title='bbox 207 2829 370 2888; x_wconf 87' lang='lat' dir='ltr'>clesia</span> <span class='ocrx_word' id='word_1_222' title='bbox 406 2834 793 2892; x_wconf 85' lang='lat' dir='ltr'>instauranda</span> <span class='ocrx_word' id='word_1_223' title='bbox 831 2840 958 2891; x_wconf 88' lang='lat' dir='ltr'>erat</span> <span class='ocrx_word' id='word_1_224' title='bbox 972 2852 989 2906; x_wconf 85' lang='lat'>3</span> <span class='ocrx_word' id='word_1_225' title='bbox 1044 2840 1103 2889; x_wconf 83' lang='lat' dir='ltr'>et</span> <span class='ocrx_word' id='word_1_226' title='bbox 1150 2849 1259 2907; x_wconf 90' lang='lat' dir='ltr'>per</span> <span class='ocrx_word' id='word_1_227' title='bbox 1310 2849 1487 2891; x_wconf 88' lang='lat' dir='ltr'>arans</span> <span class='ocrx_word' id='word_1_228' title='bbox 1534 2835 1782 2909; x_wconf 84' lang='lat' dir='ltr'>attinget</span> <span class='ocrx_word' id='word_1_229' title='bbox 1825 2838 2177 2902; x_wconf 86' lang='lat' dir='ltr'>metentem,</span> <span class='ocrx_word' id='word_1_230' title='bbox 2234 2837 2295 2888; x_wconf 88' lang='lat' dir='ltr'>et</span> 
     </span>
     <span class='ocr_line' id='line_1_26' title="bbox 206 2928 2292 3007; baseline 0 -20"><span class='ocrx_word' id='word_1_231' title='bbox 206 2928 418 2990; x_wconf 88' lang='lat' dir='ltr'>calcans</span> <span class='ocrx_word' id='word_1_232' title='bbox 460 2949 615 2993; x_wconf 86' lang='lat' dir='ltr'>uvas</span> <span class='ocrx_word' id='word_1_233' title='bbox 655 2932 1082 2990; x_wconf 82' lang='lat' dir='ltr'>distrahentem</span> <span class='ocrx_word' id='word_1_234' title='bbox 1119 2948 1357 3001; x_wconf 87' lang='lat' dir='ltr'>semen,</span> <span class='ocrx_word' id='word_1_235' title='bbox 1395 2933 1765 3007; x_wconf 85' lang='lat' dir='ltr'>significatur</span> <span class='ocrx_word' id='word_1_236' title='bbox 1801 2931 1962 3007; x_wconf 90' lang='lat' dir='ltr'>quod</span> <span class='ocrx_word' id='word_1_237' title='bbox 1997 2934 2100 3007; x_wconf 88' lang='lat' dir='ltr'>qui</span> <span class='ocrx_word' id='word_1_238' title='bbox 2133 2931 2292 2990; x_wconf 85' lang='lat' dir='ltr'>reci—</span> 
     </span>
     <span class='ocr_line' id='line_1_27' title="bbox 205 3029 2296 3104; baseline 0.001 -19"><span class='ocrx_word' id='word_1_239' title='bbox 205 3030 280 3104; x_wconf 87' lang='lat' dir='ltr'>pit</span> <span class='ocrx_word' id='word_1_240' title='bbox 307 3029 518 3090; x_wconf 87' lang='lat' dir='ltr'>bonum</span> <span class='ocrx_word' id='word_1_241' title='bbox 550 3038 614 3090; x_wconf 84' lang='lat' dir='ltr'>et</span> <span class='ocrx_word' id='word_1_242' title='bbox 641 3049 844 3089; x_wconf 76' lang='lat' dir='ltr'>verum</span> <span class='ocrx_word' id='word_1_243' title='bbox 877 3035 1053 3089; x_wconf 82' lang='lat' dir='ltr'>etiam</span> <span class='ocrx_word' id='word_1_244' title='bbox 1094 3049 1268 3088; x_wconf 86' lang='lat' dir='ltr'>usum</span> <span class='ocrx_word' id='word_1_245' title='bbox 1305 3048 1415 3089; x_wconf 87' lang='lat' dir='ltr'>seu</span> <span class='ocrx_word' id='word_1_246' title='bbox 1452 3032 1707 3090; x_wconf 84' lang='lat' dir='ltr'>fructum</span> <span class='ocrx_word' id='word_1_247' title='bbox 1740 3032 2006 3091; x_wconf 84' lang='lat' dir='ltr'>facturus</span> <span class='ocrx_word' id='word_1_248' title='bbox 2043 3033 2155 3102; x_wconf 87' lang='lat' dir='ltr'>sit,</span> <span class='ocrx_word' id='word_1_249' title='bbox 2211 3033 2296 3089; x_wconf 85' lang='lat' dir='ltr'>ita</span> 
     </span>
     <span class='ocr_line' id='line_1_28' title="bbox 205 3128 2297 3205; baseline 0 -19"><span class='ocrx_word' id='word_1_250' title='bbox 205 3129 343 3203; x_wconf 86' lang='lat' dir='ltr'>quod</span> <span class='ocrx_word' id='word_1_251' title='bbox 391 3132 574 3190; x_wconf 84' lang='lat' dir='ltr'>simul</span> <span class='ocrx_word' id='word_1_252' title='bbox 627 3137 799 3189; x_wconf 88' lang='lat' dir='ltr'>erunt</span> <span class='ocrx_word' id='word_1_253' title='bbox 859 3131 1020 3205; x_wconf 88' lang='lat' dir='ltr'>apud</span> <span class='ocrx_word' id='word_1_254' title='bbox 1073 3131 1370 3188; x_wconf 87' lang='lat' dir='ltr'>hominem</span> <span class='ocrx_word' id='word_1_255' title='bbox 1423 3128 1763 3205; x_wconf 84' lang='lat' dir='ltr'>Ecclesiae3</span> <span class='ocrx_word' id='word_1_256' title='bbox 1818 3148 1930 3205; x_wconf 90' lang='lat' dir='ltr'>per</span> <span class='ocrx_word' id='word_1_257' title='bbox 1988 3130 2297 3190; x_wconf 85' lang='lat' dir='ltr'>stillabunt</span> 
     </span>
     <span class='ocr_line' id='line_1_29' title="bbox 200 3229 2295 3306; baseline 0 -21"><span class='ocrx_word' id='word_1_258' title='bbox 200 3237 409 3289; x_wconf 85' lang='lat' dir='ltr'>montes</span> <span class='ocrx_word' id='word_1_259' title='bbox 444 3238 738 3302; x_wconf 86' lang='lat' dir='ltr'>mustum,</span> <span class='ocrx_word' id='word_1_260' title='bbox 781 3236 842 3288; x_wconf 88' lang='lat' dir='ltr'>et</span> <span class='ocrx_word' id='word_1_261' title='bbox 881 3246 1086 3287; x_wconf 85' lang='lat' dir='ltr'>omnes</span> <span class='ocrx_word' id='word_1_262' title='bbox 1116 3229 1301 3288; x_wconf 88' lang='lat' dir='ltr'>eolles</span> <span class='ocrx_word' id='word_1_263' title='bbox 1330 3229 1614 3303; x_wconf 87' lang='lat' dir='ltr'>diffluent,</span> <span class='ocrx_word' id='word_1_264' title='bbox 1655 3229 2024 3306; x_wconf 83' lang='lat' dir='ltr'>significatur</span> <span class='ocrx_word' id='word_1_265' title='bbox 2058 3235 2123 3287; x_wconf 90' lang='lat' dir='ltr'>ut</span> <span class='ocrx_word' id='word_1_266' title='bbox 2160 3246 2295 3287; x_wconf 84' lang='lat' dir='ltr'>mox</span> 
     </span>
     <span class='ocr_line' id='line_1_30' title="bbox 200 3327 2290 3407; baseline 0 -24"><span class='ocrx_word' id='word_1_267' title='bbox 200 3340 394 3404; x_wconf 85' lang='lat' dir='ltr'>supra,</span> <span class='ocrx_word' id='word_1_268' title='bbox 445 3330 609 3407; x_wconf 90' lang='lat' dir='ltr'>quod</span> <span class='ocrx_word' id='word_1_269' title='bbox 650 3347 724 3388; x_wconf 81' lang='lat' dir='ltr'>ex</span> <span class='ocrx_word' id='word_1_270' title='bbox 760 3329 914 3388; x_wconf 85' lang='lat' dir='ltr'>bono</span> <span class='ocrx_word' id='word_1_271' title='bbox 952 3331 1170 3387; x_wconf 88' lang='lat' dir='ltr'>amoris</span> <span class='ocrx_word' id='word_1_272' title='bbox 1210 3331 1268 3387; x_wconf 93' lang='lat' dir='ltr'>in</span> <span class='ocrx_word' id='word_1_273' title='bbox 1304 3328 1628 3386; x_wconf 90' lang='lat' dir='ltr'>Dominum</span> <span class='ocrx_word' id='word_1_274' title='bbox 1676 3336 1736 3389; x_wconf 89' lang='lat' dir='ltr'>et</span> <span class='ocrx_word' id='word_1_275' title='bbox 1788 3347 1862 3386; x_wconf 86' lang='lat' dir='ltr'>ex</span> <span class='ocrx_word' id='word_1_276' title='bbox 1898 3328 2056 3387; x_wconf 90' lang='lat' dir='ltr'>bono</span> <span class='ocrx_word' id='word_1_277' title='bbox 2093 3327 2290 3385; x_wconf 87' lang='lat' dir='ltr'>chari-</span> 
     </span>
     <span class='ocr_line' id='line_1_31' title="bbox 200 3426 2294 3506; baseline -0 -23"><span class='ocrx_word' id='word_1_278' title='bbox 200 3429 322 3485; x_wconf 79' lang='lat' dir='ltr'>tatis</span> <span class='ocrx_word' id='word_1_279' title='bbox 357 3446 499 3505; x_wconf 85' lang='lat' dir='ltr'>erga</span> <span class='ocrx_word' id='word_1_280' title='bbox 534 3430 871 3506; x_wconf 82' lang='lat' dir='ltr'>proximum</span> <span class='ocrx_word' id='word_1_281' title='bbox 905 3445 1048 3486; x_wconf 84' lang='lat' dir='ltr'>vera</span> <span class='ocrx_word' id='word_1_282' title='bbox 1096 3430 1155 3486; x_wconf 91' lang='lat' dir='ltr'>in</span> <span class='ocrx_word' id='word_1_283' title='bbox 1190 3426 1582 3502; x_wconf 87' lang='lat' dir='ltr'>abundantia,</span> <span class='ocrx_word' id='word_1_284' title='bbox 1641 3433 1898 3486; x_wconf 89' lang='lat' dir='ltr'>mustum</span> <span class='ocrx_word' id='word_1_285' title='bbox 1935 3426 2018 3484; x_wconf 89' lang='lat' dir='ltr'>ibi</span> <span class='ocrx_word' id='word_1_286' title='bbox 2052 3441 2163 3483; x_wconf 86' lang='lat' dir='ltr'>seu</span> <span class='ocrx_word' id='word_1_287' title='bbox 2200 3427 2294 3483; x_wconf 88' lang='lat' dir='ltr'>vi-</span> 
     </span>
     <span class='ocr_line' id='line_1_32' title="bbox 198 3520 2293 3604; baseline -0.001 -23"><span class='ocrx_word' id='word_1_288' title='bbox 198 3541 322 3584; x_wconf 88' lang='lat' dir='ltr'>num</span> <span class='ocrx_word' id='word_1_289' title='bbox 370 3537 463 3587; x_wconf 88' lang='lat' dir='ltr'>est</span> <span class='ocrx_word' id='word_1_290' title='bbox 506 3520 746 3603; x_wconf 84' lang='lat' dir='ltr'>verum3</span> <span class='ocrx_word' id='word_1_291' title='bbox 798 3545 907 3602; x_wconf 88' lang='lat' dir='ltr'>per</span> <span class='ocrx_word' id='word_1_292' title='bbox 944 3529 1355 3604; x_wconf 87' lang='lat' dir='ltr'>captivitatem</span> <span class='ocrx_word' id='word_1_293' title='bbox 1389 3527 1600 3603; x_wconf 91' lang='lat' dir='ltr'>populi</span> <span class='ocrx_word' id='word_1_294' title='bbox 1631 3524 1876 3585; x_wconf 71' lang='lat' dir='ltr'>Israelis</span> <span class='ocrx_word' id='word_1_295' title='bbox 1915 3540 2072 3599; x_wconf 87' lang='lat' dir='ltr'>quae</span> <span class='ocrx_word' id='word_1_296' title='bbox 2108 3521 2293 3580; x_wconf 83' lang='lat' dir='ltr'>redu·-</span> 
     </span>
     <span class='ocr_line' id='line_1_33' title="bbox 200 3623 2293 3704; baseline -0.002 -23"><span class='ocrx_word' id='word_1_297' title='bbox 200 3632 377 3701; x_wconf 81' lang='lat' dir='ltr'>cetur,</span> <span class='ocrx_word' id='word_1_298' title='bbox 435 3627 809 3704; x_wconf 86' lang='lat' dir='ltr'>significatur</span> <span class='ocrx_word' id='word_1_299' title='bbox 867 3628 1223 3686; x_wconf 84' lang='lat' dir='ltr'>restauratio</span> <span class='ocrx_word' id='word_1_300' title='bbox 1284 3626 1597 3686; x_wconf 82' lang='lat' dir='ltr'>Ecclesiae</span> <span class='ocrx_word' id='word_1_301' title='bbox 1645 3623 1806 3701; x_wconf 87' lang='lat' dir='ltr'>apud</span> <span class='ocrx_word' id='word_1_302' title='bbox 1855 3628 2091 3699; x_wconf 53' lang='lat' dir='ltr'>gente-«1,</span> <span class='ocrx_word' id='word_1_303' title='bbox 2156 3637 2293 3678; x_wconf 88' lang='lat' dir='ltr'>nam</span> 
     </span>
     <span class='ocr_line' id='line_1_34' title="bbox 196 3724 2296 3802; baseline -0.001 -22"><span class='ocrx_word' id='word_1_304' title='bbox 196 3738 296 3797; x_wconf 87' lang='lat' dir='ltr'>per</span> <span class='ocrx_word' id='word_1_305' title='bbox 333 3730 743 3802; x_wconf 84' lang='lat' dir='ltr'>captivitatem</span> <span class='ocrx_word' id='word_1_306' title='bbox 794 3724 1144 3801; x_wconf 84' lang='lat' dir='ltr'>intelligitur</span> <span class='ocrx_word' id='word_1_307' title='bbox 1193 3727 1511 3802; x_wconf 83' lang='lat' dir='ltr'>eaptivitas</span> <span class='ocrx_word' id='word_1_308' title='bbox 1561 3724 1890 3801; x_wconf 81' lang='lat' dir='ltr'>spiritualis</span> <span class='ocrx_word' id='word_1_309' title='bbox 1902 3765 1920 3797; x_wconf 85' lang='lat'>‚</span> <span class='ocrx_word' id='word_1_310' title='bbox 1994 3738 2151 3798; x_wconf 87' lang='lat' dir='ltr'>quae</span> <span class='ocrx_word' id='word_1_311' title='bbox 2202 3726 2296 3778; x_wconf 89' lang='lat' dir='ltr'>est</span> 
     </span>
     <span class='ocr_line' id='line_1_35' title="bbox 198 3821 2293 3902; baseline -0.001 -22"><span class='ocrx_word' id='word_1_312' title='bbox 198 3826 342 3896; x_wconf 83' lang='lat' dir='ltr'>apud</span> <span class='ocrx_word' id='word_1_313' title='bbox 376 3826 512 3884; x_wconf 87' lang='lat' dir='ltr'>illos</span> <span class='ocrx_word' id='word_1_314' title='bbox 545 3828 647 3902; x_wconf 88' lang='lat' dir='ltr'>qui</span> <span class='ocrx_word' id='word_1_315' title='bbox 680 3827 892 3883; x_wconf 81' lang='lat' dir='ltr'>remoti</span> <span class='ocrx_word' id='word_1_316' title='bbox 929 3843 965 3882; x_wconf 87' lang='lat' dir='ltr'>a</span> <span class='ocrx_word' id='word_1_317' title='bbox 1004 3824 1174 3882; x_wconf 85' lang='lat' dir='ltr'>bonis</span> <span class='ocrx_word' id='word_1_318' title='bbox 1214 3833 1271 3883; x_wconf 89' lang='lat' dir='ltr'>et</span> <span class='ocrx_word' id='word_1_319' title='bbox 1306 3827 1468 3883; x_wconf 85' lang='lat' dir='ltr'>veris</span> <span class='ocrx_word' id='word_1_320' title='bbox 1505 3830 1672 3898; x_wconf 84' lang='lat' dir='ltr'>sunt,</span> <span class='ocrx_word' id='word_1_321' title='bbox 1712 3834 1772 3883; x_wconf 84' lang='lat' dir='ltr'>et</span> <span class='ocrx_word' id='word_1_322' title='bbox 1807 3839 1998 3898; x_wconf 86' lang='lat' dir='ltr'>usque</span> <span class='ocrx_word' id='word_1_323' title='bbox 2033 3823 2093 3880; x_wconf 86' lang='lat' dir='ltr'>in</span> <span class='ocrx_word' id='word_1_324' title='bbox 2129 3821 2293 3880; x_wconf 85' lang='lat' dir='ltr'>desi-</span> 
     </span>
     <span class='ocr_line' id='line_1_36' title="bbox 196 3905 2296 4000; baseline 0.001 -23"><span class='ocrx_word' id='word_1_325' title='bbox 196 3919 347 3982; x_wconf 88' lang='lat' dir='ltr'>derio</span> <span class='ocrx_word' id='word_1_326' title='bbox 381 3925 656 3995; x_wconf 86' lang='lat' dir='ltr'>illorum,</span> <span class='ocrx_word' id='word_1_327' title='bbox 689 3924 964 3982; x_wconf 86' lang='lat' dir='ltr'>videatur</span> <span class='ocrx_word' id='word_1_328' title='bbox 1009 3943 1081 3982; x_wconf 86' lang='lat' dir='ltr'>n:</span> <span class='ocrx_word' id='word_1_329' title='bbox 1126 3927 1316 3985; x_wconf 85' lang='lat'>9164</span> <span class='ocrx_word' id='word_1_330' title='bbox 1334 3944 1352 3999; x_wconf 83' lang='lat'>3</span> <span class='ocrx_word' id='word_1_331' title='bbox 1405 3940 1517 4000; x_wconf 91' lang='lat' dir='ltr'>per</span> <span class='ocrx_word' id='word_1_332' title='bbox 1550 3905 1739 3982; x_wconf 65' lang='lat' dir='ltr'>urbes¹</span> <span class='ocrx_word' id='word_1_333' title='bbox 1768 3923 2114 3982; x_wconf 83' lang='lat' dir='ltr'>devastatas</span> <span class='ocrx_word' id='word_1_334' title='bbox 2145 3937 2296 3998; x_wconf 86' lang='lat' dir='ltr'>quas</span> 
     </span>
     <span class='ocr_line' id='line_1_37' title="bbox 195 4020 2296 4101; baseline 0.001 -25"><span class='ocrx_word' id='word_1_335' title='bbox 195 4021 608 4098; x_wconf 87' lang='lat' dir='ltr'>aedificabunt,</span> <span class='ocrx_word' id='word_1_336' title='bbox 665 4023 1073 4101; x_wconf 85' lang='lat' dir='ltr'>significantur</span> <span class='ocrx_word' id='word_1_337' title='bbox 1123 4023 1478 4083; x_wconf 84' lang='lat' dir='ltr'>doctrinalia</span> <span class='ocrx_word' id='word_1_338' title='bbox 1521 4026 1649 4082; x_wconf 79' lang='lat' dir='ltr'>veri</span> <span class='ocrx_word' id='word_1_339' title='bbox 1699 4031 1759 4081; x_wconf 87' lang='lat' dir='ltr'>et</span> <span class='ocrx_word' id='word_1_340' title='bbox 1801 4022 1944 4081; x_wconf 88' lang='lat' dir='ltr'>boni</span> <span class='ocrx_word' id='word_1_341' title='bbox 1983 4040 2057 4082; x_wconf 80' lang='lat' dir='ltr'>ex</span> <span class='ocrx_word' id='word_1_342' title='bbox 2092 4020 2296 4081; x_wconf 89' lang='lat' dir='ltr'>Verbo</span> 
     </span>
     <span class='ocr_line' id='line_1_38' title="bbox 191 4116 2296 4202; baseline 0.001 -26"><span class='ocrx_word' id='word_1_343' title='bbox 191 4116 470 4182; x_wconf 82' lang='lat' dir='ltr'>hactenus</span> <span class='ocrx_word' id='word_1_344' title='bbox 500 4124 813 4200; x_wconf 87' lang='lat' dir='ltr'>deperdita</span> <span class='ocrx_word' id='word_1_345' title='bbox 840 4133 902 4182; x_wconf 85' lang='lat' dir='ltr'>et</span> <span class='ocrx_word' id='word_1_346' title='bbox 930 4129 1069 4182; x_wconf 89' lang='lat' dir='ltr'>tunc</span> <span class='ocrx_word' id='word_1_347' title='bbox 1103 4122 1534 4200; x_wconf 82' lang='lat' dir='ltr'>restauranda3</span> <span class='ocrx_word' id='word_1_348' title='bbox 1572 4141 1682 4202; x_wconf 89' lang='lat' dir='ltr'>per</span> <span class='ocrx_word' id='word_1_349' title='bbox 1706 4125 1912 4182; x_wconf 84' lang='lat' dir='ltr'>vineas</span> <span class='ocrx_word' id='word_1_350' title='bbox 1941 4137 2090 4198; x_wconf 86' lang='lat' dir='ltr'>quas</span> <span class='ocrx_word' id='word_1_351' title='bbox 2112 4121 2296 4198; x_wconf 22' lang='lat' dir='ltr'>*plan-</span> 
     </span>
     <span class='ocr_line' id='line_1_39' title="bbox 191 4218 2298 4300; baseline 0.001 -24"><span class='ocrx_word' id='word_1_352' title='bbox 191 4218 420 4296; x_wconf 81' lang='lat' dir='ltr'>tabunt,</span> <span class='ocrx_word' id='word_1_353' title='bbox 482 4230 538 4282; x_wconf 87' lang='lat' dir='ltr'>et</span> <span class='ocrx_word' id='word_1_354' title='bbox 575 4240 825 4300; x_wconf 86' lang='lat' dir='ltr'>quarum</span> <span class='ocrx_word' id='word_1_355' title='bbox 864 4225 1064 4288; x_wconf 88' lang='lat' dir='ltr'>vinum</span> <span class='ocrx_word' id='word_1_356' title='bbox 1099 4223 1335 4298; x_wconf 83' lang='lat' dir='ltr'>bibent,</span> <span class='ocrx_word' id='word_1_357' title='bbox 1393 4224 1803 4299; x_wconf 84' lang='lat' dir='ltr'>significantur</span> <span class='ocrx_word' id='word_1_358' title='bbox 1846 4224 2040 4283; x_wconf 90' lang='lat' dir='ltr'>omnia</span> <span class='ocrx_word' id='word_1_359' title='bbox 2085 4221 2298 4280; x_wconf 80' lang='lat' dir='ltr'>Eccle-</span> 
     </span>
    </p>
   </div>
  </div>
 </body>
</html>
