2791 4778
419 335 657 393 CAPUT
697 336 1043 403 QUINTUM„
1807 338 1992 394 VERS
2010 361 2023 393 t
2068 350 2122 400 9.
2283 352 2387 404 121

242 516 374 579 pet·
426 494 821 577 Sanquinem
858 495 1041 577 ‘Aqui
1089 502 1151 559 et
1186 514 1309 576 per
1356 495 1607 558 verbum
1652 491 2037 559 Testimonii
2076 496 2385 561 illorum«

257 598 465 674 Vers:
511 600 634 672 113
687 599 935 675 sanguis
971 598 1131 673 Agni
1179 602 1243 657 et
1272 597 1522 657 verbum
1562 596 1914 658 Testimonii
1948 598 2192 674 dicitur,
2249 604 2390 678 quia

259 697 528 775 Sanguis
564 689 722 773 Agni
755 697 1053 774 significat
1084 699 1489 774 receptionem
1525 698 1730 758 Divini
1756 699 1905 759 Veri
1939 718 1977 758 a
2009 699 2285 775 Domino,
2326 708 2388 761 et

253 798 531 859 Verbum
570 798 921 857 Testimonii
966 800 1325 875 agnitionem
1376 798 1577 858 Divini
1609 799 1875 859 Humani
1906 799 2129 877 Ipsius·
2208 800 2387 878 Quod

259 898 525 976 Sanguis
559 898 856 975 significet
886 899 1172 958 Divinum
1208 898 1469 975 Verum,
1526 899 1721 960 adhuc
1759 906 2034 961 constare
2069 907 2275 980 potest
2311 919 2387 961 ex

259 1016 450 1059 sensu
489 1001 767 1075 opposito
808 1000 973 1077 ejuS,
1030 1001 1090 1057 in
1126 1016 1243 1076 quo
1279 1002 1527 1077 sanguis
1565 1000 1861 1077 significat
1895 1000 2239 1060 violentiam
2273 1000 2387 1061 Di·-

257 1102 404 1159 vino
441 1098 605 1157 Vero
638 1098 868 1158 illatam
917 1085 1031 1176 p'er
1074 1099 1230 1159 falsa
1262 1100 1435 1175 mali,
1496 1106 1556 1160 et
1611 1118 1724 1177 per
1770 1100 1875 1161 illa
1922 1102 2387 1162 destructionem
2493 1140 2498 1145 ·

256 1200 431 1278 eju83
489 1205 550 1259 et
585 1201 725 1275 quia
760 1202 1042 1277 opposita
1095 1201 1275 1259 etiam
1324 1202 1710 1261 manifestant
1745 1202 1889 1277 quid
1922 1202 2291 1278 significatur
2324 1205 2385 1261 in

255 1316 449 1361 sensu
485 1302 774 1377 genuino,
827 1301 965 1361 ideo
1015 1300 1196 1361 velim
1246 1299 1448 1378 aliqua
1489 1301 1627 1361 loca
1674 1301 2001 1371 adducere,
2051 1305 2112 1361 in
2167 1304 2384 1379 quibus

262 1402 513 1475 sanguis
551 1406 609 1459 et
644 1403 967 1479 sanguines
1003 1400 1062 1460 id
1091 1400 1458 1478 significant:
1496 1400 1806 1461 sciendum
1838 1409 1947 1476 est,
1988 1403 2146 1479 quod
2175 1404 2379 1479 plera-

256 1517 385 1577 que
418 1502 481 1558 in
514 1500 717 1559 Verbo
754 1505 933 1561 etiam
971 1503 1316 1578 oppositum
1349 1517 1597 1562 sensum
1633 1501 1924 1577 habeant,
1984 1511 2046 1562 et
2097 1503 2258 1580 quod
2306 1521 2383 1562 ex

252 1600 365 1660 illo
401 1616 585 1660 sensu
623 1603 763 1661 sciri
798 1604 994 1680 possit
1030 1602 1173 1678 quid
1205 1602 1575 1679 significatur
1610 1605 1667 1661 in
1705 1620 1889 1662 sensu
1925 1606 2216 1680 genuino:
2266 1607 2386 1663 sint

253 1703 463 1775 itaque
493 1700 644 1760 haec
667 1720 778 1777 pro
796 1693 1232 1777 ‘illustration03
1268 1704 1329 1762 in
1355 1702 1729 1780 Apocalypsi
1757 1701 2133 1780 „Secundus
2159 1703 2382 1785 Ληρε-

251 1798 367 1862 lus
419 1800 647 1881 effudit
686 1800 984 1881 phialam
1038 1821 1224 1863 suam
1270 1803 1342 1864 in
1390 1821 1568 1864 mare
1584 1848 1601 1878 ,
1657 1808 1718 1863 et
1740 1804 2000 1884 sactum
2051 1809 2147 1866 est
2192 1806 2383 1884 quasi

245 1902 530 1982 sanquis
567 1903 806 1965 mortui
817 1923 846 1975 ;
898 1910 967 1979 et*
998 1921 1175 1964 omne
1206 1900 1455 1964 animal
1495 1903 1709 1965 vivens
1748 1904 1819 1966 in
1848 1905 2024 1968 maa-z·
2060 1913 2380 1968 mortuum

247 2008 367 2064 est.
430 2000 529 2065 Et
568 2003 800 2065 tertius
836 2000 1133 2083 Anyelus
1172 2002 1404 2083 effudit
1435 2002 1731 2084 phiala-m
1768 2024 1957 2066 suam
2001 2007 2073 2067 in
2098 2005 2385 2085 flumina

247 2107 315 2163 et
352 2102 426 2164 in
448 2104 668 2184 sontes
709 2124 1039 2185 aquarum,
1081 2111 1141 2166 et
1166 2105 1391 2185 sactae
1433 2113 1584 2166 sunt
1621 2106 1942 2185 sanquis“
1991 2106 2175 2167 XVI:
2220 2108 2281 2166 3.
2314 2111 2378 2165 4:

251 2212 319 2264 et
352 2204 495 2263 alibi
544 2247 584 2278 ,‚
604 2204 767 2267 Duo
809 2211 996 2267 testes
1021 2211 1401 2286 potestatem
1459 2205 1682 2269 habent
1719 2224 1909 2285 super
1945 2225 2177 2285 aquas,
2231 2225 2377 2267 con—

249 2304 539 2366 vertendi
590 2325 701 2366 eas
751 2307 823 2368 in
879 2307 1304 2386 sawzyainem“
1364 2306 1570 2383 Apoc:
1609 2305 1730 2366 XI:
1792 2311 1863 2366 6:
1927 2306 2089 2383 apud
2140 2307 2384 2384 Esajam

259 2404 535 2485 „Aquae
588 2406 880 2470 Nimrz’m
937 2405 1359 2469 desolationes
1424 2413 1637 2482 erunt,
1704 2414 1765 2469 et
1826 2424 2032 2487 aquae
2073 2406 2388 2468 Dimom's

247 2502 483 2584 plenae
523 2514 673 2571 eant
709 2508 1067 2590 sanquine“
1125 2508 1265 2569 XV:
1312 2512 1370 2568 6.
1414 2510 1491 2567 9:
1566 2507 1729 2584 apud
1763 2506 2061 2566 Davidem
2120 2550 2160 2582 „
2190 2504 2388 2568 Misit

257 2605 545 2669 temerae
576 2615 645 2671 et*
668 2608 1108 2684 obtenebravit,
1151 2608 1339 2671 vertit
1372 2626 1579 2687 aqua-s·
1618 2626 1834 2669 eorum
1875 2607 1948 2668 in
1982 2607 2382 2687 sanquinem,

253 2712 321 2767 et
362 2707 864 2790 occiditpiscem
902 2711 1167 2772 eorum“
1210 2709 1451 2769 Psalm:
1504 2708 1629 2769 CV:
1672 2710 1786 2768 23.
1829 2711 1941 2768 28.
1982 2710 2116 2786 293
2178 2717 2251 2768 ex
2287 2708 2381 2769 his

248 2808 408 2867 locis
435 2825 508 2868 ex
534 2813 808 2888 opposito
837 2817 1095 2888 apparet
1121 2809 1265 2888 quid
1291 2809 1587 2886 significat
1614 2807 1873 2886 Sanguis
1888 2829 1905 2886 3
1945 2813 2191 2887 sanguis
2222 2812 2380 2869 enim

244 2910 311 2966 in
358 2912 633 2984 genuino
675 2927 857 2971 sensu
903 2910 1202 2988 significat
1243 2904 1527 2970 Divinum
1573 2909 1835 2981 Verum,
1892 2916 1952 2970 et
2000 2911 2165 2986 apud
2214 2913 2375 2970 reci-

244 3010 490 3086 pientes
527 3028 735 3069 verum
774 3027 848 3070 ex
877 3012 1061 3087 bono,
1101 3011 1238 3071 inde
1274 3012 1335 3070 in
1369 3014 1651 3088 opposito
1691 3027 1880 3070 sensu
1916 3009 2210 3088 significat
2248 3012 2383 3069 vio-

244 3109 500 3168 lentiam
551 3111 779 3170 illatam
825 3112 1044 3171 Divino
1093 3111 1286 3186 Vero,
1353 3101 1425 3170 ac
1472 3111 1635 3187 apud
1686 3111 1822 3170 illos
1877 3114 1990 3188 ‘qui
2050 3111 2111 3170 id
2158 3112 2384 3171 faciunt
2419 3174 2432 3195 ,-

244 3208 473 3269 falsum
513 3229 590 3270 ex
626 3212 815 3283 malo,
866 3213 980 3272 hoc
1019 3214 1363 3291 oppositum
1399 3218 1652 3288 apparet
1699 3228 1775 3270 ex
1811 3229 1912 3287 eo,
1969 3212 2131 3288 quod
2167 3202 2390 3271 dicanss‘

243 3316 349 3368 tur
384 3306 602 3386 Aquae
639 3315 856 3385 mariS,
910 3312 1223 3372 fluminum
1257 3320 1317 3372 et
1352 3313 1603 3371 fontium
1658 3328 1871 3370 versae
1908 3315 1969 3371 in
2008 3313 2383 3388 sanguinem,

243 3426 364 3486 per
399 3428 593 3487 aquas
632 3415 788 3472 enim
837 3412 1251 3490 significantur
1285 3430 1465 3487 vera,
1523 3429 1708 3489 quare
1755 3429 1869 3489 per
1901 3412 2252 3486 sanguinem
2300 3409 2383 3467 ibi

242 3509 441 3583 falsa,
483 3529 640 3587 quae
677 3513 993 3572 destruunt
1021 3531 1170 3572 vera
1182 3533 1199 3589 3
1240 3531 1352 3589 per
1386 3513 1608 3572 animal
1643 3515 1855 3571 vivens
1891 3513 1951 3568 in
1988 3511 2135 3567 mari
2174 3513 2233 3566 et
2268 3525 2381 3584 per

242 3611 482 3686 piscem
520 3612 927 3689 significantur
961 3616 1107 3673 vera
1141 3611 1502 3689 scientifica,
1556 3616 1642 3672 ita
1686 3629 1796 3689 per
1830 3609 1936 3669 illa
1973 3628 2047 3668 ex
2083 3610 2377 3685 sanguine

244 3716 490 3769 mortua
527 3719 586 3771 et
621 3716 823 3772 occisa
858 3713 1268 3791 significantur
1301 3713 1408 3772 illa
1441 3731 1589 3774 vera
1625 3715 1806 3772 etiam
1844 3710 2183 3784 destructa3
2224 3710 2382 3786 quod

241 3826 360 3885 per
394 3818 588 3888 aquas
626 3813 1039 3891 significentur
1071 3832 1250 3889 vera,
1288 3814 1569 3874 videatur
1605 3829 1794 3890 supra
1829 3829 1902 3870 n:
1949 3813 2071 3886 713
2126 3818 2186 3869 et
2221 3811 2381 3887 quod

240 3926 360 3986 per
391 3914 596 3988 pisces
631 3931 779 3973 vera
813 3912 1116 3974 sientifica
1151 3931 1309 3992 quae
1344 3913 1640 3973 naturalis
1676 3912 1963 3987 hominiS,
2001 3913 2063 3970 in
2097 3912 2380 3974 AaoAms

243 4008 669 4074 Connnswmus
705 4032 775 4073 n:
820 4016 932 4074 40.
984 4015 1144 4074 991.
1195 4014 1382 4075 Porro
1410 4016 1469 4074 in
1495 4013 1869 4092 Apocalypsi
1906 4010 2211 4093 „Aspeoei
2233 4030 2375 4072 cum

239 4113 604 4188 aperuisset
638 4112 936 4194 siyillum
976 4120 1231 4176 secutum
1248 4159 1265 4190 ,
1321 4121 1380 4176 et
1430 4132 1559 4174 ecce
1598 4119 1804 4176 tem-ae
1854 4118 2065 4173 motus
2103 4130 2380 4191 maynus

226 4210 464 4292 sactus
496 4218 595 4275 est
611 4258 629 4289 ,
676 4219 735 4274 et
769 4212 883 4278 sol
911 4215 1142 4296 sactus
1169 4222 1262 4277 est
1293 4215 1477 4296 niyer
1514 4219 1586 4275 ut
1627 4232 1881 4289 saccus,
1928 4217 1988 4273 et
2014 4211 2206 4272 Luna
2247 4214 2383 4268 tota

1605 4354 1614 4358 -
1655 4354 1760 4376 ·.''³⁷²‘
1809 4358 1834 4361 1,
