2791 4778
418 359 526 408 138
598 309 603 314 ³
758 344 1252 399 APOCALYPSIS
1301 341 1731 398 sxpnch'rA.
1812 344 1858 409 ς.
1904 351 2032 403 336.
2077 350 2207 403 337.

418 507 537 566 olei
572 503 980 580 significantur
1020 521 1165 563 vera
1199 504 1590 580 procedentia
1649 520 1721 561 ex
1760 502 1942 576 bon0‚
2001 501 2136 560 ideo
2193 501 2267 559 de
2302 502 2394 559 his
2446 501 2542 561 di-

418 611 635 666 cuntur
669 605 967 680 myriades
1005 612 1062 661 ot
1102 604 1174 663 de
1214 605 1330 663 illis
1368 602 1691 676 chiliades;
1746 602 1903 678 quod
1949 620 2068 678 per
2096 603 2317 676 arietes
2353 606 2545 679 sig-ni-

416 707 667 766 ficentur
713 704 872 763 bona
923 705 1285 781 spiritualia,
1338 703 1615 761 videatur
1650 721 1721 762 n:
1765 704 1977 762 2830.
2021 704 2245 777 41703
2304 708 2363 760 et
2397 707 2546 779 quia

418 823 530 885 per
565 805 761 863 oleum
798 805 1168 880 significatur
1201 805 1420 863 bonum
1459 806 1677 862 amoris
1691 849 1707 878 ,
1762 802 1899 861 inde
1935 820 2046 878 per
2080 805 2243 860 rivos
2283 804 2413 878 ejus
2455 806 2542 861 si-

419 905 772 984 gnificantur
807 905 1192 981 procedentia
1230 924 1304 962 ox
1339 905 1475 978 illc,
1515 922 1669 980 quae
1707 910 1847 963 sunt
1872 920 2035 961 vera.
2088 902 2272 978 Apud
2308 903 2540 961 Danie-

418 1006 537 1064 lem
579 1051 612 1080 „
638 1002 873 1066 Videns
896 1005 1012 1085 fui
1048 1024 1245 1083 usque
1292 1004 1447 1064 dum
1486 1003 1700 1063 throni
1714 1001 1988 1083 projecti
2025 1009 2204 1075 aunt,
2253 1007 2312 1060 et
2341 1003 2540 1063 Anti-

417 1124 581 1185 quua
609 1104 859 1166 dierum
886 1105 1080 1174 sedit,
1108 1104 1351 1181 flumen
1379 1105 1557 1183 iqui-s·
1585 1122 1889 1163 emanans
1924 1110 1983 1163 et
2008 1102 2229 1163 exiens
2259 1122 2300 1161 α
2328 1120 2545 1163 cora-m

417 1205 573 1286 Ipso
586 1226 613 1278 ;
670 1203 921 1266 Chilias
955 1203 1312 1265 chiliadum
1338 1205 1791 1265 ministrabant
1816 1203 1979 1282 Ipsi,
2024 1209 2083 1262 et
2107 1201 2371 1283 Myr-ias
2398 1224 2544 1284 my-

415 1306 679 1368 riadum
721 1325 931 1366 coram
959 1305 1112 1386 Ipso
1151 1306 1454 1365 stabant“
1495 1307 1645 1366 VII:
1693 1310 1751 1365 9.
1787 1308 1906 1379 10;
1965 1307 2162 1379 agitur
2196 1304 2279 1361 ibi
2317 1304 2389 1363 de
2430 1306 2541 1362 ad-

417 1415 603 1467 ventu
636 1407 906 1480 Domini,
960 1416 1019 1466 et
1055 1425 1165 1483 per
1199 1407 1446 1465 thronos
1503 1409 1605 1483 qui
1638 1407 1895 1482 projecti
1948 1404 2357 1482 significantur
2392 1405 2544 1463 salsa

418 1508 728 1566 Ecclesiae
780 1525 937 1583 quae
990 1509 1294 1565 destructa
1310 1528 1326 1582 3
1380 1525 1493 1583 per
1538 1507 1864 1581 Antiquum
1913 1506 2141 1563 dierum
2193 1505 2544 1589 intelligitur

418 1608 712 1667 Dominus
750 1608 825 1665 ab
863 1609 1157 1681 Aetern03
1214 1625 1323 1683 per
1358 1608 1580 1666 flumen
1634 1608 1788 1682 ignis
1832 1623 2115 1665 emanans
2168 1612 2230 1663 et
2267 1608 2478 1664 exiens
2514 1623 2547 1663 a

420 1725 620 1767 coram
655 1706 798 1782 Ipso
835 1708 1202 1783 significatur
1235 1708 1521 1766 Divinum
1556 1708 1786 1765 Bonum
1829 1709 2053 1764 amoris
2093 1713 2152 1763 et
2189 1703 2329 1763 ind'e
2365 1705 2545 1766 Divi-

417 1826 561 1865 num
581 1805 830 1880 Verum,
862 1826 971 1883 per
997 1809 1214 1865 ssumcn
1243 1811 1394 1883 ignis
1427 1823 1710 1866 emanans
1738 1808 2018 1865 Divinum
2044 1806 2275 1863 Bonum
2303 1808 2545 1875 amoris,

220 1897 380 1979 [435]
424 1913 485 1965 et
518 1923 628 1984 per
662 1905 821 1964 idem
874 1910 1077 1965 exiens
1118 1909 1397 1965 Divinum
1437 1908 1662 1965 Verum
1710 1907 2045 1982 procedens
2060 1926 2076 1981 3
2135 1907 2276 1982 quia
2309 1915 2544 1964 utrum·

419 2024 537 2084 que
599 2007 967 2083 significatur
1027 2009 1163 2066 ideo
1203 2009 1419 2067 dicitur
1483 2008 1692 2068 chilias
1745 2007 2069 2065 chiliadum
2129 2006 2547 2064 ministrabant

418 2108 576 2184 Ipsi,
618 2116 679 2165 et
713 2110 933 2184 myrias
971 2108 1299 2184 myriadum
1338 2110 1577 2168 stabant
1614 2125 1810 2167 coram
1850 2107 2029 2183 IpSO,
2072 2106 2282 2165 chilias
2321 2106 2395 2166 de
2431 2107 2548 2164 Di·-

418 2210 556 2267 vino
583 2208 770 2281 Bone,
812 2216 871 2267 et
907 2211 1126 2285 myrias
1166 2210 1239 2266 de
1275 2209 1495 2267 Divino
1527 2209 1688 2269 Vero
1702 2229 1716 2283 3
1767 2209 2104 2266 ministrare
2144 2209 2321 2264 etiam
2357 2225 2543 2283 prae-

418 2310 652 2369 dicatur
689 2309 762 2367 de
790 2308 968 2380 bono,
1010 2310 1285 2368 videatur
1329 2327 1515 2386 supra
1551 2328 1619 2367 n:
1668 2310 1799 2368 155
1820 2329 1835 2382 ς
1893 2316 1952 2366 et
1988 2316 2150 2367 stare
2187 2308 2344 2366 sicut
2381 2309 2544 2366 exire

417 2413 800 2489 praedicatur
829 2410 902 2469 de
936 2428 1099 2469 vero.
1160 2411 1337 2486 Apud
1366 2411 1577 2468 Mosen
1618 2409 1945 2485 „Quando
1976 2409 2325 2488 quiescebat
2350 2409 2546 2476 Arca,

420 2511 599 2572 dimit
624 2509 869 2579 Moses,
920 2509 1061 2571 redi
1101 2510 1413 2587 Jelr.0vah‚
1453 2509 1777 2590 myriades
1821 2507 2176 2570 chiliadum
2216 2505 2567 2569 Israelis“'

418 2613 608 2671 Num:
658 2611 750 2669 X:
807 2613 929 2684 363
985 2615 1261 2687 quoniam
1325 2630 1436 2688 per
1489 2613 1702 2670 Arcam
1764 2611 2212 2686 significabatur
2258 2610 2544 2669 Divinum

423 2710 701 2770 Coeleste
736 2711 1068 2786 procedens
1107 2731 1143 2769 a
1178 2713 1463 2785 Domino,
1506 2731 1578 2769 ex
1617 2712 1787 2787 Lege⁴
1816 2729 1926 2770 seu
1965 2711 2332 2770 Testimonio
2386 2709 2545 2786 quod

421 2814 484 2869 in
509 2810 632 2883 illa,
673 2816 733 2868 et
766 2829 877 2886 per
903 2812 1188 2872 Israelem
1225 2813 1668 2888 significabatur
1695 2810 1968 2870 Ecclesia
2004 2811 2206 2888 quoad
2237 2812 2542 2886 receptio-

422 2928 558 2969 nem
593 2910 796 2969 Diviui
831 2912 984 2971 Boni
1022 2921 1080 2971 et
1116 2914 1316 2970 Divini
1358 2913 1530 2985 Veri,
1571 2914 1704 2970 idco
1744 2912 1957 2970 dicitur
1992 2911 2291 2988 myriades
2329 2910 2540 2970 chilia-

423 3012 564 3070 dum
598 3009 843 3070 Israelis
858 3057 875 3086 ,
941 3032 1051 3088 per
1089 3030 1243 3087 quae
1308 3014 1719 3087 significantur
1769 3030 1914 3070 vera
1970 3031 2043 3072 ex
2090 3012 2245 3070 bono
2295 3013 2544 3087 quaein

420 3112 651 3171 Israele
688 3129 797 3173 seu
835 3116 891 3171 in
931 3113 1224 3172 Ecclesia.
1283 3112 1443 3188 Quid
1491 3121 1691 3172 autem
1731 3113 1953 3173 Chilias
2005 3130 2117 3172 seu
2150 3113 2317 3171 Mille
2354 3112 2538 3187 signi-

422 3214 632 3287 ficant,
690 3213 825 3272 dum
878 3216 965 3272 cis
1011 3231 1133 3271 non
1196 3212 1600 3289 adjunguntur
1651 3206 1858 3273 decem
1910 3214 2098 3272 millia
2149 3230 2259 3271 seu
2295 3212 2541 3288 MyriaS,

422 3314 720 3374 videbitur
773 3316 833 3372 in
883 3330 993 3371 suo
1042 3312 1311 3370 Articuio
1361 3317 1421 3372 in
1470 3314 1896 3390 sequentibus;
1953 3316 2178 3389 pariter
2233 3313 2375 3388 quid
2424 3329 2541 3369 nu-

422 3426 646 3476 meruS.

578 3517 737 3577 337.
792 3515 1079 3573 Dicentes
1135 3531 1282 3572 voce
1318 3531 1565 3590 magna,
1621 3514 1835 3591 dignus
1882 3521 1977 3574 est
2022 3515 2234 3590 Agnus
2284 3515 2538 3584 occisu3‚

423 3617 582 3693 quod
617 3614 911 3690 significet
946 3615 1303 3689 agnitionem
1359 3615 1540 3673 corde
1595 3615 1753 3692 quod
1804 3633 1975 3675 omne
2011 3614 2296 3674 Divinum
2345 3616 2425 3672 sit
2470 3630 2544 3672 ex

420 3717 645 3776 Divino
681 3714 958 3772 Humano
995 3708 1236 3773 Domini
1284 3732 1401 3772 non
1440 3718 1638 3791 agnito
1691 3721 1752 3774 et
1787 3733 1824 3774 a
1859 3716 2059 3775 multis
2096 3723 2348 3792 negato,
2403 3731 2544 3773 con-

423 3821 544 3873 stat
571 3833 644 3871 ex
676 3812 1110 3887 significatione
1140 3815 1337 3873 dicere
1359 3831 1506 3873 voce
1535 3833 1768 3892 magna,
1801 3816 1957 3890 quod
1978 3797 2067 3873 ‚sit
2093 3818 2318 3891 agnitio
2348 3813 2543 3882 corde,

422 3915 498 3973 de
528 3931 649 3990 qua
673 3915 943 3988 sequitur
955 3935 971 3990 3
1014 3932 1085 3972 ex
1116 3913 1550 3990 significatione
1580 3917 1760 3992 digni,
1800 3934 1933 3974 cum
1970 3916 2042 3974 de
2070 3916 2345 3989 Domin0,
2387 3913 2543 3991 quod

421 4014 502 4072 sit
536 4015 815 4071 meritum
852 4021 909 4072 et
935 4016 1202 4092 justitia,
1254 4015 1326 4074 de
1369 4034 1487 4092 qua
1522 4033 1709 4094 supra
1744 4035 1809 4074 n:
1855 4017 2017 4076 293.
2065 4018 2203 4076 303
2225 4036 2240 4091 ;
2295 4015 2393 4073 hic
2427 4016 2544 4072 ita-

423 4131 541 4190 que
578 4113 734 4190 qnod
771 4131 941 4174 omne
968 4117 1251 4176 Divinum
1289 4115 1415 4177 Sibi
1454 4135 1528 4176 ex
1562 4118 1808 4193 propria
1844 4117 2149 4192 potentia,
2184 4118 2271 4174 ita
2307 4133 2381 4175 cx
2418 4131 2546 4172 me·-

421 4216 533 4273 rito
550 4260 566 4289 ,
625 4220 1099 4293 comparaverit,
1159 4224 1217 4276 et
1269 4220 1357 4275 sic
1407 4216 1565 4293 quod
1629 4233 1701 4275 ex
1741 4217 1989 4276 ,Iustitia
2041 4233 2213 4276 omne
2260 4216 2547 4274 Divinum
