2791 4778
349 401 573 456 CAPUT
612 399 925 458 SEXTUM.
1725 399 1934 454 VERS=
1977 411 2030 461 6.
2189 412 2299 464 275

210 568 261 620 et
291 560 439 618 bona
473 563 613 636 quia
638 559 1124 635 correspondent,
1156 561 1236 617 ita
1260 560 1825 636 correspondentiae
1842 580 1859 636 3
1895 560 2001 620 illa
2030 576 2300 623 commu-

208 662 539 720 nicationem
568 660 971 718 immediatam
996 659 1221 717 habent
1250 676 1384 718 cum
1413 659 1659 736 Angelis
1692 659 1884 731 Coeli,
1922 661 2074 721 haec
2103 668 2305 723 autem

205 777 305 818 non
348 761 746 819 immediatam
800 759 909 817 sed
957 758 1273 816 mediatam
1325 777 1437 834 per
1484 760 2060 837 correspondentiaS.
2151 763 2298 822 Inde

204 868 307 932 est,
345 861 506 936 quod
541 859 794 933 Judaei,
836 861 976 934 quia
1003 858 1197 916 solum
1230 862 1289 916 in
1326 876 1512 919 sensu
1539 852 1750 918 literae
1780 862 2050 930 fuerunt,
2087 869 2146 920 et
2180 881 2300 922 non

201 962 255 1018 in
286 963 620 1036 cognitione
658 960 732 1018 de
768 958 1196 1034 significatione
1236 977 1436 1017 rerum
1470 961 1529 1017 in
1565 976 1748 1018 sensu
1800 962 2130 1037 spirituali,
2188 981 2307 1022 non

202 1063 491 1136 potuerint
546 1060 821 1116 damnum
876 1059 1092 1115 inferre
1148 1061 1353 1116 sensui
1403 1060 1700 1134 spirituali
1765 1061 1897 1136 ejus
1944 1078 2056 1120 nec
2107 1061 2308 1136 quoad

201 1160 399 1217 bonum
438 1177 552 1217 nec
580 1159 777 1234 quoad
812 1176 1050 1226 verum,
1107 1165 1544 1232 consequenter
1577 1176 1690 1217 nec
1727 1163 1998 1236 genuinis
2035 1160 2206 1219 bonis
2249 1168 2309 1221 et

201 1262 368 1318 veris:
427 1259 704 1318 similiter
729 1257 1004 1316 Ecclesia
1032 1255 1371 1315 Christiana
1406 1258 1613 1333 hodie,
1654 1277 1763 1318 nec
1794 1263 1990 1336 potuit
2026 1259 2308 1320 damnum

198 1360 398 1419 inferre
458 1360 627 1417 bonis
670 1365 732 1416 et
781 1361 940 1416 veris
979 1360 1254 1432 genuinis
1307 1376 1462 1434 quae
1513 1367 1652 1417 sunt
1686 1362 1747 1417 in
1784 1376 1963 1418 sensu
2006 1360 2304 1436 spirituali

199 1459 385 1533 Verbi,
426 1476 569 1516 nam
603 1460 901 1534 ignoravit
938 1476 1072 1514 eum
1110 1474 1380 1529 sensum,
1435 1464 1495 1516 et
1531 1475 1664 1516 cum
1701 1459 1803 1518 illo
1844 1462 2025 1518 etiam
2059 1462 2302 1536 ignora-
2342 1477 2503 1537 [527]

198 1561 271 1617 vit
302 1560 566 1636 genuina
599 1559 758 1615 bona
795 1563 854 1614 et
888 1575 1051 1615 vera.
1111 1557 1291 1632 Quod
1324 1556 1672 1616 Christianis
1708 1577 1824 1617 non
1862 1560 2130 1619 detectus
2169 1562 2305 1620 fue-

195 1661 265 1717 rit
293 1675 516 1719 sensus
556 1656 878 1733 spiritualis
915 1657 1133 1730 Verbi,
1178 1664 1271 1714 est
1306 1673 1521 1731 causa,
1576 1660 1716 1734 quia
1750 1661 2011 1736 genuina
2048 1661 2209 1718 bona
2245 1665 2307 1719 et

196 1776 343 1833 vera,
383 1758 593 1834 qualia
629 1763 767 1815 sunt
801 1758 861 1814 in
892 1755 1091 1815 Coelis
1129 1757 1559 1832 superioribuS,
1597 1758 1785 1817 latent
1819 1763 1879 1818 in
1907 1776 2090 1819 sensu
2117 1760 2308 1820 Verbi

195 1858 521 1934 spirituali,
565 1865 624 1916 et
660 1857 940 1931 quamdiu
976 1856 1082 1914 illa
1118 1857 1276 1914 bona
1313 1864 1372 1915 et
1407 1875 1554 1915 vera
1591 1876 1702 1916 non
1742 1866 2033 1935 percepta
2069 1866 2128 1918 et
2162 1867 2307 1919 nota

196 1959 466 2031 fuerunt,
522 1975 632 2016 nec
667 1958 861 2033 potuit
896 1956 997 2014 ille
1035 1973 1249 2014 sensus
1305 1959 1553 2031 aperiri,
1610 1976 1727 2015 non
1766 1962 1917 2016 enim
1956 1960 2146 2018 videri
2190 1976 2304 2037 po-

193 2064 467 2118 tuerunt:
543 2057 698 2132 quod
746 2059 1005 2132 genuina
1046 2056 1207 2114 bona
1248 2062 1306 2114 et
1342 2073 1488 2114 vera
1525 2059 1584 2113 in
1624 2056 1973 2116 Christianis
2016 2059 2306 2119 Ecclesiis

194 2176 304 2216 non
338 2165 631 2234 percepta
671 2164 729 2217 et
777 2163 918 2214 nota
953 2157 1201 2225 fuerint,
1264 2163 1355 2214 est
1403 2173 1586 2213 causa
1636 2160 1775 2232 quia
1810 2158 2117 2216 Ecclesiae
2164 2159 2306 2218 illae

192 2258 422 2316 divisae
459 2258 725 2327 fuerunt,
775 2260 835 2314 in
870 2273 1089 2331 genere
1124 2258 1184 2313 in
1220 2255 1590 2314 Pontificiam
1648 2267 1707 2315 et
1754 2259 1816 2313 in
1862 2257 2304 2333 Evangelicam,

196 2366 254 2416 et
295 2361 357 2416 in
390 2357 697 2416 Pontificia
745 2372 994 2433 prorsus
1045 2359 1397 2432 ignorantur
1433 2373 1612 2424 vera,
1675 2359 1813 2433 quia
1849 2356 1933 2414 illi
1972 2359 2072 2433 qui
2108 2360 2168 2415 in
2204 2356 2310 2416 illa

198 2476 317 2515 non
353 2458 609 2532 pendent
648 2476 721 2516 ex
766 2456 1000 2524 Verbo,
1054 2458 1138 2513 ita
1177 2475 1248 2514 ex
1286 2458 1540 2514 Domino
1578 2460 1678 2532 qui
1717 2463 1807 2514 est
1844 2457 2140 2527 Verbum,
2192 2458 2307 2517 hoc
2401 2448 2408 2454 ’

200 2563 303 2614 est
336 2557 607 2615 Divinum
643 2558 901 2626 Verum,
964 2556 1073 2614 sed
1111 2574 1183 2613 ex
1218 2556 1538 2625 Pontifice,
1594 2567 1668 2613 ex
1706 2558 1877 2632 cujus
1916 2574 2016 2615 ore
2055 2560 2154 2614 vix
2196 2557 2306 2614 ali-

195 2656 346 2733 quid
377 2658 657 2731 procedit,
696 2659 811 2715 nisi
847 2656 1003 2732 quod
1047 2663 1139 2713 est
1183 2674 1256 2712 ex
1294 2674 1497 2715 amore
1534 2657 1893 2732 imperandi,
1953 2662 2012 2715 et
2048 2659 2099 2714 is
2139 2674 2309 2715 amor

192 2762 289 2815 est
326 2768 397 2814 ex
432 2758 691 2834 inferno;
750 2773 933 2833 quare
972 2758 1148 2814 etiam
1185 2759 1286 2813 vix
1326 2775 1511 2814 unum
1545 2756 1802 2832 Verum,
1862 2757 2020 2833 quod
2059 2764 2153 2816 est
2186 2758 2307 2816 Ec-

189 2856 447 2927 clesiae,
497 2858 657 2932 apud
690 2857 826 2916 illos
866 2856 1069 2914 datur:
1125 2858 1181 2913 in
1218 2857 1598 2932 Evangelicis
1646 2864 1850 2916 autem
1885 2857 2171 2916 Ecclesiis
2217 2862 2310 2917 est

188 2957 323 3017 sola
363 2956 515 3015 fides
570 2962 837 3015 assumta
896 2947 1359 3032 pro'essentiali
1414 2957 1609 3015 medio
1665 2957 1912 3031 salutiS,
1983 2964 2044 3017 et
2085 2976 2198 3035 per
2247 2957 2311 3016 id

189 3063 286 3115 est
332 3056 553 3115 bonum
607 3060 822 3115 amoris
879 3063 939 3114 et
997 3056 1302 3115 charitatis
1356 3057 1645 3133 rejectum
1701 3060 1856 3116 sicut
1913 3075 2031 3116 non
2094 3075 2308 3117 essen·

189 3156 363 3226 tiale,
414 3164 475 3215 et
509 3157 613 3215 ubi
645 3157 864 3215 bonum
903 3163 995 3214 est
1030 3157 1345 3232 rejectum,
1391 3156 1474 3214 ibi
1508 3174 1618 3215 nec
1656 3157 1785 3215 dari
1820 3164 2022 3234 potest
2067 3156 2310 3235 aliquod

186 3273 403 3315 verum
435 3256 594 3332 quod
627 3258 686 3314 in
721 3274 788 3314 se
827 3263 918 3314 est
952 3273 1163 3313 verum
1177 3277 1192 3330 ς
1258 3273 1431 3314 omne
1464 3258 1614 3313 enim
1652 3275 1861 3315 verum
1900 3265 1989 3316 est
2026 3275 2096 3317 ex
2132 3258 2309 3330 bone,

186 3373 332 3414 nam
366 3357 561 3414 influit
595 3356 886 3416 Dominus
913 3358 971 3413 in
1007 3356 1229 3414 bonum
1265 3356 1538 3427 hominiS,
1578 3364 1637 3415 et
1671 3375 1780 3433 per
1804 3357 2023 3415 bonum
2052 3357 2312 3414 illustrat

190 3474 364 3529 eum,
421 3462 483 3514 et
519 3456 621 3514 dat
654 3456 850 3515 lucem
905 3461 971 3513 ut
1018 3458 1309 3531 percipiat
1358 3473 1533 3530 vera,
1589 3474 1774 3538 quare
1812 3456 2038 3529 absque
2074 3454 2178 3512 illa
2211 3454 2310 3511 lu-

186 3571 298 3629 ce,
356 3573 511 3632 quae
569 3563 662 3615 est
705 3559 839 3632 ipsa
891 3557 1017 3615 vita
1065 3556 1389 3631 spiritualis
1439 3556 1718 3626 hominiS,
1776 3571 1892 3611 non
1942 3559 2035 3610 est
2079 3568 2309 3627 verum,

185 3662 498 3733 utcunque
536 3663 707 3714 sonat
741 3662 810 3714 ut
835 3674 1043 3715 verum
1082 3657 1223 3732 quia
1259 3673 1334 3715 ex
1376 3657 1609 3727 Verbo,
1655 3660 1747 3715 est
1783 3671 1992 3712 verum
2027 3651 2312 3710 falsifica-

185 3761 322 3813 tum
352 3772 462 3831 per
496 3756 665 3815 ideas
696 3772 844 3831 quas
881 3756 956 3814 de
994 3773 1064 3813 eo
1101 3756 1300 3827 habet,
1341 3774 1475 3814 nam
1516 3775 1590 3814 ex
1628 3756 1740 3814 fide
1769 3759 2054 3831 separata
2091 3771 2128 3810 a
2163 3752 2309 3813 cha-

179 3856 399 3930 ritate,
454 3872 564 3915 seu
615 3873 689 3914 ex
740 3859 897 3914 veris
951 3855 1178 3930 absque
1224 3856 1413 3930 bono,
1471 3874 1588 3913 non
1638 3854 1801 3912 aliud
1838 3854 2119 3914 resultat:
2176 3852 2313 3913 inde

178 3971 350 4013 nune
386 3962 495 4029 est,
536 3955 694 4032 quod
718 3956 1006 4016 Ecclesiis
1038 3954 1389 4014 Christianis
1426 3973 1545 4014 non
1573 3954 1843 4032 patefieri
1875 3957 2135 4030 potuerit
2173 3972 2316 4013 sen-

181 4069 302 4111 sns
353 4055 680 4131 spiritualis
734 4055 976 4129 Verbi,
1020 4073 1152 4113 nam
1213 4057 1263 4112 si
1311 4057 1675 4132 patefactuS‚
1733 4054 2219 4114 falsificavissent
2255 4059 2316 4114 et

157 4158 627 4229 pervertissent
657 4155 827 4214 illum
861 4174 971 4232 per
1009 4156 1176 4215 ideas
1216 4172 1289 4213 ex
1329 4156 1602 4228 fallaciiS,
1645 4162 1703 4215 et
1741 4157 1826 4214 sic
1869 4155 2310 4232 prophanavis·

182 4259 364 4312 sent:
418 4255 554 4314 inde
604 4273 845 4333 quoque
895 4263 1015 4330 est,
1074 4256 1232 4333 quod
1280 4273 1578 4331 nusquam
1617 4256 1864 4331 aliquiS,
1922 4258 2098 4314 etiam
2138 4260 2310 4333 post-

1746 4359 1822 4411 is
1856 4349 1893 4386 ἦ
