2791 4778
1102 235 1135 256 ι,

476 391 586 444 480
858 380 1354 436 APOCALYPSIS
1398 380 1842 456 ΕΧΡΙᾸΟΑΤΑ,
1937 382 1990 448 §.
2040 390 2172 443 411.
2265 417 2291 454 ὁ

477 541 633 603 serit
685 536 869 600 illam
922 540 1171 601 duabus
1218 541 1461 603 vicibus
1477 561 1504 612 ;
1565 559 1760 620 quare
1808 539 2254 601 denuntiatum
2289 549 2390 602 eat
2427 543 2598 605 Moai

475 648 534 702 et
563 630 876 715 'Aharont
930 640 1098 720 quod
1133 660 1257 702 non
1305 640 1678 702 deducerent
1709 638 2024 719 populum
2068 642 2138 704 in
2178 647 2424 704 terram
2473 643 2592 706 G'a-

476 744 792 803 naanem“
830 742 1018 801 Num:
1056 742 1210 801 XX:
1261 745 1295 801 8
1340 742 1417 799 ad
1453 744 1572 816 133
1619 742 1780 818 quod
1813 742 1994 800 Petra
2031 742 2137 801 illa
2172 745 2593 820 significaverit

474 844 824 917 Dominum,
873 850 1077 902 notum
1134 849 1227 902 est
1272 846 1331 901 in
1375 842 1685 915 Ecclesia,
1741 843 1850 900 sed
1896 859 2012 900 non
2062 850 2269 901 notum
2307 846 2586 922 estquod

476 944 610 1004 ideo
653 944 1103 1020 significaverit,
1174 946 1317 1020 quia
1367 944 1551 1002 Petra
1596 945 1656 1002 in
1707 942 1910 1001 Verbo
1962 943 2261 1019 significat
2305 946 2581 1007 Divinum

475 1046 700 1105 Verum
755 1044 1086 1119 procedens
1139 1062 1174 1102 a
1228 1044 1512 1120 Domin03
1597 1060 1782 1120 quare
1859 1046 2040 1102 etiam
2106 1045 2433 1103 mandatum
2488 1053 2582 1106 est

474 1144 628 1204 Mosi
666 1151 724 1202 et
769 1144 1029 1202 Aharoni
1068 1151 1131 1202 ut
1159 1144 1549 1221 loquerentur
1585 1146 1661 1204 ad
1696 1144 1885 1219 illam,
1928 1151 1988 1202 et
2029 1146 2116 1203 sic
2154 1146 2581 1206 sanctificarent

473 1245 770 1305 Johovam
819 1247 879 1302 in
926 1246 1114 1305 oculis
1166 1246 1421 1305 filiorum
1473 1245 1749 1321 Israelis,
1805 1263 1914 1321 per
1964 1262 2155 1320 aquas
2211 1250 2390 1305 etiam
2435 1265 2584 1324 quae

473 1347 828 1404 effluxerunt
863 1346 1229 1423 significatur
1262 1346 1548 1404 Divinum
1591 1346 1852 1420 Verum,
1903 1354 1960 1404 et
1999 1364 2108 1423 per
2142 1353 2352 1423 potare
2390 1366 2584 1426 popu-

469 1446 592 1505 lum
657 1464 730 1505 ex
792 1447 910 1530 illis
962 1447 1329 1524 significatur
1382 1447 1773 1523 spiritualiter
1834 1449 2091 1522 nutrire,
2153 1448 2315 1522 quod
2370 1448 2440 1507 fit
2498 1452 2585 1508 in-

471 1547 754 1607 struendo
794 1554 854 1606 et
890 1547 1187 1621 docendo,
1246 1547 1406 1623 quod
1456 1565 1651 1624 aquae
1704 1547 2040 1624 significent
2076 1565 2252 1622 vera,
2319 1550 2590 1608 videatur

471 1665 655 1724 supra
689 1665 755 1704 n:
809 1652 888 1706 71
917 1669 932 1721 ;
990 1656 1050 1707 et
1090 1648 1245 1725 quod
1297 1648 1505 1708 bibere
1558 1656 1617 1708 et
1669 1652 1866 1725 potari
1915 1647 2220 1725 significet
2258 1652 2479 1710 instrui
2533 1657 2588 1710 et

472 1749 700 1819 doceri,
763 1749 823 1805 in
874 1749 1146 1807 Ancams
1198 1747 1616 1809 Connnsrmus
1682 1769 1748 1807 n:
1814 1751 2026 1809 3069.
2100 1750 2312 1822 3772.
2375 1754 2585 1810 4017.

473 1850 686 1936 4018.
732 1850 941 1909 8562.
988 1851 1196 1908 9412.
1275 1847 1481 1908 Simile
1525 1853 1730 1932 itaque
1781 1850 2147 1927 significatur
2187 1867 2298 1926 per
2344 1850 2584 1912 Petram

471 1949 630 2025 apud
668 1949 906 2025 Esajam
940 1946 1137 2023 „Non
1164 1949 1403 2023 sitient,
1459 1950 1529 2011 in
1565 1951 1979 2011 vastitatibus
2017 1948 2199 2010 ducet
2227 1969 2349 2026 eoa,
2388 1970 2585 2031 aquas

469 2069 501 2108 e
538 2048 739 2108 Petra
775 2049 1032 2129 effluere
1066 2050 1279 2129 faciet
1316 2047 1495 2126 illia,
1562 2049 1719 2111 dum
1759 2051 1964 2131 findit
2012 2049 2316 2127 Petram,
2369 2061 2446 2114 ut
2491 2054 2584 2133 ef-

456 2150 676 2228 fluant
743 2170 942 2229 aquae
967 2154 1004 2184 “
1080 2148 1376 2211 XLXIII:
1448 2157 1569 2211 21:
1665 2152 1826 2228 apud
1889 2152 2182 2210 Davidem
2259 2151 2588 2235 „Diffidit

467 2251 703 2312 Petrae
756 2251 825 2310 in
882 2251 1126 2313 deserto
1145 2297 1159 2325 ,
1245 2257 1303 2311 et
1370 2252 1568 2328 bibere
1604 2253 1769 2333 fecit
1825 2253 2091 2332 abyssos
2150 2272 2426 2332 maynaa
2439 2298 2458 2331 ,
2527 2259 2585 2313 et

422 2372 429 2378 ·
468 2351 698 2413 eduoeit
755 2350 1007 2430 fluenta
1064 2371 1096 2412 e
1159 2351 1393 2414 Petra:
1471 2360 1530 2414 et
1592 2352 1922 2414 recordati
1979 2358 2128 2414 sunt
2177 2353 2345 2433 quod
2396 2356 2583 2418 Deus

466 2452 667 2513 Petra
694 2471 938 2524 eoru-m,
990 2459 1049 2513 et
1085 2454 1275 2515 Deus
1303 2451 1594 2516 eoece-Zsus
1620 2454 2013 2534 Redemptor
2046 2458 2303 2516 eorum“
2345 2458 2578 2521 Psalm:

465 2554 824 2613 LXXVIII:
875 2556 982 2613 15.
1032 2557 1142 2613 16.
1187 2559 1296 2615 20.
1341 2558 1466 2615 35:
1540 2557 1704 2632 apud
1750 2556 2024 2615 Eundem
2075 2555 2411 2636 „Aperuit
2455 2557 2585 2618 Pe·-

465 2659 635 2714 tram
672 2661 746 2714 ut
783 2655 1107 2734 effluerent
1142 2674 1345 2734 aqu-ae
1363 2701 1377 2730 ,
1432 2656 1683 2718 iverunt
1721 2657 1791 2718 in
1830 2656 2245 2733 siccitatibus,
2282 2658 2580 2736 fluviu8“

464 2756 698 2814 Psalm:
760 2756 897 2815 CV:
945 2761 1071 2815 41:
1140 2757 1303 2833 apud
1350 2757 1620 2816 Eundem
1692 2757 1803 2833 „A
1843 2776 2055 2818 coram
2093 2756 2381 2819 Domino
2415 2777 2573 2839 par·-

465 2854 634 2914 turie
688 2861 887 2930 terra,
966 2877 1009 2916 a
1060 2876 1272 2918 coram
1310 2858 1457 2918 Deo
1501 2856 1731 2918 Jaeobi
1740 2903 1758 2934 ,
1826 2857 1938 2936 qui
1978 2860 2277 2921 convertit
2318 2859 2578 2920 Petram

463 2953 533 3013 in
571 2958 875 3032 staynum
914 2975 1247 3034 aquarum,
1291 2956 1537 3019 silicem
1574 2959 1644 3018 in
1668 2960 1919 3038 sontem
1954 2964 2314 3038 aquaram“
2358 2961 2569 3020 Psalm:

465 3052 698 3113 CXIV:
757 3051 883 3130 [7.]
942 3057 1012 3131 83
1084 3057 1241 3130 quod
1286 3058 1467 3117 Petra
1518 3062 1576 3117 in
1612 3061 1703 3135 his
1741 3059 1888 3119 loeis
1927 3061 2220 3136 significet
2259 3062 2569 3122 Dominum

464 3153 659 3231 quoad
688 3154 970 3213 Divinum
996 3154 1239 3231 Verum,
1280 3174 1390 3217 seu
1421 3160 1775 3236 quod-idem,
1811 3161 2094 3218 Divinum
2123 3161 2357 3221 Verum
2386 3180 2422 3221 a
2445 3161 2564 3220 Do-

461 3257 648 3327 mino,
707 3259 878 3330 patet
914 3272 951 3312 a
984 3256 1371 3332 supradictis,
1426 3267 1548 3318 tum
1606 3263 1784 3318 etiam
1826 3278 1901 3319 ex
1942 3277 2047 3329 eo,
2124 3263 2290 3338 quod
2325 3266 2383 3322 in
2422 3262 2564 3320 binis

460 3355 576 3414 illis
622 3355 771 3414 locis
810 3356 970 3431 apud
1005 3357 1300 3417 Davidem
1337 3367 1549 3436 agatur
1595 3360 1668 3419 de
1713 3361 2149 3437 Redemptione
2189 3370 2249 3422 et
2295 3364 2562 3440 Regene-

459 3458 687 3516 ratione
723 3456 1024 3516 hominum
1059 3458 1404 3536 Ecclesiae,
1463 3460 1621 3536 quod
1661 3460 1728 3519 fit
1776 3479 1885 3537 per
1928 3461 2216 3519 Divinum
2264 3464 2488 3524 Verum
2534 3477 2568 3517 a

459 3558 745 3632 Domine,
806 3558 880 3617 de
929 3558 1367 3635 Redemptione
1435 3578 1546 3636 per
1592 3562 1775 3630 haec,
1836 3561 2162 3621 Recordati
2221 3570 2374 3633 sunt
2423 3558 2571 3640 quod

259 3669 417 3730 [661]
460 3660 628 3718 Deus
667 3659 849 3717 Petra
888 3676 1089 3718 eorum
1140 3666 1201 3719 et
1246 3660 1418 3720 Deus
1468 3661 1745 3720 excelsus
1786 3661 2163 3740 Redemptor
2214 3681 2472 3748 eorum-X
2500 3661 2570 3720 de

457 3759 934 3836 Regeneratione
973 3747 1082 3837 per
1120 3760 1298 3835 haec,
1348 3779 1383 3818 a
1413 3778 1612 3819 coram
1650 3762 1904 3821 Domino
1942 3768 2205 3840 parturis
2248 3773 2426 3837 terra,
2463 3774 2567 3840 pu·

457 3863 755 3936 paturire,
819 3877 954 3919 cum
1001 3861 1216 3919 dicitur
1264 3862 1338 3920 de
1374 3862 1677 3934 Ecclesia,
1752 3864 2121 3939 significatur
2166 3867 2473 3925 reformari
2516 3864 2572 3921 et

459 3961 824 4034 regenerari.
909 3960 1092 4034 Apud
1133 3961 1378 4036 Esajam
1401 3960 1795 4036 „Attendite
1831 3963 1921 4023 ad
1972 3960 2080 4023 Me
2120 3971 2430 4026 sectantes
2455 3962 2568 4048 ju-

460 4058 714 4120 stitiam
730 4105 748 4135 ,
830 4063 1194 4136 quaerentes
1251 4059 1601 4134 Jehovam,·
1670 4064 1966 4143 respicite
2018 4063 2109 4125 ad
2176 4065 2446 4128 Petram
2494 4078 2573 4122 eat

457 4175 584 4230 qua
637 4158 844 4215 excisi
892 4157 1077 4230 estic,
1132 4164 1192 4216 et
1230 4160 1320 4219 ad
1354 4161 1747 4238 effossionem
1773 4165 2002 4244 foveae
2047 4182 2129 4226 ea·
2180 4186 2310 4245 qua
2361 4158 2575 4246 effossi

456 4249 658 4307 eati-W
701 4252 813 4309 LI:
861 4257 926 4327 13
980 4271 1089 4327 per
1124 4256 1366 4318 Petram
1421 4261 1773 4338 intelligitur
1820 4263 2114 4325 Dominus
2153 4268 2353 4344 quoad
2398 4264 2570 4326 Divi-
