2791 4778
427 379 538 432 128
869 367 1361 424 APOCALYPSIS
1403 366 1835 424 EXPLICATA.
1890 367 1938 437 §-
1983 377 2113 430 331.

418 527 562 612 puli
588 525 985 590 ambulantes
1010 525 1375 589 intenebris
1402 523 1697 588 viderunt
1723 522 1927 587 lucem
1950 543 2280 606 mayuam:
2320 524 2545 590 multi-

414 627 688 713 plicasti
740 624 1032 704 Gentem,
1086 624 1197 689 illi
1241 645 1552 707 mayuum
1599 623 1958 687 reddidisti
1994 624 2316 706 qaudium
2339 630 2379 662 “
2430 628 2550 691 IX:

439 736 497 791 1.
536 734 611 790 2:
665 735 726 790 et
760 728 925 806 apud
955 727 1227 789 Eundem
1264 726 1463 802 „Fiet
1501 725 1573 787 in
1607 724 1713 787 die
1736 722 1885 803 illo,
1928 725 2214 788 radicem
2241 726 2548 813 Jisolzaji,

421 850 582 913 quae
635 836 819 891 stans
864 829 936 889 in
993 830 1255 909 siqnum
1304 823 1704 908 Populorum
1722 870 1738 900 ‚
1808 824 2042 887 Gentes
2081 833 2409 906 quaerent,
2489 834 2553 891 et

424 929 601 993 tollet
639 930 702 990 si
700 949 901 1010 quum
939 928 1249 990 Gentibus
1264 973 1279 1002 ,
1335 934 1394 989 et
1432 926 1838 1008 couyreqabit
1873 925 2179 1006 expulsos
2215 926 2549 992 hradist

423 1033 545 1094 XI:
592 1034 700 1091 10.
747 1034 868 1107 12;
923 1031 1073 1090 haec
1094 1073 1110 1103 ‚
1150 1046 1307 1107 quae
1343 1032 1405 1088 in
1439 1028 1534 1087 his
1570 1027 1747 1102 locis,
1787 1027 1862 1087 de
1895 1027 2152 1088 Domino
2189 1028 2352 1090 dicta
2389 1037 2552 1103 sunt,

423 1151 495 1194 ac
533 1150 644 1211 per
683 1131 942 1209 populos
982 1138 1043 1190 et
1075 1137 1288 1208 gentes
1323 1128 1741 1205 intelliguntur
1776 1143 1982 1187 omnes
2018 1130 2134 1206 qui*
2157 1129 2233 1188 ab
2271 1130 2553 1191 Ecclesia

425 1235 660 1312 Ipsius,
697 1250 833 1292 nam
876 1247 1082 1292 omnes
1119 1233 1224 1307 qui
1256 1230 1332 1289 ab
1361 1229 1637 1290 Ecclesia
1659 1227 1900 1288 Domini
1934 1235 2106 1301 sunt,
2142 1229 2241 1289 vel
2278 1247 2310 1289 e
2336 1229 2554 1309 Regno

427 1335 629 1413 Ipsius
656 1334 905 1394 coelesti
932 1337 1073 1394 sunt
1094 1330 1196 1390 vel
1224 1348 1259 1390 e
1279 1330 1491 1405 Regno
1525 1329 1724 1405 Ipsius
1769 1329 2097 1406 spirituali3
2138 1337 2384 1407 praeter
2407 1331 2550 1393 illos

429 1437 532 1513 qui
576 1435 635 1491 in
675 1433 911 1493 duobus
945 1434 1077 1492 istis
1103 1429 1361 1508 Regale,
1402 1430 1551 1489 nulli
1590 1429 1805 1489 dantur
1830 1432 1934 1507 qui
1960 1428 2035 1488 ab
2060 1430 2371 1491 Ecclesia:
2408 1438 2555 1492 sunt

432 1538 614 1596 etiam
642 1534 760 1594 duo
788 1551 944 1611 quac
972 1534 1198 1593 faciunt
1223 1530 1576 1607 Ecclesiam,
1604 1530 1838 1590 Bonum
1866 1537 1927 1589 et
1952 1530 2199 1603 Verum,
2225 1538 2554 1611 utrumque

432 1653 470 1695 a
494 1636 772 1706 Domine,
805 1651 916 1711 per
947 1632 1173 1693 Gentes
1202 1632 1614 1709 intelliguntur
1639 1631 1726 1690 illi
1750 1630 1852 1709 qui
1877 1632 1937 1690 in
1965 1632 2122 1692 bono
2145 1638 2310 1706 sunt,
2351 1638 2415 1691 et
2437 1651 2557 1711 per

429 1735 697 1813 Populos
727 1734 813 1792 illi
843 1735 1029 1810 quiin
1057 1751 1221 1809 vero,
1263 1739 1324 1792 et
1350 1734 1653 1793 abstracte
1682 1748 1719 1790 a
1742 1735 2038 1809 personiS,
2081 1749 2193 1809 per
2217 1738 2429 1809 gentes
2460 1736 2555 1794 si·-

432 1834 786 1913 gnificantur
812 1832 970 1892 bona
992 1833 1319 1909 Ecclesiae,
1352 1840 1415 1893 et
1440 1851 1549 1910 per
1575 1833 1841 1909 Populos
1873 1850 2018 1893 vera
2047 1834 2214 1912 ejus:
2252 1833 2412 1911 quod
2436 1851 2559 1913 per

430 1934 698 2012 Populos
724 1933 1127 2010 significentur
1157 1951 1300 1994 vera
1313 1934 1643 2008 Ecclesiae,
1672 1939 1766 1993 est
1796 1935 1936 2010 quia
1947 1933 2179 1993 Bonum
2206 1934 2554 2011 spirituale,

430 2054 540 2096 seu
565 2035 798 2093 Bonum
827 2034 1133 2095 charitatis
1163 2052 1308 2113 erga
1338 2037 1705 2111 proximum,
1759 2036 1820 2093 in
1856 2051 1975 2112 quo
2012 2042 2151 2095 sunt
2184 2034 2274 2094 illi
2303 2037 2408 2112 qui
2432 2053 2556 2113 per

320 2169 351 2197 8
432 2134 698 2214 Populos
734 2134 1173 2212 intelliguntur,
1229 2138 1290 2196 in
1326 2152 1440 2194 sua
1475 2138 1739 2195 essentia
1773 2141 1867 2194 est
1900 2152 2136 2211 verum,
2175 2135 2452 2195 videatur
2488 2138 2557 2197 in

431 2241 707 2298 AncAms
739 2235 1177 2311 CossnnsmeS,
1215 2255 1289 2296 n:
1334 2237 1546 2295 8042.
1592 2238 1866 2296 10296ι
1921 2252 2109 2297 causa
2143 2235 2304 2314 quod
2337 2238 2424 2295 ita
2447 2240 2555 2310 sit,

432 2358 502 2399 n:
548 2340 709 2399 863.
744 2339 905 2400 875.
944 2338 1106 2398 895.
1145 2340 1302 2398 927.
1343 2337 1554 2397 1023.
1595 2337 1803 2397 1043.
1845 2338 2053 2397 1044.
2089 2337 2300 2398 1555.
2329 2338 2552 2399 2256.

432 2442 647 2501 4328.
690 2441 902 2499 4493.
951 2439 1163 2499 5113.
1211 2440 1433 2499 9596ι
1491 2438 1667 2515 quale
1702 2438 1839 2498 inde
1876 2438 2190 2498 discrimen
2224 2438 2552 2499 interillos

428 2544 529 2619 qui
582 2559 613 2600 e
660 2539 870 2617 Regno
927 2538 1177 2599 coelesti
1236 2545 1380 2599 sunt
1445 2545 1505 2598 et
1544 2538 1679 2597 illos
1741 2542 1846 2616 qui
1898 2557 1932 2599 e
1967 2537 2177 2616 Regno
2225 2539 2549 2616 spirituali,

426 2661 497 2701 n:
541 2643 755 2701 2088.
801 2641 1013 2700 2669.
1051 2642 1264 2700 2708.
1311 2641 1525 2700 2715.
1570 2640 1780 2699 3235.
1826 2641 2037 2699 3240.
2079 2641 2294 2699 4788.
2333 2642 2557 2703 7068.

435 2744 648 2801 8521.
695 2743 906 2798 9277.
955 2741 1214 2801 10295.
1268 2740 1453 2819 Apud
1487 2739 1757 2799 Eundem
1794 2738 1925 2815 „Iu
1950 2745 2222 2819 tempore
2264 2738 2381 2803 illo
2417 2740 2552 2802 ad·

429 2840 692 2901 ducetur
718 2857 952 2900 munus
988 2837 1264 2901 Jehovae
1307 2838 1591 2902 Zebaolh
1619 2837 1916 2920 Populus
1955 2839 2312 2903 distractus
2336 2848 2400 2902 et
2424 2858 2551 2903 ex-

421 2937 706 3021 pilatus,
751 2942 813 2998 et
852 2937 1024 3000 Gens
1050 2935 1381 3001 'delineata
1420 2946 1480 3000 et
1518 2936 1897 3017 conculcata,
1951 2941 2136 3026 cujus
2164 2947 2402 3005 temam
2428 2940 2552 3002 de-

417 3037 727 3121 praedati
764 3044 915 3100 sunt
942 3037 1162 3118 fluvii,
1204 3038 1297 3101 ad
1334 3036 1541 3101 locum
1575 3039 1878 3102 Nominis
1915 3039 2218 3113 Jelwvae,
2271 3047 2555 3106 montem

429 3138 712 3202 Ziouis“
754 3138 1000 3201 XVIII:
1044 3143 1106 3200 2.
1153 3147 1184 3199 7
1194 3160 1212 3216 3
1254 3141 1453 3218 agitur
1486 3140 1568 3200 ibi
1606 3140 1680 3201 de
1713 3143 2126 3205 invitatatione
2164 3146 2426 3204 omnium
2462 3145 2554 3204 ad

426 3239 795 3314 Ecclesiam,
850 3257 1037 3318 quare
1086 3243 1267 3302 etiam
1328 3243 1665 3301 nominatur
1708 3243 1974 3320 populus
2021 3250 2082 3303 et
2118 3261 2298 3322 gens3
2370 3261 2554 3306 mons

426 3342 631 3401 Zionis
667 3340 964 3419 sigulficat
996 3338 1331 3403 Ecclesiam
1365 3342 1446 3400 ad
1479 3358 1656 3419 quam
1692 3344 2040 3421 invitantur3
2094 3361 2205 3423 per
2245 3344 2554 3423 populum

426 3443 775 3503 distractum
826 3451 887 3502 et
921 3439 1247 3518 expilatum
1296 3442 1703 3520 significantur
1737 3442 1826 3502 illi
1868 3445 2031 3522 apud
2067 3461 2219 3529 quos
2262 3461 2410 3504 vera
2461 3447 2552 3506 ab

424 3544 542 3605 illis
577 3546 680 3622 qui
714 3546 774 3603 in
812 3543 982 3603 falsis
1021 3544 1327 3604 doctrinae
1363 3549 1527 3617 sunt,
1567 3542 1823 3615 sublata,
1857 3551 2089 3605 mutata
2122 3551 2227 3605 aut
2248 3561 2555 3623 perversa

424 3651 593 3719 sunt3
654 3661 764 3721 per
811 3650 1054 3720 gentem
1110 3643 1474 3704 deliueatam
1523 3649 1583 3704 et
1621 3643 2061 3716 conculcatam,
2110 3647 2280 3724 cujus
2317 3651 2551 3708 terram

425 3744 779 3821 depraedati
814 3749 953 3803 sunt
996 3746 1188 3819 fluvii,
1255 3744 1664 3822 significantur
1707 3744 1796 3804 illi
1836 3745 1998 3824 apud
2050 3763 2201 3823 quos
2247 3746 2410 3807 bona
2453 3749 2547 3807 si-

425 3843 672 3917 militer,
726 3843 891 3902 fluvii
923 3852 1066 3905 sunt
1099 3845 1255 3905 falsa
1290 3852 1351 3905 et
1384 3847 1867 3906 ratiocinationes
1904 3863 1979 3905 ex
2014 3847 2152 3906 illis.
2206 3846 2394 3924 Apud
2419 3846 2546 3908 Sa-

425 3943 691 4004 chariam
746 3986 783 4018 „
810 3941 1043 4007 Adhuc
1093 3945 1337 4007 vmz’ent
1384 3942 1659 4026 Populi,
1728 3950 1789 4006 et
1835 3944 2237 4023 ‚habitatores
2284 3946 2549 4008 urbium

419 4061 807 4123 maynarum
817 4088 836 4119 ‚
891 4043 983 4106 ad
1010 4043 1472 4126 deprecandum
1493 4045 1711 4127 facies
1735 4044 2026 4123 Jehovae,
2066 4051 2127 4109 et
2165 4047 2261 4109 sic
2294 4046 2548 4109 venient

422 4140 667 4225 Populi
688 4140 897 4221 multi,
929 4151 990 4207 et
1017 4145 1251 4208 Gentes
1273 4165 1643 4212 numerosae
1665 4144 1757 4209 ad
1779 4146 2207 4228 quaerendum
2232 4146 2547 4210 Jehovam

421 4242 705 4308 zebaoth
742 4244 813 4308 iu
835 4243 1341 4329 Hierosolyma“
1387 4245 1558 4308 VIII:
1601 4247 1670 4326 [2
1686 4247 1778 4325 0.]
1829 4252 1941 4309 21.
1978 4251 2064 4309 22
2085 4268 2102 4326 3
2139 4266 2253 4328 per
2277 4246 2544 4328 populos

2703 511 2729 810 l
