2791 4778
380 378 590 432 CAPUT
631 379 937 437 SEXTUM.
1742 378 1919 433 VERS
1938 401 1950 432 ε
1997 390 2049 440 8.
2210 392 2275 443 31
2288 392 2318 442 5

252 541 443 596 esurire
477 538 549 594 ad
595 538 816 595 bonum
857 538 1075 595 amoris
1112 543 1172 595 et
1209 539 1374 596 sitire
1413 537 1490 595 ad
1531 555 1739 596 verum
1788 537 1928 596 fidei
1942 557 1958 613 3
2016 546 2222 598 aestus
2262 547 2322 598 et

248 638 325 697 sol
354 637 667 714 significant
709 637 1188 696 incalescentiam
1228 656 1263 695 a
1303 639 1612 714 principiis
1650 638 1787 696 falsi
1827 645 1886 697 et
1921 655 2123 697 amore
2159 639 2320 711 mali,

245 738 369 796 haec
412 740 557 796 enim
611 737 823 796 tollunt
869 754 1100 796 omnem
1159 739 1542 797 esuritionem
1596 744 1656 796 et
1701 741 1859 797 sitim
1913 740 2318 815 spiritualem,

247 840 601 914 scaturigines
663 856 982 913 aquarum,
1047 853 1232 914 super
1294 855 1443 913 quas
1503 838 1794 897 Dominus
1851 838 2138 897 ducturus
2196 857 2317 914 eos,

248 940 545 1013 significant
579 938 1037 997 illustrationem
1062 938 1120 995 in
1151 941 1308 997 omni
1341 955 1522 1010 vero,
1570 942 1871 1015 scaturigo
1916 954 2027 998 seu
2060 939 2192 997 fons
2232 947 2324 998 est

247 1037 476 1096 Verbum
508 1045 570 1096 et
608 1055 845 1113 quoque
888 1037 1156 1097 doctrina
1193 1056 1268 1097 ex
1314 1037 1551 1109 Verbo,
1604 1057 1798 1114 aquae
1844 1045 1984 1098 sunt
2017 1056 2198 1111 vera,
2262 1047 2322 1098 et
2363 1043 2521 1102 [553]

245 1137 459 1212 ducere,
497 1155 629 1198 cum
668 1138 739 1195 de
776 1138 1053 1213 Domino,
1094 1144 1188 1196 est
1221 1138 1546 1198 illustrare.
1614 1140 1704 1196 Ex
1740 1139 1832 1197 his
1871 1144 2146 1198 constare
2182 1148 2322 1216 pot-

247 1245 339 1311 est,
380 1239 511 1314 quid
538 1238 905 1315 significatur
931 1256 1040 1315 per
1062 1238 1304 1297 Domini
1327 1237 1533 1297 Verba
1562 1239 1722 1314 apud
1752 1239 2092 1297 Johannem
2130 1239 2325 1320 „Eyo

246 1354 365 1396 sum
393 1337 597 1398 Panis
625 1338 828 1412 vitae,
883 1338 996 1416 qui
1029 1339 1196 1399 venit
1234 1337 1324 1397 ad
1356 1335 1466 1397 Me
1499 1356 1620 1397 non
1648 1339 1915 1412 esuriet,
1957 1347 2015 1398 et
2047 1341 2157 1417 qui
2192 1360 2321 1400 cre-

245 1435 328 1496 dit
371 1438 434 1497 in
483 1436 592 1496 Me
638 1458 763 1498 non
802 1438 977 1498 sitiet
1015 1440 1336 1516 nsquam“
1388 1438 1506 1497 VI:
1571 1441 1692 1514 353
1750 1439 1910 1515 quod
1955 1440 2050 1498 hic
2097 1444 2324 1499 esurire

243 1538 305 1594 sit
335 1540 520 1596 venire
571 1539 649 1596 ad
685 1540 1032 1612 Dominum,
1090 1545 1149 1597 et
1190 1538 1348 1614 quod
1389 1539 1556 1598 sitire
1597 1541 1674 1597 sit
1712 1540 1961 1598 credere
2001 1543 2060 1598 in
2096 1541 2322 1616 Ipsum,

243 1644 381 1711 patet
394 1659 408 1713 3
458 1642 663 1697 venire
711 1639 789 1697 ad
823 1639 1143 1696 Dominum
1172 1645 1265 1697 est
1296 1640 1494 1698 facere
1530 1646 1857 1716 praecepta
1892 1639 2111 1715 Ipsius.
2169 1640 2327 1715 Quia

230 1735 377 1795 'haec
402 1757 506 1814 per
543 1743 773 1797 esurire
811 1746 870 1796 et
904 1740 1069 1798 sitire
1096 1739 1518 1814 significantur,
1561 1741 1738 1798 etiam
1766 1747 1932 1816 patet
1959 1740 2099 1816 quid
2135 1742 2322 1816 signi-

246 1835 427 1896 ficatur
455 1858 564 1915 per
606 1840 853 1897 Domini
886 1838 1072 1896 verba
1108 1839 1269 1914 apud
1302 1838 1671 1898 Matthaeum
1722 1839 1919 1914 „Rea'
1960 1839 2138 1900 dimit
2184 1836 2326 1899 illis

245 1954 278 1992 a
308 1936 567 2008 decetne,
623 1938 869 1998 esurivi
910 1944 971 1997 et
1008 1936 1283 1998 dedistis
1328 1936 1504 1998 Mihi
1541 1938 1745 2013 edere,
1809 1940 1995 1999 sitivi
2038 1947 2098 2000 et
2125 1946 2319 2018 pota-

243 2035 345 2094 stis
381 2036 516 2109 Me;
557 2038 945 2118 pereyrinus
982 2039 1100 2117 fui
1143 2043 1203 2097 et
1246 2035 1601 2117 colleyistis
1647 2038 1793 2098 Me:
1855 2045 1915 2098 et
1964 2040 2142 2100 dixit
2182 2038 2324 2100 illis

243 2151 278 2192 a
312 2135 606 2213 sinistris,
693 2137 859 2216 quod
900 2137 1236 2198 esuriverit
1300 2145 1359 2199 et
1408 2155 1532 2205 non
1599 2137 1888 2200 dederint
1948 2137 2076 2199 Illi
2126 2138 2322 2212 edere,

243 2235 384 2309 quod
419 2238 686 2300 sitiverit
735 2244 794 2298 et
831 2255 955 2297 non
994 2237 1281 2299 dederint
1316 2236 1426 2298 illi
1463 2238 1686 2311 bibere,
1721 2239 1915 2315 'quod
1942 2238 2325 2316 pereyrinus

237 2332 414 2411 suerit
434 2345 485 2399 et
505 2358 627 2399 non
659 2335 1068 2417 eolleyerint“
1098 2338 1301 2398 XXV:
1336 2340 1447 2399 35.
1479 2339 1588 2397 37.
1615 2328 1680 2426 [4
1697 2328 1785 2426 2.]
1811 2342 1924 2415 443
1950 2326 2065 2416 ‘per
2095 2340 2322 2397 esurire

255 2441 310 2489 et
340 2437 481 2495 sitire
512 2441 876 2517 significatur
911 2441 970 2496 in
1007 2441 1338 2515 ignorantia
1388 2446 1448 2497 et
1494 2445 1763 2515 egestate
1809 2439 2105 2514 spirituali
2163 2454 2320 2511 esse,

250 2548 313 2589 ac
340 2550 440 2608 per
471 2538 634 2600 edere
674 2547 735 2598 et
768 2545 983 2616 potare
1023 2539 1397 2616 significatur
1434 2557 1510 2597 ex
1545 2538 1857 2598 affectione
1887 2538 2184 2614 spirituali
2211 2553 2323 2595 seu

246 2629 497 2696 charitate
545 2644 847 2699 instruere
900 2645 959 2702 et
992 2639 1327 2713 illustrare,
1381 2640 1519 2698 ideo
1569 2642 1746 2697 etiam
1797 2640 2325 2714 dicitur-peregriq

241 2748 335 2790 nus
366 2735 441 2795 fui
478 2747 535 2797 et
559 2758 682 2799 non
718 2740 1043 2816 collegistis
1078 2738 1211 2813 Me,
1271 2757 1408 2797 narn
1446 2757 1558 2815 per
1591 2741 1941 2816 peregrinos
1979 2739 2320 2815 significan-

242 2837 321 2888 tur
347 2835 425 2894 illi
458 2843 554 2913 qui
598 2846 771 2899 extra
805 2840 1141 2899 Ecclesiam
1180 2845 1353 2911 sunt,
1421 2856 1491 2898 ac
1534 2838 1743 2897 volunt
1789 2841 2006 2898 instrui
2054 2856 2123 2897 ac
2159 2841 2317 2898 reci-

243 2947 361 3004 pere
393 2937 696 2999 Ecclesiae
735 2940 1115 3012 doctrinalia,
1175 2945 1236 2998 et
1278 2941 1482 2998 vivere
1520 2939 1849 2998 secundum
1886 2940 2007 3013 illa,
2047 2939 2325 2998 videatur

240 3046 297 3088 n:
351 3039 545 3098 1463.
605 3042 820 3099 4444.
886 3041 1097 3098 7908.
1155 3041 1366 3097 8007.
1432 3040 1644 3097 8913.
1705 3042 1917 3099 9196.
2020 3040 2211 3097 Etiam
2262 3042 2322 3096 in

236 3125 407 3192 Verbo
444 3139 665 3214 legitur
715 3140 789 3199 de
828 3140 1086 3199 Domino
1137 3138 1296 3214 quod
1333 3140 1654 3197 esuriverit
1691 3147 1748 3197 et
1783 3142 2065 3208 sitiverit,
2120 3147 2180 3197 et
2214 3156 2325 3214 per

238 3229 323 3289 illa
353 3237 722 3316 intelligitur,
781 3241 939 3315 quod
977 3252 1064 3298 'ex
1108 3255 1310 3296 amore
1345 3238 1571 3297 Divino
1603 3239 1860 3297 voluerit
1915 3247 1974 3298 et
2011 3238 2321 3296 desidera-

240 3335 376 3391 verit
406 3339 661 3398 salutem
704 3339 957 3399 Generis
993 3339 1255 3397 Humani
1268 3359 1284 3415 3
1341 3338 1498 3413 quod
1538 3341 1871 3412 esuriverit,
1909 3339 2128 3414 legitur
2163 3337 2323 3412 apud

243 3426 478 3496 Marcum
530 3483 568 3513 „
580 3436 741 3498 Cum
796 3440 1041 3500 ea·irent
1102 3457 1183 3498 ew
1237 3436 1594 3511 Bethania,
1659 3437 1927 3496 esurivit
1981 3435 2177 3495 Jesus
2191 3479 2208 3508 ,
2265 3443 2326 3495 et

238 3528 427 3593 videns
456 3539 660 3616 ficum
694 3537 920 3617 procul
958 3538 1276 3598 habentem
1301 3535 1539 3616 folia,‘.
1568 3536 1734 3596 venit
1776 3536 1840 3594 si
1860 3536 2037 3614 sorte
2073 3533 2317 3592 inveni-

241 3634 319 3686 ret
354 3633 419 3693 in
468 3657 541 3697 ea
590 3638 776 3716 quid,
832 3638 946 3698 sed
1001 3657 1144 3699 cum
1187 3638 1457 3697 venisset
1506 3636 1594 3697 ad
1646 3653 1818 3708 eam,
1878 3631 2045 3693 nihil
2081 3632 2323 3693 invenit

237 3725 350 3789 m'ez'
368 3732 570 3812 folia,
636 3757 761 3799 non
802 3736 969 3799 enim'
1020 3744 1158 3798 erat
1209 3742 1455 3816 tempus
1495 3738 1773 3817 ficuum,
1826 3734 1968 3794 ideo
2018 3732 2196 3793 dimit
2245 3733 2323 3802 ei,

237 3842 398 3905 neque
447 3855 524 3897 ea‘
578 3845 636 3897 te
678 3838 749 3898 in
803 3836 1125 3899 saeculum
1171 3836 1511 3916 quisquam
1547 3836 1842 3914 fructum
1893 3833 2208 3893 comedet:
2261 3840 2323 3893 et

237 3940 393 4011 mane
428 3944 895 4013 praetereuntes
940 3935 1252 4017 discipuli
1292 3935 1588 3997 viderunt
1622 3936 1824 4016 ficum
1857 3935 2210 4013 arefactam
2241 3953 2321 3995 etv

236 4019 579 4095 radicibus“
641 4037 766 4097 XI:
828 4042 935 4097 12.
990 4041 1100 4098 13.
1156 4041 1263 4095 14.
1318 4039 1431 4095 20.
1501 4036 1729 4095 Matth:
1777 4035 1964 4095 XXI:
2027 4038 2136 4094 19.
2195 4037 2323 4110 203

241 4129 324 4195 qui
354 4147 464 4191 non
491 4139 602 4196 scit
638 4124 798 4213 quod
825 4141 1023 4197 omnia
1050 4138 1238 4198 Verbi
1273 4153 1518 4195 sensum
1549 4137 1922 4213 spiritualem
1955 4139 2320 4208 contineant,

243 4228 466 4324 credere*
490 4244 689 4311 potest
725 4240 884 4315 quod
917 4239 1210 4298 Dominus
1246 4237 1358 4295 hoc
1391 4237 1601 4296 fecerit
1625 4237 1764 4296 ficui
1800 4255 1874 4297 ex
1909 4236 2316 4314 indignatione
