<?xml version="1.0" encoding="UTF-8"?>
<!DOCTYPE html PUBLIC "-//W3C//DTD XHTML 1.0 Transitional//EN"
    "http://www.w3.org/TR/xhtml1/DTD/xhtml1-transitional.dtd">
<html xmlns="http://www.w3.org/1999/xhtml" xml:lang="en" lang="en">
 <head>
  <title>
</title>
<meta http-equiv="Content-Type" content="text/html;charset=utf-8" />
  <meta name='ocr-system' content='tesseract 3.04.00' />
  <meta name='ocr-capabilities' content='ocr_page ocr_carea ocr_par ocr_line ocrx_word'/>
</head>
<body>
  <div class='ocr_page' id='page_1' title='image "apocalypsisexpl03swedgoog_0387.png"; bbox 0 0 2791 4778; ppageno 0'>
   <div class='ocr_carea' id='block_1_1' title="bbox 394 344 2351 415">
    <p class='ocr_par' dir='ltr' id='par_1_1' title="bbox 394 344 2351 415">
     <span class='ocr_line' id='line_1_1' title="bbox 394 344 2351 415; baseline 0.008 -15"><span class='ocrx_word' id='word_1_1' title='bbox 394 344 624 401; x_wconf 80' lang='lat' dir='ltr'>CAPUT</span> <span class='ocrx_word' id='word_1_2' title='bbox 663 344 979 402; x_wconf 69' lang='lat' dir='ltr'><strong>SEXTUM.</strong></span> <span class='ocrx_word' id='word_1_3' title='bbox 1742 346 1950 403; x_wconf 76' lang='lat' dir='ltr'><strong>VERS:</strong></span> <span class='ocrx_word' id='word_1_4' title='bbox 1997 360 2084 412; x_wconf 85' lang='lat'><strong>11·</strong></span> <span class='ocrx_word' id='word_1_5' title='bbox 2242 361 2351 415; x_wconf 73' lang='lat'><strong>365</strong></span> 
     </span>
    </p>
   </div>
   <div class='ocr_carea' id='block_1_2' title="bbox 221 506 2535 4300">
    <p class='ocr_par' dir='ltr' id='par_1_2' title="bbox 221 506 2535 4300">
     <span class='ocr_line' id='line_1_2' title="bbox 253 506 2351 588; baseline 0.002 -22"><span class='ocrx_word' id='word_1_6' title='bbox 253 507 667 584; x_wconf 85' lang='lat' dir='ltr'><strong>significaverit</strong></span> <span class='ocrx_word' id='word_1_7' title='bbox 703 507 1117 585; x_wconf 85' lang='lat' dir='ltr'><strong>abruptionem</strong></span> <span class='ocrx_word' id='word_1_8' title='bbox 1153 508 1320 584; x_wconf 85' lang='lat' dir='ltr'><strong>regni</strong></span> <span class='ocrx_word' id='word_1_9' title='bbox 1357 525 1393 565; x_wconf 93' lang='lat' dir='ltr'><strong>a</strong></span> <span class='ocrx_word' id='word_1_10' title='bbox 1431 506 1723 584; x_wconf 79' lang='lat' dir='ltr'><strong>Schaule,</strong></span> <span class='ocrx_word' id='word_1_11' title='bbox 1779 526 1917 569; x_wconf 87' lang='lat' dir='ltr'><strong>nam</strong></span> <span class='ocrx_word' id='word_1_12' title='bbox 1953 509 2129 583; x_wconf 82' lang='lat' dir='ltr'><strong>dixit,</strong></span> <span class='ocrx_word' id='word_1_13' title='bbox 2177 517 2351 588; x_wconf 87' lang='lat' dir='ltr'><strong>post-</strong></span> 
     </span>
     <span class='ocr_line' id='line_1_3' title="bbox 248 607 2353 687; baseline 0.002 -21"><span class='ocrx_word' id='word_1_14' title='bbox 248 624 416 684; x_wconf 87' lang='lat' dir='ltr'><strong>quam</strong></span> <span class='ocrx_word' id='word_1_15' title='bbox 460 607 518 665; x_wconf 90' lang='lat' dir='ltr'><strong>id</strong></span> <span class='ocrx_word' id='word_1_16' title='bbox 556 608 782 665; x_wconf 77' lang='lat' dir='ltr'><strong>sactum</strong></span> <span class='ocrx_word' id='word_1_17' title='bbox 821 616 946 678; x_wconf 90' lang='lat' dir='ltr'><strong>est,</strong></span> <span class='ocrx_word' id='word_1_18' title='bbox 999 609 1160 684; x_wconf 91' lang='lat' dir='ltr'><strong>quod</strong></span> <span class='ocrx_word' id='word_1_19' title='bbox 1184 608 1466 667; x_wconf 86' lang='lat' dir='ltr'><strong>Jehovah</strong></span> <span class='ocrx_word' id='word_1_20' title='bbox 1501 608 1805 686; x_wconf 76' lang='lat' dir='ltr'>abruperit</span> <span class='ocrx_word' id='word_1_21' title='bbox 1832 627 2083 687; x_wconf 82' lang='lat' dir='ltr'><strong>regnum</strong></span> <span class='ocrx_word' id='word_1_22' title='bbox 2105 609 2353 672; x_wconf 72' lang='lat' dir='ltr'><strong>Israelis</strong></span> 
     </span>
     <span class='ocr_line' id='line_1_4' title="bbox 248 706 2410 792; baseline 0.001 -25"><span class='ocrx_word' id='word_1_23' title='bbox 248 707 500 784; x_wconf 80' lang='lat' dir='ltr'><strong>desuper</strong></span> <span class='ocrx_word' id='word_1_24' title='bbox 527 715 591 766; x_wconf 86' lang='lat' dir='ltr'><strong>te</strong></span> <span class='ocrx_word' id='word_1_25' title='bbox 628 706 839 783; x_wconf 85' lang='lat' dir='ltr'><strong>hodie;</strong></span> <span class='ocrx_word' id='word_1_26' title='bbox 892 725 1005 785; x_wconf 90' lang='lat' dir='ltr'><strong>per</strong></span> <span class='ocrx_word' id='word_1_27' title='bbox 1039 725 1241 784; x_wconf 76' lang='lat' dir='ltr'><strong>regem</strong></span> <span class='ocrx_word' id='word_1_28' title='bbox 1280 711 1437 768; x_wconf 88' lang='lat' dir='ltr'><strong>enim</strong></span> <span class='ocrx_word' id='word_1_29' title='bbox 1473 715 1534 768; x_wconf 87' lang='lat' dir='ltr'><strong>et</strong></span> <span class='ocrx_word' id='word_1_30' title='bbox 1568 727 1678 786; x_wconf 91' lang='lat' dir='ltr'><strong>per</strong></span> <span class='ocrx_word' id='word_1_31' title='bbox 1711 728 1958 786; x_wconf 88' lang='lat' dir='ltr'><strong>regnum</strong></span> <span class='ocrx_word' id='word_1_32' title='bbox 1998 711 2129 788; x_wconf 76' lang='lat' dir='ltr'><strong>eJus</strong></span> <span class='ocrx_word' id='word_1_33' title='bbox 2164 714 2354 787; x_wconf 82' lang='lat' dir='ltr'><strong>signi·</strong></span> <span class='ocrx_word' id='word_1_34' title='bbox 2405 786 2410 792; x_wconf 14' lang='grc' dir='ltr'><strong>ρ</strong></span> 
     </span>
     <span class='ocr_line' id='line_1_5' title="bbox 243 807 2351 888; baseline 0.002 -21"><span class='ocrx_word' id='word_1_35' title='bbox 243 807 444 868; x_wconf 70' lang='lat' dir='ltr'><strong>{icatur</strong></span> <span class='ocrx_word' id='word_1_36' title='bbox 484 808 766 867; x_wconf 85' lang='lat' dir='ltr'><strong>Divinum</strong></span> <span class='ocrx_word' id='word_1_37' title='bbox 816 808 1038 867; x_wconf 87' lang='lat' dir='ltr'><strong>Verum</strong></span> <span class='ocrx_word' id='word_1_38' title='bbox 1079 809 1420 883; x_wconf 79' lang='lat' dir='ltr'><strong>Ecclesiae,</strong></span> <span class='ocrx_word' id='word_1_39' title='bbox 1475 816 1533 869; x_wconf 90' lang='lat' dir='ltr'><strong>et</strong></span> <span class='ocrx_word' id='word_1_40' title='bbox 1567 827 1677 886; x_wconf 90' lang='lat' dir='ltr'><strong>per</strong></span> <span class='ocrx_word' id='word_1_41' title='bbox 1724 811 1881 870; x_wconf 90' lang='lat' dir='ltr'><strong>alam</strong></span> <span class='ocrx_word' id='word_1_42' title='bbox 1912 811 2088 887; x_wconf 78' lang='lat' dir='ltr'><strong>&#39;pallii</strong></span> <span class='ocrx_word' id='word_1_43' title='bbox 2121 811 2351 888; x_wconf 85' lang='lat' dir='ltr'><strong>signifi-</strong></span> 
     </span>
     <span class='ocr_line' id='line_1_6' title="bbox 245 907 2353 989; baseline 0.002 -21"><span class='ocrx_word' id='word_1_44' title='bbox 245 917 403 969; x_wconf 87' lang='lat' dir='ltr'><strong>catur</strong></span> <span class='ocrx_word' id='word_1_45' title='bbox 450 910 742 968; x_wconf 89' lang='lat' dir='ltr'><strong>Divinum</strong></span> <span class='ocrx_word' id='word_1_46' title='bbox 777 907 1003 967; x_wconf 89' lang='lat' dir='ltr'><strong>Verum</strong></span> <span class='ocrx_word' id='word_1_47' title='bbox 1042 910 1105 966; x_wconf 90' lang='lat' dir='ltr'><strong>in</strong></span> <span class='ocrx_word' id='word_1_48' title='bbox 1141 910 1362 968; x_wconf 80' lang='lat' dir='ltr'><strong>ultimis</strong></span> <span class='ocrx_word' id='word_1_49' title='bbox 1402 926 1510 968; x_wconf 87' lang='lat' dir='ltr'><strong>seu</strong></span> <span class='ocrx_word' id='word_1_50' title='bbox 1540 927 1713 970; x_wconf 89' lang='lat' dir='ltr'><strong>omne</strong></span> <span class='ocrx_word' id='word_1_51' title='bbox 1738 913 1798 969; x_wconf 90' lang='lat' dir='ltr'><strong>in</strong></span> <span class='ocrx_word' id='word_1_52' title='bbox 1824 914 2139 988; x_wconf 80' lang='lat' dir='ltr'><strong>communi3</strong></span> <span class='ocrx_word' id='word_1_53' title='bbox 2176 929 2353 989; x_wconf 87' lang='lat' dir='ltr'><strong>reges</strong></span> 
     </span>
     <span class='ocr_line' id='line_1_7' title="bbox 242 1007 2352 1089; baseline 0.002 -21"><span class='ocrx_word' id='word_1_54' title='bbox 242 1013 386 1069; x_wconf 85' lang='lat' dir='ltr'><strong>enim</strong></span> <span class='ocrx_word' id='word_1_55' title='bbox 441 1026 634 1086; x_wconf 90' lang='lat' dir='ltr'><strong>super</strong></span> <span class='ocrx_word' id='word_1_56' title='bbox 681 1007 834 1068; x_wconf 85' lang='lat' dir='ltr'><strong>filios</strong></span> <span class='ocrx_word' id='word_1_57' title='bbox 886 1009 1133 1068; x_wconf 66' lang='lat' dir='ltr'><strong>Israelis</strong></span> <span class='ocrx_word' id='word_1_58' title='bbox 1186 1011 1722 1087; x_wconf 82' lang='lat' dir='ltr'><strong>repraesentabant</strong></span> <span class='ocrx_word' id='word_1_59' title='bbox 1783 1012 2104 1071; x_wconf 89' lang='lat' dir='ltr'><strong>Dominum</strong></span> <span class='ocrx_word' id='word_1_60' title='bbox 2153 1013 2352 1089; x_wconf 87' lang='lat' dir='ltr'><strong>quoad</strong></span> 
     </span>
     <span class='ocr_line' id='line_1_8' title="bbox 241 1109 2353 1187; baseline 0.001 -17"><span class='ocrx_word' id='word_1_61' title='bbox 241 1109 518 1170; x_wconf 87' lang='lat' dir='ltr'><strong>Divinum</strong></span> <span class='ocrx_word' id='word_1_62' title='bbox 562 1109 825 1178; x_wconf 87' lang='lat' dir='ltr'><strong>Verum,</strong></span> <span class='ocrx_word' id='word_1_63' title='bbox 898 1117 958 1167; x_wconf 90' lang='lat' dir='ltr'><strong>et</strong></span> <span class='ocrx_word' id='word_1_64' title='bbox 1008 1127 1257 1185; x_wconf 83' lang='lat' dir='ltr'><strong>regnum</strong></span> <span class='ocrx_word' id='word_1_65' title='bbox 1322 1128 1526 1169; x_wconf 85' lang='lat' dir='ltr'><strong>eorum</strong></span> <span class='ocrx_word' id='word_1_66' title='bbox 1580 1111 1954 1187; x_wconf 89' lang='lat' dir='ltr'><strong>significabat</strong></span> <span class='ocrx_word' id='word_1_67' title='bbox 2016 1113 2353 1173; x_wconf 84' lang='lat' dir='ltr'><strong>Ecclesiam</strong></span> 
     </span>
     <span class='ocr_line' id='line_1_9' title="bbox 244 1192 2351 1289; baseline 0.001 -19"><span class='ocrx_word' id='word_1_68' title='bbox 244 1210 429 1286; x_wconf 82' lang='lat' dir='ltr'><strong>quoad</strong></span> <span class='ocrx_word' id='word_1_69' title='bbox 470 1210 656 1285; x_wconf 83' lang='lat' dir='ltr'><strong>illud3</strong></span> <span class='ocrx_word' id='word_1_70' title='bbox 712 1227 898 1285; x_wconf 85' lang='lat' dir='ltr'><strong>quare</strong></span> <span class='ocrx_word' id='word_1_71' title='bbox 947 1227 1058 1285; x_wconf 88' lang='lat' dir='ltr'><strong>per</strong></span> <span class='ocrx_word' id='word_1_72' title='bbox 1105 1192 1471 1270; x_wconf 82' lang='lat' dir='ltr'><strong>Historicum</strong></span> <span class='ocrx_word' id='word_1_73' title='bbox 1523 1211 1672 1270; x_wconf 88' lang='lat' dir='ltr'><strong>illud</strong></span> <span class='ocrx_word' id='word_1_74' title='bbox 1731 1212 2123 1288; x_wconf 83' lang='lat' dir='ltr'><strong>significatur,</strong></span> <span class='ocrx_word' id='word_1_75' title='bbox 2190 1214 2351 1289; x_wconf 87' lang='lat' dir='ltr'><strong>quod</strong></span> 
     </span>
     <span class='ocr_line' id='line_1_10' title="bbox 241 1310 2347 1391; baseline 0.001 -20"><span class='ocrx_word' id='word_1_76' title='bbox 241 1310 455 1371; x_wconf 85' lang='lat' dir='ltr'><strong>Schaul</strong></span> <span class='ocrx_word' id='word_1_77' title='bbox 500 1327 609 1368; x_wconf 82' lang='lat' dir='ltr'><strong>rex</strong></span> <span class='ocrx_word' id='word_1_78' title='bbox 648 1327 761 1367; x_wconf 89' lang='lat' dir='ltr'><strong>non</strong></span> <span class='ocrx_word' id='word_1_79' title='bbox 800 1310 1057 1385; x_wconf 85' lang='lat' dir='ltr'><strong>amplius</strong></span> <span class='ocrx_word' id='word_1_80' title='bbox 1093 1317 1552 1386; x_wconf 86' lang='lat' dir='ltr'><strong>repraesentare</strong></span> <span class='ocrx_word' id='word_1_81' title='bbox 1588 1319 1829 1388; x_wconf 89' lang='lat' dir='ltr'><strong>posset,</strong></span> <span class='ocrx_word' id='word_1_82' title='bbox 1879 1315 2018 1389; x_wconf 91' lang='lat' dir='ltr'><strong>quia</strong></span> <span class='ocrx_word' id='word_1_83' title='bbox 2043 1330 2164 1372; x_wconf 89' lang='lat' dir='ltr'><strong>non</strong></span> <span class='ocrx_word' id='word_1_84' title='bbox 2191 1314 2347 1391; x_wconf 70' lang='lat' dir='ltr'><strong>talia,</strong></span> 
     </span>
     <span class='ocr_line' id='line_1_11' title="bbox 240 1410 2343 1490; baseline 0.001 -19"><span class='ocrx_word' id='word_1_85' title='bbox 240 1418 295 1472; x_wconf 82' lang='lat' dir='ltr'><strong>et</strong></span> <span class='ocrx_word' id='word_1_86' title='bbox 327 1410 493 1487; x_wconf 86' lang='lat' dir='ltr'><strong>quod</strong></span> <span class='ocrx_word' id='word_1_87' title='bbox 537 1410 711 1468; x_wconf 88' lang='lat' dir='ltr'><strong>aliter</strong></span> <span class='ocrx_word' id='word_1_88' title='bbox 750 1413 1327 1486; x_wconf 86' lang='lat' dir='ltr'><strong>repraesentativum</strong></span> <span class='ocrx_word' id='word_1_89' title='bbox 1362 1411 1674 1472; x_wconf 86' lang='lat' dir='ltr'><strong>Ecclesiae</strong></span> <span class='ocrx_word' id='word_1_90' title='bbox 1709 1414 1968 1490; x_wconf 85' lang='lat' dir='ltr'><strong>periret:</strong></span> <span class='ocrx_word' id='word_1_91' title='bbox 2025 1414 2184 1490; x_wconf 89' lang='lat' dir='ltr'><strong>quod</strong></span> <span class='ocrx_word' id='word_1_92' title='bbox 2217 1414 2343 1474; x_wconf 88' lang='lat' dir='ltr'><strong>Re·</strong></span> 
     </span>
     <span class='ocr_line' id='line_1_12' title="bbox 237 1510 2353 1589; baseline 0.001 -18"><span class='ocrx_word' id='word_1_93' title='bbox 237 1529 334 1589; x_wconf 86' lang='lat' dir='ltr'><strong>ges</strong></span> <span class='ocrx_word' id='word_1_94' title='bbox 384 1513 983 1588; x_wconf 84' lang='lat' dir='ltr'><strong>repraesentaverint</strong></span> <span class='ocrx_word' id='word_1_95' title='bbox 1033 1510 1356 1571; x_wconf 86' lang='lat' dir='ltr'><strong>Dominum</strong></span> <span class='ocrx_word' id='word_1_96' title='bbox 1399 1513 1597 1588; x_wconf 88' lang='lat' dir='ltr'><strong>quoad</strong></span> <span class='ocrx_word' id='word_1_97' title='bbox 1638 1513 1918 1573; x_wconf 88' lang='lat' dir='ltr'><strong>Divinum</strong></span> <span class='ocrx_word' id='word_1_98' title='bbox 1962 1513 2223 1589; x_wconf 90' lang='lat' dir='ltr'><strong>Verum,</strong></span> <span class='ocrx_word' id='word_1_99' title='bbox 2290 1521 2353 1574; x_wconf 83' lang='lat' dir='ltr'><strong>et</strong></span> 
     </span>
     <span class='ocr_line' id='line_1_13' title="bbox 236 1610 2347 1691; baseline 0.001 -21"><span class='ocrx_word' id='word_1_100' title='bbox 236 1612 389 1690; x_wconf 89' lang='lat' dir='ltr'><strong>quod</strong></span> <span class='ocrx_word' id='word_1_101' title='bbox 437 1628 690 1688; x_wconf 82' lang='lat' dir='ltr'><strong>regnum</strong></span> <span class='ocrx_word' id='word_1_102' title='bbox 748 1610 885 1669; x_wconf 89' lang='lat' dir='ltr'><strong>inde</strong></span> <span class='ocrx_word' id='word_1_103' title='bbox 936 1611 1360 1687; x_wconf 83' lang='lat' dir='ltr'><strong>significaverit</strong></span> <span class='ocrx_word' id='word_1_104' title='bbox 1404 1613 1738 1672; x_wconf 85' lang='lat' dir='ltr'><strong>Ecclesiam</strong></span> <span class='ocrx_word' id='word_1_105' title='bbox 1781 1614 1979 1691; x_wconf 90' lang='lat' dir='ltr'><strong>quoad</strong></span> <span class='ocrx_word' id='word_1_106' title='bbox 2021 1614 2195 1688; x_wconf 89' lang='lat' dir='ltr'><strong>illud,</strong></span> <span class='ocrx_word' id='word_1_107' title='bbox 2251 1617 2347 1675; x_wconf 88' lang='lat' dir='ltr'><strong>vi-</strong></span> 
     </span>
     <span class='ocr_line' id='line_1_14' title="bbox 235 1710 2350 1791; baseline 0 -19"><span class='ocrx_word' id='word_1_108' title='bbox 235 1713 441 1772; x_wconf 87' lang='lat' dir='ltr'><strong>deatur</strong></span> <span class='ocrx_word' id='word_1_109' title='bbox 483 1728 671 1787; x_wconf 88' lang='lat' dir='ltr'><strong>supra</strong></span> <span class='ocrx_word' id='word_1_110' title='bbox 706 1727 784 1768; x_wconf 56' lang='lat' dir='ltr'><strong>nt*</strong></span> <span class='ocrx_word' id='word_1_111' title='bbox 823 1715 934 1771; x_wconf 84' lang='lat'><strong>29.</strong></span> <span class='ocrx_word' id='word_1_112' title='bbox 983 1713 1092 1770; x_wconf 91' lang='lat'><strong>31.</strong></span> <span class='ocrx_word' id='word_1_113' title='bbox 1177 1710 1380 1770; x_wconf 84' lang='lat' dir='ltr'><strong>Simile</strong></span> <span class='ocrx_word' id='word_1_114' title='bbox 1418 1715 1784 1789; x_wconf 83' lang='lat' dir='ltr'><strong>significatur</strong></span> <span class='ocrx_word' id='word_1_115' title='bbox 1818 1732 1929 1791; x_wconf 91' lang='lat' dir='ltr'><strong>per</strong></span> <span class='ocrx_word' id='word_1_116' title='bbox 1964 1715 2125 1791; x_wconf 87' lang='lat' dir='ltr'><strong>quod</strong></span> <span class='ocrx_word' id='word_1_117' title='bbox 2149 1714 2350 1773; x_wconf 86' lang='lat' dir='ltr'><strong>David</strong></span> 
     </span>
     <span class='ocr_line' id='line_1_15' title="bbox 234 1811 2344 1891; baseline 0.002 -19"><span class='ocrx_word' id='word_1_118' title='bbox 234 1813 557 1873; x_wconf 84' lang='lat' dir='ltr'><strong>absciderit</strong></span> <span class='ocrx_word' id='word_1_119' title='bbox 583 1811 739 1869; x_wconf 88' lang='lat' dir='ltr'><strong>alam</strong></span> <span class='ocrx_word' id='word_1_120' title='bbox 777 1811 953 1870; x_wconf 86' lang='lat' dir='ltr'><strong>Pallii</strong></span> <span class='ocrx_word' id='word_1_121' title='bbox 989 1811 1264 1871; x_wconf 85' lang='lat' dir='ltr'><strong>Schaulis</strong></span> <span class='ocrx_word' id='word_1_122' title='bbox 1279 1858 1295 1887; x_wconf 95' lang='lat'><strong>,</strong></span> <span class='ocrx_word' id='word_1_123' title='bbox 1337 1813 1411 1872; x_wconf 90' lang='lat' dir='ltr'><strong>de</strong></span> <span class='ocrx_word' id='word_1_124' title='bbox 1441 1831 1556 1889; x_wconf 92' lang='lat' dir='ltr'><strong>quo</strong></span> <span class='ocrx_word' id='word_1_125' title='bbox 1580 1818 1664 1874; x_wconf 89' lang='lat' dir='ltr'><strong>ita</strong></span> <span class='ocrx_word' id='word_1_126' title='bbox 1687 1815 1907 1891; x_wconf 88' lang='lat' dir='ltr'><strong>legitur</strong></span> <span class='ocrx_word' id='word_1_127' title='bbox 1934 1814 2214 1889; x_wconf 85' lang='lat' dir='ltr'><strong>„David</strong></span> <span class='ocrx_word' id='word_1_128' title='bbox 2240 1815 2344 1876; x_wconf 79' lang='lat' dir='ltr'><strong>in·-</strong></span> 
     </span>
     <span class='ocr_line' id='line_1_16' title="bbox 231 1899 2345 1999; baseline 0 -23"><span class='ocrx_word' id='word_1_129' title='bbox 231 1914 430 1975; x_wconf 74' lang='lat' dir='ltr'><strong>travit</strong></span> <span class='ocrx_word' id='word_1_130' title='bbox 469 1912 539 1972; x_wconf 78' lang='lat' dir='ltr'><strong>in</strong></span> <span class='ocrx_word' id='word_1_131' title='bbox 563 1908 926 1991; x_wconf 70' lang='lat' dir='ltr'><strong>speluncam</strong></span> <span class='ocrx_word' id='word_1_132' title='bbox 958 1899 1066 1972; x_wconf 70' lang='lat' dir='ltr'><strong>ilbi</strong></span> <span class='ocrx_word' id='word_1_133' title='bbox 1092 1909 1347 1984; x_wconf 76' lang='lat' dir='ltr'><strong>Schaul,</strong></span> <span class='ocrx_word' id='word_1_134' title='bbox 1372 1920 1434 1974; x_wconf 91' lang='lat' dir='ltr'><strong>et</strong></span> <span class='ocrx_word' id='word_1_135' title='bbox 1458 1914 1730 1974; x_wconf 77' lang='lat' dir='ltr'><strong>abscidit</strong></span> <span class='ocrx_word' id='word_1_136' title='bbox 1757 1913 1932 1975; x_wconf 84' lang='lat' dir='ltr'><strong>alam</strong></span> <span class='ocrx_word' id='word_1_137' title='bbox 1946 1912 2144 1995; x_wconf 79' lang='lat' dir='ltr'><strong>pallii</strong></span> <span class='ocrx_word' id='word_1_138' title='bbox 2167 1914 2303 1999; x_wconf 63' lang='lat' dir='ltr'><strong>eius</strong></span> <span class='ocrx_word' id='word_1_139' title='bbox 2316 1936 2345 1988; x_wconf 84' lang='lat'><strong>,·</strong></span> 
     </span>
     <span class='ocr_line' id='line_1_17' title="bbox 232 2009 2348 2090; baseline 0 -15"><span class='ocrx_word' id='word_1_140' title='bbox 232 2020 286 2074; x_wconf 83' lang='lat' dir='ltr'><strong>et</strong></span> <span class='ocrx_word' id='word_1_141' title='bbox 309 2033 456 2075; x_wconf 77' lang='lat' dir='ltr'><strong>eam</strong></span> <span class='ocrx_word' id='word_1_142' title='bbox 484 2010 632 2072; x_wconf 81' lang='lat' dir='ltr'><strong>dein</strong></span> <span class='ocrx_word' id='word_1_143' title='bbox 659 2010 935 2071; x_wconf 75' lang='lat' dir='ltr'><strong>ostendit</strong></span> <span class='ocrx_word' id='word_1_144' title='bbox 962 2009 1147 2072; x_wconf 79' lang='lat' dir='ltr'><strong>illam</strong></span> <span class='ocrx_word' id='word_1_145' title='bbox 1177 2011 1460 2090; x_wconf 78' lang='lat' dir='ltr'><strong>Schauli,</strong></span> <span class='ocrx_word' id='word_1_146' title='bbox 1493 2014 1671 2074; x_wconf 73' lang='lat' dir='ltr'><strong>dixit</strong></span> <span class='ocrx_word' id='word_1_147' title='bbox 1706 2012 1960 2085; x_wconf 79' lang='lat' dir='ltr'><strong>Schaul,</strong></span> <span class='ocrx_word' id='word_1_148' title='bbox 1997 2035 2162 2077; x_wconf 80' lang='lat' dir='ltr'><strong>nune</strong></span> <span class='ocrx_word' id='word_1_149' title='bbox 2198 2017 2348 2076; x_wconf 79' lang='lat' dir='ltr'><strong>novi</strong></span> 
     </span>
     <span class='ocr_line' id='line_1_18' title="bbox 231 2112 2340 2194; baseline 0 -20"><span class='ocrx_word' id='word_1_150' title='bbox 231 2114 390 2194; x_wconf 78' lang='lat' dir='ltr'><strong>quod</strong></span> <span class='ocrx_word' id='word_1_151' title='bbox 417 2112 745 2193; x_wconf 73' lang='lat' dir='ltr'><strong>reynabis,</strong></span> <span class='ocrx_word' id='word_1_152' title='bbox 799 2116 858 2171; x_wconf 82' lang='lat' dir='ltr'><strong>et</strong></span> <span class='ocrx_word' id='word_1_153' title='bbox 891 2112 1189 2173; x_wconf 76' lang='lat' dir='ltr'><strong>consistet</strong></span> <span class='ocrx_word' id='word_1_154' title='bbox 1213 2112 1284 2173; x_wconf 80' lang='lat' dir='ltr'><strong>in</strong></span> <span class='ocrx_word' id='word_1_155' title='bbox 1316 2132 1514 2174; x_wconf 80' lang='lat' dir='ltr'><strong>manu</strong></span> <span class='ocrx_word' id='word_1_156' title='bbox 1545 2119 1659 2174; x_wconf 81' lang='lat' dir='ltr'><strong>tua</strong></span> <span class='ocrx_word' id='word_1_157' title='bbox 1688 2113 1989 2193; x_wconf 73' lang='lat' dir='ltr'><strong>Reynum</strong></span> <span class='ocrx_word' id='word_1_158' title='bbox 2017 2113 2292 2176; x_wconf 73' lang='lat' dir='ltr'><strong>Israelis</strong></span> <span class='ocrx_word' id='word_1_159' title='bbox 2303 2118 2340 2149; x_wconf 85' lang='lat'><em>“</em></span> 
     </span>
     <span class='ocr_line' id='line_1_19' title="bbox 231 2202 2342 2301; baseline -0.001 -25"><span class='ocrx_word' id='word_1_160' title='bbox 231 2215 466 2276; x_wconf 87' lang='lat' dir='ltr'><strong>ISam:</strong></span> <span class='ocrx_word' id='word_1_161' title='bbox 503 2213 747 2273; x_wconf 86' lang='lat' dir='ltr'>XXIV:</span> <span class='ocrx_word' id='word_1_162' title='bbox 789 2202 909 2301; x_wconf 85' lang='lat'><strong>[4.]</strong></span> <span class='ocrx_word' id='word_1_163' title='bbox 946 2215 1003 2274; x_wconf 82' lang='lat'><strong>5.</strong></span> <span class='ocrx_word' id='word_1_164' title='bbox 1051 2217 1110 2284; x_wconf 86' lang='grc'><strong>6,</strong></span> <span class='ocrx_word' id='word_1_165' title='bbox 1157 2217 1263 2273; x_wconf 78' lang='grc'><strong>12.</strong></span> <span class='ocrx_word' id='word_1_166' title='bbox 1314 2218 1437 2288; x_wconf 83' lang='lat'><strong>213</strong></span> <span class='ocrx_word' id='word_1_167' title='bbox 1491 2214 1603 2271; x_wconf 88' lang='lat' dir='ltr'><strong>hoe</strong></span> <span class='ocrx_word' id='word_1_168' title='bbox 1641 2215 1864 2272; x_wconf 79' lang='lat' dir='ltr'><strong>factum</strong></span> <span class='ocrx_word' id='word_1_169' title='bbox 1904 2221 1998 2273; x_wconf 88' lang='lat' dir='ltr'><strong>est</strong></span> <span class='ocrx_word' id='word_1_170' title='bbox 2037 2233 2074 2273; x_wconf 85' lang='lat' dir='ltr'><strong>a</strong></span> <span class='ocrx_word' id='word_1_171' title='bbox 2108 2215 2342 2275; x_wconf 85' lang='lat' dir='ltr'><strong>Davide</strong></span> 
     </span>
     <span class='ocr_line' id='line_1_20' title="bbox 233 2314 2340 2393; baseline -0 -19"><span class='ocrx_word' id='word_1_172' title='bbox 233 2332 307 2374; x_wconf 82' lang='lat' dir='ltr'><strong>ex</strong></span> <span class='ocrx_word' id='word_1_173' title='bbox 340 2315 563 2375; x_wconf 90' lang='lat' dir='ltr'><strong>Divina</strong></span> <span class='ocrx_word' id='word_1_174' title='bbox 596 2314 979 2373; x_wconf 81' lang='lat' dir='ltr'><strong>Providentia</strong></span> <span class='ocrx_word' id='word_1_175' title='bbox 1007 2321 1072 2372; x_wconf 90' lang='lat' dir='ltr'><strong>ut</strong></span> <span class='ocrx_word' id='word_1_176' title='bbox 1100 2314 1290 2373; x_wconf 87' lang='lat' dir='ltr'><strong>simile</strong></span> <span class='ocrx_word' id='word_1_177' title='bbox 1317 2321 1904 2391; x_wconf 83' lang='lat' dir='ltr'><strong>repraesentaretur,</strong></span> <span class='ocrx_word' id='word_1_178' title='bbox 1940 2315 2099 2393; x_wconf 90' lang='lat' dir='ltr'><strong>quod</strong></span> <span class='ocrx_word' id='word_1_179' title='bbox 2134 2332 2340 2392; x_wconf 86' lang='lat' dir='ltr'><strong>supra,</strong></span> 
     </span>
     <span class='ocr_line' id='line_1_21' title="bbox 237 2414 2340 2493; baseline 0 -19"><span class='ocrx_word' id='word_1_180' title='bbox 237 2434 376 2474; x_wconf 88' lang='lat' dir='ltr'><strong>nam</strong></span> <span class='ocrx_word' id='word_1_181' title='bbox 408 2434 515 2492; x_wconf 87' lang='lat' dir='ltr'><strong>per</strong></span> <span class='ocrx_word' id='word_1_182' title='bbox 550 2416 706 2474; x_wconf 89' lang='lat' dir='ltr'><strong>alam</strong></span> <span class='ocrx_word' id='word_1_183' title='bbox 741 2414 936 2492; x_wconf 88' lang='lat' dir='ltr'><strong>pallii,</strong></span> <span class='ocrx_word' id='word_1_184' title='bbox 977 2422 1037 2473; x_wconf 90' lang='lat' dir='ltr'><strong>et</strong></span> <span class='ocrx_word' id='word_1_185' title='bbox 1060 2434 1170 2491; x_wconf 87' lang='lat' dir='ltr'><strong>per</strong></span> <span class='ocrx_word' id='word_1_186' title='bbox 1213 2415 1536 2475; x_wconf 89' lang='lat' dir='ltr'><strong>Schaulem</strong></span> <span class='ocrx_word' id='word_1_187' title='bbox 1564 2416 1789 2491; x_wconf 84' lang='lat' dir='ltr'><strong>Regem</strong></span> <span class='ocrx_word' id='word_1_188' title='bbox 1823 2432 1893 2474; x_wconf 87' lang='lat' dir='ltr'><strong>ac</strong></span> <span class='ocrx_word' id='word_1_189' title='bbox 1928 2433 2037 2493; x_wconf 89' lang='lat' dir='ltr'><strong>per</strong></span> <span class='ocrx_word' id='word_1_190' title='bbox 2064 2417 2340 2492; x_wconf 85' lang='lat' dir='ltr'><strong>Regnum</strong></span> 
     </span>
     <span class='ocr_line' id='line_1_22' title="bbox 237 2515 2340 2595; baseline -0 -19"><span class='ocrx_word' id='word_1_191' title='bbox 237 2518 368 2595; x_wconf 87' lang='lat' dir='ltr'><strong>ejus</strong></span> <span class='ocrx_word' id='word_1_192' title='bbox 408 2516 616 2574; x_wconf 89' lang='lat' dir='ltr'><strong>similia</strong></span> <span class='ocrx_word' id='word_1_193' title='bbox 652 2516 1077 2592; x_wconf 80' lang='lat' dir='ltr'><strong>significantur.</strong></span> <span class='ocrx_word' id='word_1_194' title='bbox 1156 2515 1361 2575; x_wconf 88' lang='lat' dir='ltr'><strong>Simile</strong></span> <span class='ocrx_word' id='word_1_195' title='bbox 1402 2518 1581 2575; x_wconf 86' lang='lat' dir='ltr'><strong>etiam</strong></span> <span class='ocrx_word' id='word_1_196' title='bbox 1631 2516 2000 2592; x_wconf 85' lang='lat' dir='ltr'><strong>significatur</strong></span> <span class='ocrx_word' id='word_1_197' title='bbox 2034 2534 2145 2594; x_wconf 89' lang='lat' dir='ltr'><strong>per</strong></span> <span class='ocrx_word' id='word_1_198' title='bbox 2180 2516 2340 2593; x_wconf 89' lang='lat' dir='ltr'><strong>quod</strong></span> 
     </span>
     <span class='ocr_line' id='line_1_23' title="bbox 233 2615 2342 2694; baseline -0 -17"><span class='ocrx_word' id='word_1_199' title='bbox 233 2616 535 2677; x_wconf 84' lang='lat' dir='ltr'><strong>Jonathan</strong></span> <span class='ocrx_word' id='word_1_200' title='bbox 568 2616 725 2675; x_wconf 86' lang='lat' dir='ltr'><strong>filius</strong></span> <span class='ocrx_word' id='word_1_201' title='bbox 764 2616 1040 2676; x_wconf 85' lang='lat' dir='ltr'><strong>Schaulis</strong></span> <span class='ocrx_word' id='word_1_202' title='bbox 1079 2619 1312 2675; x_wconf 77' lang='lat' dir='ltr'><strong>exuerit</strong></span> <span class='ocrx_word' id='word_1_203' title='bbox 1355 2634 1423 2675; x_wconf 86' lang='lat' dir='ltr'><strong>se</strong></span> <span class='ocrx_word' id='word_1_204' title='bbox 1459 2615 1642 2694; x_wconf 87' lang='lat' dir='ltr'><strong>pallio</strong></span> <span class='ocrx_word' id='word_1_205' title='bbox 1693 2622 1753 2675; x_wconf 89' lang='lat' dir='ltr'><strong>et</strong></span> <span class='ocrx_word' id='word_1_206' title='bbox 1790 2617 2057 2675; x_wconf 83' lang='lat' dir='ltr'><strong>vestibus</strong></span> <span class='ocrx_word' id='word_1_207' title='bbox 2093 2618 2238 2687; x_wconf 72' lang='lat' dir='ltr'><strong>suiS,</strong></span> <span class='ocrx_word' id='word_1_208' title='bbox 2279 2623 2342 2676; x_wconf 83' lang='lat' dir='ltr'><strong>et</strong></span> 
     </span>
     <span class='ocr_line' id='line_1_24' title="bbox 231 2713 2337 2798; baseline 0.001 -22"><span class='ocrx_word' id='word_1_209' title='bbox 231 2718 461 2778; x_wconf 84' lang='lat' dir='ltr'><strong>dederit</strong></span> <span class='ocrx_word' id='word_1_210' title='bbox 493 2716 744 2792; x_wconf 89' lang='lat' dir='ltr'><strong>Davidi‚</strong></span> <span class='ocrx_word' id='word_1_211' title='bbox 785 2716 857 2775; x_wconf 85' lang='lat' dir='ltr'><strong>de</strong></span> <span class='ocrx_word' id='word_1_212' title='bbox 897 2735 1014 2793; x_wconf 89' lang='lat' dir='ltr'><strong>qua</strong></span> <span class='ocrx_word' id='word_1_213' title='bbox 1048 2734 1114 2776; x_wconf 86' lang='lat' dir='ltr'><strong>re</strong></span> <span class='ocrx_word' id='word_1_214' title='bbox 1150 2718 1235 2775; x_wconf 88' lang='lat' dir='ltr'><strong>ita</strong></span> <span class='ocrx_word' id='word_1_215' title='bbox 1269 2717 1491 2795; x_wconf 88' lang='lat' dir='ltr'><strong>legitur</strong></span> <span class='ocrx_word' id='word_1_216' title='bbox 1532 2715 1799 2791; x_wconf 72' lang='lat' dir='ltr'><strong>„Exuit</strong></span> <span class='ocrx_word' id='word_1_217' title='bbox 1832 2715 2158 2777; x_wconf 78' lang='lat' dir='ltr'><strong>Jonathan</strong></span> <span class='ocrx_word' id='word_1_218' title='bbox 2180 2713 2337 2798; x_wconf 84' lang='lat' dir='ltr'><strong>pal-</strong></span> 
     </span>
     <span class='ocr_line' id='line_1_25' title="bbox 228 2813 2341 2896; baseline 0 -18"><span class='ocrx_word' id='word_1_219' title='bbox 228 2815 387 2880; x_wconf 82' lang='lat' dir='ltr'><strong>lium</strong></span> <span class='ocrx_word' id='word_1_220' title='bbox 422 2816 593 2896; x_wconf 80' lang='lat' dir='ltr'><strong>quod</strong></span> <span class='ocrx_word' id='word_1_221' title='bbox 631 2835 819 2896; x_wconf 79' lang='lat' dir='ltr'><strong>super</strong></span> <span class='ocrx_word' id='word_1_222' title='bbox 851 2813 995 2893; x_wconf 78' lang='lat' dir='ltr'><strong>illo,</strong></span> <span class='ocrx_word' id='word_1_223' title='bbox 1050 2822 1110 2888; x_wconf 86' lang='lat' dir='ltr'><strong>et</strong></span> <span class='ocrx_word' id='word_1_224' title='bbox 1159 2815 1338 2877; x_wconf 81' lang='lat' dir='ltr'><strong>dedit</strong></span> <span class='ocrx_word' id='word_1_225' title='bbox 1371 2816 1638 2877; x_wconf 84' lang='lat' dir='ltr'><strong>Davidi</strong></span> <span class='ocrx_word' id='word_1_226' title='bbox 1649 2862 1665 2892; x_wconf 90' lang='lat'><strong>,</strong></span> <span class='ocrx_word' id='word_1_227' title='bbox 1718 2824 1779 2878; x_wconf 85' lang='lat' dir='ltr'><strong>et</strong></span> <span class='ocrx_word' id='word_1_228' title='bbox 1813 2823 2012 2878; x_wconf 86' lang='lat' dir='ltr'><strong>vestes</strong></span> <span class='ocrx_word' id='word_1_229' title='bbox 2046 2836 2233 2896; x_wconf 83' lang='lat' dir='ltr'><strong>suas,</strong></span> <span class='ocrx_word' id='word_1_230' title='bbox 2278 2822 2341 2879; x_wconf 79' lang='lat' dir='ltr'><strong>et</strong></span> 
     </span>
     <span class='ocr_line' id='line_1_26' title="bbox 226 2914 2341 2998; baseline 0 -18"><span class='ocrx_word' id='word_1_231' title='bbox 226 2938 421 2998; x_wconf 80' lang='lat' dir='ltr'><strong>usque</strong></span> <span class='ocrx_word' id='word_1_232' title='bbox 482 2917 573 2977; x_wconf 89' lang='lat' dir='ltr'><strong>ad</strong></span> <span class='ocrx_word' id='word_1_233' title='bbox 622 2914 920 2997; x_wconf 74' lang='lat' dir='ltr'><strong>yladium</strong></span> <span class='ocrx_word' id='word_1_234' title='bbox 962 2936 1179 2990; x_wconf 80' lang='lat' dir='ltr'><strong>suum,</strong></span> <span class='ocrx_word' id='word_1_235' title='bbox 1245 2924 1302 2977; x_wconf 88' lang='lat' dir='ltr'><strong>et</strong></span> <span class='ocrx_word' id='word_1_236' title='bbox 1352 2936 1548 2997; x_wconf 82' lang='lat' dir='ltr'><strong>usque</strong></span> <span class='ocrx_word' id='word_1_237' title='bbox 1594 2916 1684 2977; x_wconf 80' lang='lat' dir='ltr'><strong>ad</strong></span> <span class='ocrx_word' id='word_1_238' title='bbox 1730 2937 1953 2980; x_wconf 66' lang='lat' dir='ltr'><strong>ameum</strong></span> <span class='ocrx_word' id='word_1_239' title='bbox 2004 2938 2226 2995; x_wconf 78' lang='lat' dir='ltr'><strong>suum,</strong></span> <span class='ocrx_word' id='word_1_240' title='bbox 2280 2926 2341 2981; x_wconf 86' lang='lat' dir='ltr'><strong>et</strong></span> 
     </span>
     <span class='ocr_line' id='line_1_27' title="bbox 226 3014 2337 3100; baseline -0 -20"><span class='ocrx_word' id='word_1_241' title='bbox 226 3038 421 3098; x_wconf 82' lang='lat' dir='ltr'><strong>usque</strong></span> <span class='ocrx_word' id='word_1_242' title='bbox 465 3017 554 3078; x_wconf 90' lang='lat' dir='ltr'><strong>ad</strong></span> <span class='ocrx_word' id='word_1_243' title='bbox 597 3014 926 3100; x_wconf 38' lang='lat' dir='ltr'><strong>ciram-alum</strong></span> <span class='ocrx_word' id='word_1_244' title='bbox 972 3021 1206 3078; x_wconf 79' lang='lat' dir='ltr'><strong>suum“</strong></span> <span class='ocrx_word' id='word_1_245' title='bbox 1271 3019 1302 3078; x_wconf 92' lang='grc' dir='ltr'>Ι</span> <span class='ocrx_word' id='word_1_246' title='bbox 1344 3017 1515 3078; x_wconf 87' lang='lat' dir='ltr'><strong>Sam:</strong></span> <span class='ocrx_word' id='word_1_247' title='bbox 1568 3019 1813 3079; x_wconf 86' lang='lat' dir='ltr'>XVIII:</span> <span class='ocrx_word' id='word_1_248' title='bbox 1872 3024 1947 3098; x_wconf 80' lang='lat'><strong>43</strong></span> <span class='ocrx_word' id='word_1_249' title='bbox 2031 3038 2142 3098; x_wconf 89' lang='lat' dir='ltr'><strong>per</strong></span> <span class='ocrx_word' id='word_1_250' title='bbox 2185 3020 2337 3079; x_wconf 86' lang='lat' dir='ltr'><strong>haec</strong></span> 
     </span>
     <span class='ocr_line' id='line_1_28' title="bbox 226 3118 2338 3197; baseline 0 -19"><span class='ocrx_word' id='word_1_251' title='bbox 226 3119 707 3197; x_wconf 85' lang='lat' dir='ltr'><strong>significabatur,</strong></span> <span class='ocrx_word' id='word_1_252' title='bbox 763 3119 922 3194; x_wconf 89' lang='lat' dir='ltr'><strong>quod</strong></span> <span class='ocrx_word' id='word_1_253' title='bbox 956 3118 1260 3179; x_wconf 83' lang='lat' dir='ltr'><strong>Jonathan</strong></span> <span class='ocrx_word' id='word_1_254' title='bbox 1311 3119 1529 3177; x_wconf 84' lang='lat' dir='ltr'><strong>haeres</strong></span> <span class='ocrx_word' id='word_1_255' title='bbox 1579 3121 1748 3196; x_wconf 87' lang='lat' dir='ltr'><strong>regni</strong></span> <span class='ocrx_word' id='word_1_256' title='bbox 1795 3137 1967 3179; x_wconf 91' lang='lat' dir='ltr'><strong>omne</strong></span> <span class='ocrx_word' id='word_1_257' title='bbox 2011 3120 2113 3197; x_wconf 88' lang='lat' dir='ltr'><strong>jus</strong></span> <span class='ocrx_word' id='word_1_258' title='bbox 2161 3136 2338 3179; x_wconf 89' lang='lat' dir='ltr'><strong>suum</strong></span> 
     </span>
     <span class='ocr_line' id='line_1_29' title="bbox 225 3218 2335 3295; baseline 0.001 -17"><span class='ocrx_word' id='word_1_259' title='bbox 225 3220 599 3279; x_wconf 85' lang='lat' dir='ltr'><strong>transtulerit</strong></span> <span class='ocrx_word' id='word_1_260' title='bbox 632 3222 693 3278; x_wconf 87' lang='lat' dir='ltr'><strong>in</strong></span> <span class='ocrx_word' id='word_1_261' title='bbox 728 3218 1052 3292; x_wconf 87' lang='lat' dir='ltr'><strong>Davidem,</strong></span> <span class='ocrx_word' id='word_1_262' title='bbox 1104 3221 1302 3279; x_wconf 89' lang='lat' dir='ltr'><strong>omnia</strong></span> <span class='ocrx_word' id='word_1_263' title='bbox 1337 3221 1495 3277; x_wconf 85' lang='lat' dir='ltr'><strong>enim</strong></span> <span class='ocrx_word' id='word_1_264' title='bbox 1530 3219 1660 3294; x_wconf 89' lang='lat' dir='ltr'><strong>illa,</strong></span> <span class='ocrx_word' id='word_1_265' title='bbox 1702 3237 1856 3295; x_wconf 87' lang='lat' dir='ltr'><strong>quae</strong></span> <span class='ocrx_word' id='word_1_266' title='bbox 1893 3220 2198 3280; x_wconf 84' lang='lat' dir='ltr'><strong>Jonathan</strong></span> <span class='ocrx_word' id='word_1_267' title='bbox 2225 3220 2335 3280; x_wconf 87' lang='lat' dir='ltr'><strong>de·-</strong></span> 
     </span>
     <span class='ocr_line' id='line_1_30' title="bbox 226 3319 2336 3397; baseline 0.001 -19"><span class='ocrx_word' id='word_1_268' title='bbox 226 3319 307 3379; x_wconf 84' lang='lat' dir='ltr'><strong>dit</strong></span> <span class='ocrx_word' id='word_1_269' title='bbox 360 3319 612 3392; x_wconf 90' lang='lat' dir='ltr'><strong>Davidi‚</strong></span> <span class='ocrx_word' id='word_1_270' title='bbox 679 3322 1195 3395; x_wconf 85' lang='lat' dir='ltr'><strong>repraesentativa</strong></span> <span class='ocrx_word' id='word_1_271' title='bbox 1246 3326 1416 3379; x_wconf 88' lang='lat' dir='ltr'><strong>erant</strong></span> <span class='ocrx_word' id='word_1_272' title='bbox 1469 3319 1691 3397; x_wconf 85' lang='lat' dir='ltr'><strong>Regni,</strong></span> <span class='ocrx_word' id='word_1_273' title='bbox 1763 3322 1878 3379; x_wconf 89' lang='lat' dir='ltr'><strong>hoc</strong></span> <span class='ocrx_word' id='word_1_274' title='bbox 1935 3328 2055 3391; x_wconf 87' lang='lat' dir='ltr'><strong>est,</strong></span> <span class='ocrx_word' id='word_1_275' title='bbox 2134 3321 2336 3380; x_wconf 83' lang='lat' dir='ltr'><strong>Divinl</strong></span> 
     </span>
     <span class='ocr_line' id='line_1_31' title="bbox 223 3419 2535 3497; baseline -0.001 -19"><span class='ocrx_word' id='word_1_276' title='bbox 223 3419 372 3480; x_wconf 88' lang='lat' dir='ltr'><strong>Veri</strong></span> <span class='ocrx_word' id='word_1_277' title='bbox 408 3419 751 3493; x_wconf 83' lang='lat' dir='ltr'><strong>Ecclesiae,</strong></span> <span class='ocrx_word' id='word_1_278' title='bbox 809 3420 971 3497; x_wconf 90' lang='lat' dir='ltr'><strong>quod</strong></span> <span class='ocrx_word' id='word_1_279' title='bbox 1020 3419 1242 3480; x_wconf 90' lang='lat' dir='ltr'><strong>Schaul</strong></span> <span class='ocrx_word' id='word_1_280' title='bbox 1286 3420 1812 3496; x_wconf 86' lang='lat' dir='ltr'><strong>repraesentabat,</strong></span> <span class='ocrx_word' id='word_1_281' title='bbox 1874 3437 2009 3477; x_wconf 89' lang='lat' dir='ltr'><strong>nam</strong></span> <span class='ocrx_word' id='word_1_282' title='bbox 2048 3427 2112 3477; x_wconf 91' lang='lat' dir='ltr'><strong>ut</strong></span> <span class='ocrx_word' id='word_1_283' title='bbox 2145 3436 2334 3495; x_wconf 88' lang='lat' dir='ltr'><strong>supra</strong></span> <span class='ocrx_word' id='word_1_284' title='bbox 2374 3430 2535 3495; x_wconf 66' lang='lat'>[583]</span> 
     </span>
     <span class='ocr_line' id='line_1_32' title="bbox 223 3514 2333 3597; baseline -0.001 -19"><span class='ocrx_word' id='word_1_285' title='bbox 223 3520 447 3580; x_wconf 87' lang='lat' dir='ltr'><strong>dictum</strong></span> <span class='ocrx_word' id='word_1_286' title='bbox 483 3526 597 3594; x_wconf 88' lang='lat' dir='ltr'><strong>est,</strong></span> <span class='ocrx_word' id='word_1_287' title='bbox 635 3535 843 3579; x_wconf 84' lang='lat' dir='ltr'><strong>omnes</strong></span> <span class='ocrx_word' id='word_1_288' title='bbox 879 3520 1078 3596; x_wconf 89' lang='lat' dir='ltr'><strong>Reges</strong></span> <span class='ocrx_word' id='word_1_289' title='bbox 1109 3523 1209 3597; x_wconf 90' lang='lat' dir='ltr'><strong>qui</strong></span> <span class='ocrx_word' id='word_1_290' title='bbox 1246 3514 1486 3579; x_wconf 74' lang='lat' dir='ltr'><strong>fuerunt</strong></span> <span class='ocrx_word' id='word_1_291' title='bbox 1518 3521 1654 3579; x_wconf 89' lang='lat' dir='ltr'><strong>filiis</strong></span> <span class='ocrx_word' id='word_1_292' title='bbox 1689 3518 1933 3577; x_wconf 71' lang='lat' dir='ltr'><strong>Israelis</strong></span> <span class='ocrx_word' id='word_1_293' title='bbox 1971 3535 2333 3594; x_wconf 89' lang='lat' dir='ltr'><strong>repraesen-</strong></span> 
     </span>
     <span class='ocr_line' id='line_1_33' title="bbox 223 3618 2335 3697; baseline -0 -19"><span class='ocrx_word' id='word_1_294' title='bbox 223 3628 504 3680; x_wconf 85' lang='lat' dir='ltr'><strong>taverunt</strong></span> <span class='ocrx_word' id='word_1_295' title='bbox 542 3620 864 3678; x_wconf 87' lang='lat' dir='ltr'><strong>Dominum</strong></span> <span class='ocrx_word' id='word_1_296' title='bbox 895 3621 1093 3697; x_wconf 84' lang='lat' dir='ltr'><strong>quoad</strong></span> <span class='ocrx_word' id='word_1_297' title='bbox 1126 3622 1407 3679; x_wconf 88' lang='lat' dir='ltr'><strong>Divinum</strong></span> <span class='ocrx_word' id='word_1_298' title='bbox 1437 3619 1690 3691; x_wconf 89' lang='lat' dir='ltr'><strong>Verum,</strong></span> <span class='ocrx_word' id='word_1_299' title='bbox 1731 3627 1792 3677; x_wconf 90' lang='lat' dir='ltr'><strong>et</strong></span> <span class='ocrx_word' id='word_1_300' title='bbox 1818 3618 2091 3694; x_wconf 89' lang='lat' dir='ltr'><strong>Regnum</strong></span> <span class='ocrx_word' id='word_1_301' title='bbox 2130 3634 2335 3677; x_wconf 85' lang='lat' dir='ltr'><strong>eornm</strong></span> 
     </span>
     <span class='ocr_line' id='line_1_34' title="bbox 221 3717 2339 3797; baseline -0.001 -17"><span class='ocrx_word' id='word_1_302' title='bbox 221 3720 555 3780; x_wconf 88' lang='lat' dir='ltr'><strong>Ecclesiam</strong></span> <span class='ocrx_word' id='word_1_303' title='bbox 610 3720 808 3797; x_wconf 91' lang='lat' dir='ltr'><strong>quoad</strong></span> <span class='ocrx_word' id='word_1_304' title='bbox 856 3720 1024 3779; x_wconf 87' lang='lat' dir='ltr'><strong>illud.</strong></span> <span class='ocrx_word' id='word_1_305' title='bbox 1116 3720 1273 3797; x_wconf 86' lang='lat' dir='ltr'><strong>Quia</strong></span> <span class='ocrx_word' id='word_1_306' title='bbox 1318 3720 1514 3780; x_wconf 91' lang='lat' dir='ltr'><strong>Pallia</strong></span> <span class='ocrx_word' id='word_1_307' title='bbox 1550 3725 1612 3778; x_wconf 89' lang='lat' dir='ltr'><strong>et</strong></span> <span class='ocrx_word' id='word_1_308' title='bbox 1668 3718 1873 3796; x_wconf 86' lang='lat' dir='ltr'><strong>Togae</strong></span> <span class='ocrx_word' id='word_1_309' title='bbox 1923 3717 2339 3795; x_wconf 86' lang='lat' dir='ltr'><strong>significabant</strong></span> 
     </span>
     <span class='ocr_line' id='line_1_35' title="bbox 221 3816 2335 3900; baseline 0 -21"><span class='ocrx_word' id='word_1_310' title='bbox 221 3819 502 3881; x_wconf 89' lang='lat' dir='ltr'><strong>Divinum</strong></span> <span class='ocrx_word' id='word_1_311' title='bbox 539 3821 764 3880; x_wconf 90' lang='lat' dir='ltr'><strong>Verum</strong></span> <span class='ocrx_word' id='word_1_312' title='bbox 798 3823 860 3880; x_wconf 88' lang='lat' dir='ltr'><strong>in</strong></span> <span class='ocrx_word' id='word_1_313' title='bbox 895 3823 1207 3893; x_wconf 87' lang='lat' dir='ltr'><strong>communi,</strong></span> <span class='ocrx_word' id='word_1_314' title='bbox 1244 3821 1384 3880; x_wconf 83' lang='lat' dir='ltr'><strong>ideo</strong></span> <span class='ocrx_word' id='word_1_315' title='bbox 1446 3816 1668 3900; x_wconf 84' lang='lat' dir='ltr'><strong>„filiae</strong></span> <span class='ocrx_word' id='word_1_316' title='bbox 1699 3817 1876 3899; x_wconf 73' lang='lat' dir='ltr'><strong>reyis</strong></span> <span class='ocrx_word' id='word_1_317' title='bbox 1914 3817 2198 3898; x_wconf 75' lang='lat' dir='ltr'><strong>viryines</strong></span> <span class='ocrx_word' id='word_1_318' title='bbox 2232 3816 2335 3879; x_wconf 81' lang='lat' dir='ltr'><strong>ve·-</strong></span> 
     </span>
     <span class='ocr_line' id='line_1_36' title="bbox 224 3918 2330 4000; baseline -0.001 -21"><span class='ocrx_word' id='word_1_319' title='bbox 224 3921 577 3982; x_wconf 82' lang='lat' dir='ltr'><strong>stiebantur</strong></span> <span class='ocrx_word' id='word_1_320' title='bbox 610 3919 783 4000; x_wconf 73' lang='lat' dir='ltr'><strong>toyis</strong></span> <span class='ocrx_word' id='word_1_321' title='bbox 805 3920 1159 3999; x_wconf 76' lang='lat' dir='ltr'><strong>frustatim</strong></span> <span class='ocrx_word' id='word_1_322' title='bbox 1192 3919 1593 3998; x_wconf 70' lang='lat' dir='ltr'><strong>varieqatis“</strong></span> <span class='ocrx_word' id='word_1_323' title='bbox 1648 3919 1712 3978; x_wconf 93' lang='lat' dir='ltr'><strong>II</strong></span> <span class='ocrx_word' id='word_1_324' title='bbox 1754 3918 1927 3978; x_wconf 84' lang='lat' dir='ltr'><strong>Sam:</strong></span> <span class='ocrx_word' id='word_1_325' title='bbox 1975 3918 2164 3978; x_wconf 85' lang='lat' dir='ltr'>XIII:</span> <span class='ocrx_word' id='word_1_326' title='bbox 2212 3922 2330 3997; x_wconf 82' lang='lat'><strong>183</strong></span> 
     </span>
     <span class='ocr_line' id='line_1_37' title="bbox 222 4018 2336 4099; baseline 0 -21"><span class='ocrx_word' id='word_1_327' title='bbox 222 4020 379 4081; x_wconf 86' lang='lat' dir='ltr'><strong>filiae</strong></span> <span class='ocrx_word' id='word_1_328' title='bbox 438 4025 601 4098; x_wconf 89' lang='lat' dir='ltr'><strong>regis</strong></span> <span class='ocrx_word' id='word_1_329' title='bbox 661 4024 923 4099; x_wconf 86' lang='lat' dir='ltr'><strong>virgines</strong></span> <span class='ocrx_word' id='word_1_330' title='bbox 982 4021 1400 4098; x_wconf 87' lang='lat' dir='ltr'><strong>significabant</strong></span> <span class='ocrx_word' id='word_1_331' title='bbox 1464 4020 1809 4080; x_wconf 84' lang='lat' dir='ltr'><strong>affectiones</strong></span> <span class='ocrx_word' id='word_1_332' title='bbox 1861 4021 2023 4090; x_wconf 88' lang='lat' dir='ltr'><strong>veri,</strong></span> <span class='ocrx_word' id='word_1_333' title='bbox 2089 4026 2148 4079; x_wconf 88' lang='lat' dir='ltr'><strong>et</strong></span> <span class='ocrx_word' id='word_1_334' title='bbox 2197 4018 2336 4079; x_wconf 84' lang='lat' dir='ltr'><strong>inde</strong></span> 
     </span>
     <span class='ocr_line' id='line_1_38' title="bbox 223 4119 2337 4200; baseline 0.001 -22"><span class='ocrx_word' id='word_1_335' title='bbox 223 4119 579 4195; x_wconf 87' lang='lat' dir='ltr'><strong>Ecclesiam,</strong></span> <span class='ocrx_word' id='word_1_336' title='bbox 645 4128 714 4180; x_wconf 86' lang='lat' dir='ltr'><strong>ut</strong></span> <span class='ocrx_word' id='word_1_337' title='bbox 763 4128 1039 4182; x_wconf 87' lang='lat' dir='ltr'><strong>constare</strong></span> <span class='ocrx_word' id='word_1_338' title='bbox 1099 4129 1304 4200; x_wconf 87' lang='lat' dir='ltr'><strong>potest</strong></span> <span class='ocrx_word' id='word_1_339' title='bbox 1351 4139 1426 4181; x_wconf 82' lang='lat' dir='ltr'><strong>ex</strong></span> <span class='ocrx_word' id='word_1_340' title='bbox 1478 4121 1637 4180; x_wconf 89' lang='lat' dir='ltr'><strong>mille</strong></span> <span class='ocrx_word' id='word_1_341' title='bbox 1678 4120 1822 4180; x_wconf 88' lang='lat' dir='ltr'><strong>locis</strong></span> <span class='ocrx_word' id='word_1_342' title='bbox 1876 4122 1980 4180; x_wconf 93' lang='lat' dir='ltr'><strong>ubi</strong></span> <span class='ocrx_word' id='word_1_343' title='bbox 2023 4123 2082 4180; x_wconf 90' lang='lat' dir='ltr'><strong>in</strong></span> <span class='ocrx_word' id='word_1_344' title='bbox 2131 4120 2337 4180; x_wconf 86' lang='lat' dir='ltr'><strong>Verbo</strong></span> 
     </span>
     <span class='ocr_line' id='line_1_39' title="bbox 226 4221 2339 4300; baseline 0 -23"><span class='ocrx_word' id='word_1_345' title='bbox 226 4226 558 4282; x_wconf 87' lang='lat' dir='ltr'><strong>nominatur</strong></span> <span class='ocrx_word' id='word_1_346' title='bbox 593 4222 715 4281; x_wconf 89' lang='lat' dir='ltr'><strong>filia</strong></span> <span class='ocrx_word' id='word_1_347' title='bbox 748 4224 909 4300; x_wconf 88' lang='lat' dir='ltr'><strong>regis</strong></span> <span class='ocrx_word' id='word_1_348' title='bbox 923 4266 938 4296; x_wconf 93' lang='lat'><strong>,</strong></span> <span class='ocrx_word' id='word_1_349' title='bbox 1004 4222 1125 4281; x_wconf 82' lang='lat' dir='ltr'><strong>filia</strong></span> <span class='ocrx_word' id='word_1_350' title='bbox 1159 4223 1395 4290; x_wconf 72' lang='lat' dir='ltr'><strong>Zioni5‚</strong></span> <span class='ocrx_word' id='word_1_351' title='bbox 1460 4228 1520 4279; x_wconf 92' lang='lat' dir='ltr'><strong>et</strong></span> <span class='ocrx_word' id='word_1_352' title='bbox 1570 4221 1693 4278; x_wconf 87' lang='lat' dir='ltr'><strong>filia</strong></span> <span class='ocrx_word' id='word_1_353' title='bbox 1728 4222 2216 4298; x_wconf 86' lang='lat' dir='ltr'><strong>Hierosolymae,</strong></span> <span class='ocrx_word' id='word_1_354' title='bbox 2277 4227 2339 4279; x_wconf 85' lang='lat' dir='ltr'><strong>et</strong></span> 
     </span>
    </p>
   </div>
  </div>
 </body>
</html>
