2791 4778
459 318 698 377 cAPm·
739 272 1083 388 omarum,
1771 317 1985 378 vens:
2032 326 2198 380 5-7.
2357 331 2427 383 39

286 482 597 542 Dominus
635 476 837 556 quoad
871 476 1211 535 Humanum
1249 472 1465 532 dicitur
1499 471 1669 532 rade
1704 472 1990 543 Davidis,
2044 493 2119 535 ex
2165 493 2238 536 eo
2286 479 2428 554 quia

285 598 473 641 omne
507 580 793 639 Divinum
823 577 1049 637 Verum
1088 574 1163 634 ab
1189 573 1335 652 Ipso
1372 579 1484 647 est,
1523 575 1679 633 sicut
1714 576 1894 634 etiam
1930 578 2128 635 omnia
2163 577 2432 662 existunt⁴

283 688 352 742 et
389 681 732 741 subsistunt
770 697 844 739 ex
870 676 1074 736 radice
1102 692 1246 735 sua:
1282 672 1421 733 inde
1451 676 1629 733 etiam
1660 681 1770 749 est,
1812 674 1969 751 quod
1996 675 2227 736 dicatur
2251 678 2424 737 radix

276 782 558 858 Jischaji
585 779 748 857 apud
773 779 1018 856 Esajam
1049 774 1245 852 „Fiet
1272 774 1342 835 in
1368 773 1475 835 die
1499 772 1613 835 illo
1638 774 1921 836 radicem
1935 774 2233 859 Jisohaji,
2262 795 2422 857 quae

280 887 482 945 stans
519 879 591 943 in
632 880 895 960 signum
921 874 1304 958 populorum
1322 920 1338 950 ,
1380 881 1598 954 yeme-s
1630 881 1957 955 quaerent,
1995 881 2056 937 et
2087 876 2211 938 erit
2243 876 2421 958 quies

279 982 523 1064 Ipsius
549 978 814 1061 ylaria“
843 979 970 1040 XI:
1007 982 1036 1037 l
1056 981 1117 1055 03
1156 977 1464 1055 Jischajus
1490 994 1600 1054 pro
1625 977 1882 1051 Davide,
1921 980 2062 1054 quia
2088 984 2219 1045 erat
2244 986 2421 1058 pater

285 1085 452 1162 ejus.

456 1186 538 1243 31
562 1186 617 1243 l.
670 1175 926 1259 Aperite
960 1181 1178 1240 librum
1215 1186 1276 1240 et
1300 1178 1538 1239 solvere
1566 1185 1799 1256 septem
1836 1179 2036 1256 sigilla
2069 1180 2220 1256 ejus,
2259 1180 2420 1257 quod

278 1284 590 1362 significet
623 1282 784 1359 quod
818 1285 970 1342 sciat
1003 1289 1065 1341 et
1098 1286 1422 1358 cognoseat
1451 1295 1658 1339 omnes
1693 1286 1754 1339 et
1779 1279 2074 1356 singulos,
2114 1287 2176 1339 et
2210 1280 2416 1341 occul-

282 1387 531 1445 tissima
577 1383 877 1459 cujusvis,
933 1388 1165 1445 constat
1213 1398 1288 1440 ex
1333 1379 1453 1438 illis
1501 1396 1658 1457 quae
1693 1396 1882 1457 supra
1923 1398 1996 1438 n:
2039 1382 2203 1442 299.
2248 1383 2411 1442 303.

293 1487 447 1545 304
486 1492 731 1543 ostensa
766 1488 942 1552 sunt,
994 1481 1095 1540 ubi
1131 1481 1368 1541 similia.

461 1585 621 1643 312.
689 1582 876 1641 Vers:
921 1585 979 1641 6.
1026 1587 1085 1641 7.
1144 1581 1263 1666 ⁴Et
1297 1579 1441 1641 vidi
1488 1585 1546 1640 et
1602 1597 1733 1641 ecee
1783 1579 1854 1641 in
1896 1578 2103 1641 medio
2153 1578 2413 1655 Utrom’,

282 1690 351 1745 et
397 1687 675 1762 quatuor
710 1680 1145 1757 Animalium,
1220 1687 1283 1742 et
1334 1681 1406 1742 in
1464 1678 1671 1741 medio
1723 1679 2084 1755 Senior-um,
2153 1680 2417 1760 Aynum

282 1789 571 1845 stantem
609 1788 912 1862 tanquam
952 1782 1228 1843 occisum
1242 1827 1258 1856 ,
1304 1781 1626 1842 habentem
1653 1799 1888 1844 cornua
1924 1787 2159 1861 septem
2181 1786 2242 1841 et
2267 1800 2416 1843 oew-

281 1881 386 1946 loe
425 1888 687 1964 septem,
741 1883 854 1963 qui
891 1888 1044 1944 sunt
1082 1888 1313 1963 septem
1351 1881 1493 1942 Dea·
1525 1882 1801 1960 spiritus
1834 1882 2056 1944 emissi
2078 1882 2149 1943 in
2174 1900 2417 1944 omnem

285 1991 550 2047 terram.
602 1982 702 2045 Et
730 1983 899 2045 venit
931 1987 992 2043 et
1028 1983 1268 2063 accepit
1313 1979 1545 2045 librum
1569 2001 1603 2041 e
1629 1980 1863 2044 dextra
1897 1981 2194 2045 sedentis
2223 2001 2414 2063 super

291 2084 571 2152 Thr-ono,
624 2085 701 2144 Et
736 2084 857 2143 vidi
895 2091 958 2143 et
994 2102 1136 2145 ecce
1171 2086 1231 2143 in
1268 2084 1465 2142 medio
1495 2083 1737 2155 Throni,
1776 2091 1836 2144 et
1870 2091 2127 2161 quatuor
2158 2084 2410 2145 Anima-

285 2186 432 2246 lium
458 2231 472 2258 ,
533 2191 595 2245 et
644 2188 703 2247 in
743 2185 938 2244 medio
977 2183 1323 2259 Saniorum,
1378 2184 1671 2262 significat
1717 2186 1778 2244 in
1814 2192 1938 2244 toto
1976 2184 2193 2261 Coelo,
2248 2202 2317 2244 ac
2353 2187 2414 2244 in

287 2289 502 2363 specie
538 2288 599 2345 in
627 2284 826 2345 Coelis
864 2287 1135 2345 intimis:v
1156 2286 1394 2362 Agnum
1428 2291 1720 2370 stantem,
1760 2286 2056 2363 significat
2088 2285 2413 2345 Dominum

292 2387 497 2463 quoad
556 2386 840 2445 Divinum
887 2386 1261 2447 Humanum:
1327 2393 1613 2464 tanquam
1675 2388 1965 2460 occisum,
2019 2385 2316 2463 significat
2374 2402 2414 2445 a

293 2489 513 2561 paucis
563 2486 755 2546 adhue
809 2489 1103 2563 agnitum:
1157 2487 1488 2546 habentem·
1528 2504 1751 2546 cornua
1786 2494 2019 2563 septem
2033 2529 2052 2561 ,
2115 2485 2413 2562 significat

298 2584 413 2644 Cui
451 2585 923 2661 Omnipotentia:
980 2594 1041 2645 et
1073 2589 1278 2648 oculos
1316 2596 1586 2663 septem,
1624 2588 1919 2664 significat
1955 2594 2015 2647 et
2052 2584 2162 2645 Cui
2199 2585 2409 2647 Omni-

295 2687 584 2745 seientia:
641 2688 739 2761 qui
776 2693 916 2745 sunt
949 2694 1179 2764 septem
1214 2689 1334 2748 Dei
1371 2687 1629 2764 Spiritus
1667 2690 1871 2748 emissi
1915 2690 1975 2747 in
2011 2704 2243 2748 omnem
2281 2693 2408 2747 ter-

289 2802 442 2855 ram,
479 2786 774 2863 significat
803 2787 938 2846 inde
968 2790 1155 2847 omnis
1192 2791 1492 2865 sapientia
1528 2795 1588 2847 et
1622 2789 2015 2866 intelligentia
2038 2792 2099 2847 in
2128 2787 2312 2849 Coelo
2349 2794 2411 2848 et

283 2888 348 2945 in
376 2887 683 2947 Ecclesia:
721 2894 782 2946 et
808 2890 970 2947 venit
1007 2895 1068 2948 et
1094 2892 1329 2966 accepit
1363 2889 1579 2949 librum
1609 2907 1641 2950 e
1671 2890 1883 2948 dextra
1910 2888 2187 2950 Sedentis
2223 2905 2409 2967 super

290 2986 538 3047 Throno
555 3033 573 3063 ,
612 2988 907 3064 significat.
944 2989 1104 3064 quod
1139 3006 1216 3049 ex
1242 2990 1464 3049 Divino
1490 2991 1768 3050 Humano
1796 2989 1998 3066 Ipsius
2041 2991 2159 3049 sint
2181 2990 2305 3049 illa.

445 3091 615 3150 313.
686 3088 763 3147 Et
798 3090 920 3148 vidi
957 3095 1018 3148 et
1053 3106 1196 3149 ecce
1231 3092 1291 3148 in
1328 3090 1524 3149 medio
1562 3090 1813 3167 Thr-oni,
1864 3097 1929 3149 et
1964 3096 2220 3167 quatuor
2252 3090 2406 3150 Ani-

281 3188 567 3260 malium,
607 3195 667 3248 et
700 3190 760 3247 in
794 3189 993 3248 medio
1033 3188 1347 3248 Senior-um
1370 3234 1386 3265 ,
1429 3189 1590 3268 quod
1623 3191 1919 3269 significet
1951 3193 2012 3249 in
2048 3197 2171 3250 toto
2202 3188 2404 3264 Coelo,

286 3294 344 3347 et
393 3292 452 3349 in
501 3290 710 3366 specie
771 3291 832 3347 in
879 3288 1080 3348 Coelis
1116 3291 1366 3364 intimiS,
1439 3295 1671 3350 constat
1724 3308 1796 3351 ex
1858 3283 2287 3369 significatione
2345 3292 2408 3350 in

281 3390 474 3450 medio
503 3434 524 3464 ,
581 3388 741 3466 quod
777 3391 855 3447 sit
890 3391 1191 3462 intimum,
1249 3397 1308 3450 et
1342 3390 1480 3450 inde
1518 3407 1757 3468 quoque
1793 3397 2000 3460 totum,
2036 3389 2110 3449 de
2147 3408 2269 3466 qua
2301 3406 2406 3450 se-

285 3491 525 3566 quitur;
565 3508 635 3550 ex
663 3489 1093 3565 significatione
1125 3490 1365 3564 Thr-oni,
1406 3492 1567 3568 quod
1601 3493 1679 3549 sit
1708 3490 1956 3549 Coelum
1990 3492 2049 3547 in
2086 3495 2209 3549 toto
2238 3505 2404 3549 com-

286 3586 501 3665 plexu,
544 3591 618 3649 de
656 3607 776 3667 qua
812 3606 999 3665 supra
1033 3608 1106 3648 n:
1152 3593 1328 3666 2533
1386 3609 1462 3651 ex
1498 3590 1928 3667 significatione
1965 3594 2219 3665 quatuor
2252 3588 2404 3649 Ani-

179 3725 221 3762 κ
290 3686 560 3765 malium,
613 3688 772 3766 quod
806 3690 924 3749 sint
968 3690 1356 3751 Providentia
1392 3697 1453 3751 et
1489 3690 1776 3751 Custodia
1809 3690 2068 3764 Domini,
2106 3706 2181 3749 ne
2219 3689 2406 3750 adea-

295 3787 391 3843 tur
423 3790 535 3847 nisi
582 3807 759 3867 quam
809 3807 919 3866 per
966 3789 1185 3849 bonum
1223 3794 1475 3861 amoriS,
1528 3790 1601 3849 de
1639 3808 1761 3867 qua
1794 3808 1980 3866 supra
2013 3808 2084 3850 n:
2129 3795 2291 3868 2773
2347 3798 2407 3851 et

297 3885 436 3957 quia
471 3890 741 3950 custodia
775 3889 880 3949 illa
916 3897 1011 3950 est
1043 3892 1334 3969 imprimis
1369 3894 1431 3950 in
1460 3890 1666 3951 Tertio
1701 3907 1812 3951 seu
1844 3891 2060 3951 Intimo
2090 3890 2293 3964 Coelo,
2331 3909 2408 3951 ex

295 3997 512 4057 causa,
565 3992 704 4065 quia
737 4007 976 4065 omnes,
1036 3992 1140 4067 qui
1174 3992 1257 4052 ibi
1292 3998 1464 4068 sunt,
1519 3994 1580 4052 in
1614 3991 1771 4052 bono
1807 3992 2045 4053 Amoris
2095 3995 2156 4051 in
2189 3993 2403 4052 Domi-

293 4097 431 4143 num
466 4104 502 4145 a
534 4088 785 4149 Domino
821 4098 991 4165 sunt,
1027 4092 1164 4152 ideo
1199 4093 1260 4151 id
1290 4093 1540 4153 Coelum
1574 4109 1685 4171 per
1721 4100 1977 4170 quatuor
2012 4092 2312 4152 Animalia
2345 4094 2405 4150 in

290 4188 498 4259 specie
534 4191 915 4269 significatur,
974 4192 1134 4269 quod
1173 4193 1368 4254 adhuc
1405 4194 1620 4255 melius
1656 4194 1951 4254 constabit
1986 4210 2062 4252 ex-
2097 4193 2403 4266 sequenti-
