2791 4778
496 404 606 458 292
941 394 1431 451 APOCALYPSIS
1476 394 1909 457 EXPLICATA.
1971 397 2017 464 §.
2059 404 2179 457 376.

497 552 792 630 significat
826 560 1075 630 propter
1109 555 1333 612 Divina
1365 554 1556 629 bona,
1622 570 1694 612 ac
1743 560 1992 630 propter
2030 552 2270 610 verbum
2301 555 2541 611 sanctita*

496 656 573 712 tis
598 654 800 730 Ipsius
829 653 1124 730 significat
1149 661 1399 731 propter
1418 654 1641 712 Divina
1669 672 1830 713 vera.
1876 653 2057 730 Apud
2082 653 2313 729 Esajam
2340 650 2542 727 „Aud1',

300 764 458 827 [533]
500 771 620 832 aye
664 752 781 813 hoc
817 752 1101 833 afflicta,
1159 758 1220 812 et
1262 753 1436 815 ebria
1484 752 1599 832 sed
1645 771 1772 814 non
1822 772 1864 813 a
1908 753 2102 814 vino“
2152 753 2260 811 LI:
2310 756 2416 828 213
2459 769 2543 828 per

496 855 720 913 ebriam
757 856 866 914 sed
901 871 1021 913 non
1056 871 1093 912 a
1130 856 1298 928 vino,
1345 854 1761 930 intelliguntur
1794 854 1890 912 hic
1931 855 2035 930 qui
2069 855 2128 912 in
2167 852 2321 911 falsis
2353 858 2468 910 sunt
2487 868 2545 910 ex

491 957 828 1030 ignorantia
860 956 1007 1014 veri.
1058 952 1302 1028 „Quod
1327 952 1554 1014 Noach
1596 952 1817 1014 biberit
1850 952 1930 1014 de
1955 953 2120 1028 vinc,
2160 959 2223 1013 et
2260 951 2547 1012 inebriatus

494 1053 615 1124 sit,
666 1059 724 1113 et
759 1053 929 1135 quod
964 1052 1113 1114 inde
1153 1052 1438 1115 nudatus
1459 1053 1748 1136 jacuem't
1799 1052 1870 1113 in
1919 1052 2127 1114 medio
2171 1051 2407 1113 tentorii
2431 1050 2544 1112 sui“

497 1154 730 1215 Genes:
778 1155 905 1214 IX:
949 1158 1073 1229 213
1122 1156 1183 1212 in
1218 1171 1402 1213 sensu
1440 1154 1738 1231 spirituali
1773 1171 2026 1232 prorsus
2066 1154 2230 1213 aliud
2260 1152 2546 1228 intelligitur

496 1272 674 1331 quam
710 1257 771 1314 in
805 1271 990 1314 sensu
1026 1254 1272 1313 literae:
1325 1254 1599 1314 similiter
1645 1272 1755 1330 per
1804 1252 2096 1329 „Lotum
2129 1252 2292 1334 quod
2327 1250 2545 1312 inelm‘a·

492 1361 599 1415 tus
644 1354 733 1414 sit
786 1374 828 1414 a
866 1352 1136 1434 filiabus
1180 1354 1353 1424 suis,
1408 1360 1469 1414 et
1509 1354 1627 1413 hae
1677 1360 1825 1415 tunc
1875 1353 2203 1416 cubum-int
2254 1371 2384 1414 cum
2422 1346 2546 1412 ἐᾶθ’(

494 1455 656 1515 Gen:
708 1455 892 1515 XIX:
951 1456 1059 1513 32.
1110 1456 1221 1514 33.
1267 1456 1385 1529 345
1445 1456 1587 1530 quid
1629 1472 1741 1531 per
1784 1456 2238 1515 inebriationem
2282 1452 2549 1513 Noachiin

491 1571 672 1614 sensu
707 1554 1004 1632 spirituali
1040 1554 1421 1631 intelligitur,
1462 1555 1737 1614 videatur
1778 1558 1838 1613 in
1873 1556 2155 1615 Artemis
2194 1554 2548 1614 Connnsmus

491 1675 560 1713 n:
611 1658 796 1715 1070
830 1655 906 1713 ad
944 1657 1165 1730 10813
1219 1663 1280 1714 et
1309 1656 1452 1733 quid
1479 1673 1591 1732 per
1625 1655 2079 1715 inebriationem
2116 1656 2270 1729 Loti,
2317 1672 2369 1712 nx
2404 1649 2549 1712 2465

490 1756 568 1813 ad
605 1756 639 1814 s.
695 1756 815 1813 Per
850 1755 1198 1815 ebrietatem
1238 1758 1422 1814 etiam
1457 1756 1599 1815 alibi
1634 1759 1695 1814 in
1730 1753 1933 1815 Verbo
1971 1755 2336 1832 significatur
2370 1750 2549 1810 insania

489 1856 548 1911 in
603 1854 1018 1931 spiritualibus
1071 1873 1141 1914 ac
1190 1856 1398 1932 lapsus
1447 1859 1506 1913 in
1562 1871 1832 1925 errores,
1889 1863 1956 1915 ut
2018 1857 2197 1934 Esaj:
2247 1853 2417 1912 X1X=
2467 1849 2547 1907 11.

496 1958 604 2012 12.
652 1957 760 2012 14.
852 1952 1016 2030 Cap:
1083 1955 1296 2016 XXV:
1364 1960 1474 2015 27.
1526 1956 1669 2016 ὖοίἰΙ
1724 1955 1782 2014 1:
1845 1957 1902 2014 5.
1956 1959 2017 2016 6.
2069 1961 2131 2016 7.
2186 1956 2409 2015 Jerem:
2462 1945 2546 2008 LI:

497 2059 555 2112 7.
640 2054 847 2114 Levit:
904 2055 999 2114 X:
1060 2058 1120 2114 8.
1174 2058 1232 2113 9.
1327 2055 1504 2132 Quod
1562 2074 1674 2133 per
1716 2058 1919 2115 vinum
1980 2059 2040 2115 in
2097 2057 2365 2133 opposito
2411 2064 2551 2110 sensu

486 2156 852 2232 significetur
903 2155 1153 2228 falsum,
1214 2159 1391 2214 etiam
1443 2163 1680 2216 constat
1720 2157 1885 2232 apud
1930 2157 2178 2232 Esajam
2230 2199 2266 2230 „
2291 2151 2409 2216 Vae
2437 2166 2548 2210 sur·

482 2256 775 2335 qen-tibus
803 2273 985 2315 mane
1014 2257 1127 2316 sub
1155 2274 1477 2330 auroram,
1517 2256 1789 2317 siceram
1806 2262 2295 2337 persequuntur,
2335 2264 2551 2313 commo-

481 2356 775 2419 rantibus
822 2357 891 2417 in
932 2353 1388 2436 crepusculum,
1430 2356 1649 2420 vinum
1682 2354 1960 2419 incendit
1999 2376 2135 2434 ecs,
2191 2373 2345 2437 opus
2384 2356 2550 2413 autem

484 2456 758 2519 Jehovae
795 2477 920 2518 non
959 2456 1439 2536 introspiciunt,
1494 2464 1554 2518 et
1578 2459 1840 2538 factum
1878 2477 2190 2521 manuum
2224 2455 2429 2535 Ipsius
2457 2465 2549 2510 που

483 2557 736 2620 vident.-
788 2577 902 2618 vae
939 2557 1335 2638 sapientibus
1377 2560 1450 2619 in
1485 2555 1689 2620 oculis
1743 2560 1914 2635 suis,
1977 2566 2037 2620 et
2065 2578 2282 2622 coram
2307 2550 2548 2637 faciebw

485 2659 627 2718 suis
669 2656 1211 2737 intelliyentz'bus:
1256 2678 1369 2718 vae
1409 2658 1700 2721 heroibus
1741 2659 1832 2719 ad
1854 2660 2221 2740 potandum
2254 2659 2470 2725 vinum,
2505 2647 2549 2706 εἰ

485 2758 649 2818 viris
696 2757 943 2819 roboris
980 2758 1073 2819 ad
1110 2757 1501 2819 miscendum
1537 2759 1855 2821 siceram“
1904 2760 1992 2821 V:
2043 2766 2069 2820 1
2094 2766 2153 2821 1.
2191 2765 2296 2820 12.
2331 2760 2426 2815 21.
2453 2751 2544 2818 223

409 2897 412 2900 -
485 2859 636 2917 haec
673 2858 948 2917 dicuntur
996 2858 1070 2917 de
1110 2860 1226 2918 illis
1268 2863 1366 2936 qui
1421 2860 1537 2919 sibi
1582 2862 1809 2920 faciunt
1863 2861 2217 2922 doctrinalia
2253 2879 2320 2920 ex
2352 2850 2547 2933 proprii*

485 2956 905 3034 intelligentia,
964 2965 1024 3016 et
1059 2977 1175 3018 nou
1205 2978 1277 3018 ex
1308 2960 1565 3020 Domino
1602 2977 1713 3020 seu
1750 2979 1823 3020 ex
1860 2962 2064 3020 Verbo
2103 2963 2182 3021 ab
2225 2963 2376 3038 Ipso,
2424 2947 2543 3010 1ῑῦἆο

486 3074 654 3116 mera
697 3056 884 3131 falsa3
942 3076 1126 3132 quare
1171 3078 1284 3136 per
1332 3079 1446 3119 vae
1495 3061 1878 3138 surgentibus
1930 3080 2103 3121 mane
2156 3062 2268 3122 sub
2320 3063 2545 3117 auroram

486 3161 740 3216 siceram
775 3167 1251 3235 persequuntur,
1306 3162 1810 3221 commorantibus
1845 3162 1904 3220 in
1941 3162 2361 3238 crepusculum
2388 3156 2543 3212 vinum

481 3259 742 3317 incendit
780 3275 903 3328 eoS,
941 3277 1089 3335 opus
1119 3269 1317 3320 autem
1354 3261 1395 3319 J
1402 3262 1630 3320 ehovae
1666 3278 1784 3319 non
1810 3262 2249 3338 introspiciunt,
2290 3266 2346 3320 et
2371 3258 2545 3315 factum

483 3377 762 3418 manuum
788 3360 989 3436 Ipsius
1019 3379 1134 3419 non
1165 3362 1382 3434 vident,
1423 3361 1791 3438 significatur
1818 3370 2009 3420 status
2038 3376 2357 3438 pervorsus
2383 3362 2543 3417 eorum

486 3463 587 3538 qui
634 3462 883 3521 credunt
930 3462 1215 3521 illustrari
1251 3478 1286 3519 a
1322 3468 1540 3535 semet,
1602 3462 1758 3520 unde
1798 3461 1954 3521 falsa
1989 3461 2327 3535 doctrinae,
2378 3461 2432 3516 et
2457 3461 2541 3509 n⁰¹¹

488 3570 697 3623 curant
732 3561 1021 3644 Verbum,
1063 3563 1221 3622 unde
1267 3563 1461 3621 sciant
1494 3561 1652 3621 bona
1688 3567 1750 3622 et
1782 3578 1928 3622 vera
1961 3564 2120 3621 vitae
2159 3581 2229 3623 ac
2265 3558 2538 3620 doctrinm

486 3680 732 3739 surgere
781 3680 954 3723 mane
1004 3663 1117 3722 sub
1173 3679 1478 3736 auroram,
1561 3669 1621 3721 et
1671 3665 2020 3720 commorari
2068 3664 2127 3720 in
2174 3651 2539 3739 crepusculum

483 3763 776 3838 significat
809 3762 1112 3837 illustrari,
1163 3779 1232 3822 ac
1263 3765 1547 3839 persequi
1582 3765 1835 3821 siceram
1874 3770 1934 3822 et
1967 3763 2204 3822 incendi
2232 3765 2361 3821 vino
2392 3748 2536 3829 signi·

485 3863 625 3920 ficat
661 3863 980 3924 excludere
1016 3863 1365 3923 doctrinalia
1401 3880 1472 3921 ex
1511 3870 1733 3937 semet,
1774 3879 1926 3939 opus
1955 3863 2231 3923 Jehovae
2258 3878 2363 3921 non
2395 3858 2541 3914 intro·

487 3962 722 4037 spicere
761 3969 820 4021 et
858 3965 1079 4024 factum
1118 3982 1398 4021 manuum
1440 3963 1641 4039 Ipsius
1695 3980 1811 4020 non
1861 3963 2084 4039 videre,
2140 3961 2418 4040 significat
2451 3960 2538 4008 11⁰ss

488 4076 701 4119 curare
738 4059 1033 4137 Verbum,
1089 4081 1158 4123 ac
1197 4064 1354 4123 bona
1404 4065 1559 4122 vitae
1598 4070 1659 4122 et
1695 4079 1840 4122 vera
1876 4062 2181 4123 doctrinae
2218 4064 2297 4122 ibi
2331 4055 2537 4118 detecta,

490 4176 641 4235 opus
679 4160 951 4220 Jehovae
992 4163 1203 4221 dicitur
1240 4164 1312 4221 do
1347 4163 1518 4221 bonis
1556 4165 1746 4234 vitae,
1797 4181 1867 4220 ac
1905 4164 2128 4221 factum
2172 4174 2426 4222 manuum
2455 4150 2532 4224 Ip·

490 4262 616 4316 sius
654 4259 726 4317 de
765 4263 925 4316 veris
966 4262 1294 4333 doctrinae,
1358 4263 1611 4336 utr‘aque
1651 4282 1724 4321 ex
1767 4262 1968 4322 Verbo
1982 4283 1998 4338 3
2057 4266 2197 4341 quia
2244 4262 2325 4321 illi
2357 4247 2533 4317 intelli·
