2791 4778
397 368 621 426 CAPUT
661 368 971 424 SEXTUM.
1732 369 1939 434 VEB&
1986 379 2078 434 10.
2244 382 2351 434 367

244 548 416 591 omne
451 546 659 589 verum
696 532 839 607 quia
876 537 968 589 est
1002 547 1207 588 verum
1243 532 1302 588 in
1332 532 1663 605 communi,
1720 533 1970 590 transire
2006 547 2220 591 secure
2258 539 2353 591 est

237 632 391 691 bene
422 632 646 705 vivere,
685 631 938 689 reduces
963 630 1108 689 belli
1143 637 1286 690 sunt
1319 633 1422 708 qui
1458 632 1875 690 discusserunt
1909 631 2092 700 falsa,
2127 630 2353 691 bellum

238 739 331 792 est
365 748 568 810 pugna
602 733 737 789 veri
772 739 978 790 contra
1018 730 1263 806 salsum3
1321 733 1454 808 quis
1501 748 1616 790 non
1653 732 1856 792 videre
1893 738 2125 808 potest,
2194 732 2355 809 qnod

237 833 349 893 hoc
405 832 722 910 spirituale
777 831 962 890 Verbi
1014 834 1117 904 sit,
1175 838 1235 890 et
1288 849 1405 890 non
1454 832 1614 909 quod
1660 832 1977 891 habuerint
2021 849 2130 909 pro
2176 832 2351 893 hoste

232 939 481 1011 propter
511 937 768 1002 vestem,
809 939 867 990 et
896 934 1259 991 extraxerint
1287 934 1547 991 tunicam
1577 950 1614 991 a
1648 933 2113 992 transeuntibus.
2170 932 2353 1010 Apud

231 1032 607 1100 Matthaeum
646 1031 950 1107 „Sor-ibae
987 1037 1046 1091 et
1085 1030 1437 1092 Pharisaei
1465 1032 1680 1093 omnia
1715 1052 1903 1113 opera
1942 1051 2066 1093 aua
2089 1031 2353 1113 faciunt

232 1142 301 1196 ut
347 1139 712 1214 spectentur
759 1134 834 1193 ab
881 1132 1269 1207 hominibus,
1324 1140 1384 1194 et
1429 1130 1712 1193 dilatant
1744 1130 2156 1214 phylacteria
2207 1152 2349 1209 sua,

223 1241 286 1295 et
344 1233 774 1313 maynificant
824 1233 1123 1313 fimbrias
1187 1230 1545 1312 palliorum
1600 1238 1903 1294 suorum“
1970 1234 2219 1293 XXIII:
2278 1236 2348 1310 53

236 1336 390 1396 haec
424 1336 701 1394 fecerunt
739 1332 984 1394 Scribae
1024 1340 1082 1392 et
1114 1334 1456 1409 Pharisaei,
1497 1341 1558 1391 at
1593 1350 1783 1410 usque
1820 1352 1929 1411 per
1954 1334 2067 1394 hoc
2102 1353 2352 1413 reprae—

228 1436 589 1496 sentabatur
622 1440 683 1493 et
711 1433 1187 1509 significabatur,
1246 1434 1402 1510 quod
1441 1451 1514 1493 ex
1554 1436 1774 1493 ultimis
1812 1435 1999 1493 Verbi
2035 1435 2223 1494 multa
2257 1436 2352 1496 lo—

229 1542 561 1613 querentur
609 1541 669 1593 et
718 1534 1093 1611 applicarent
1138 1537 1298 1593 vitae
1355 1541 1419 1593 et
1461 1535 1877 1594 traditionibus
1932 1538 2092 1605 suis,
2146 1543 2206 1595 et
2238 1536 2353 1596 hoc

227 1646 293 1697 ut
329 1639 703 1714 apparerent
737 1637 927 1693 sancti
977 1642 1036 1693 et
1072 1634 1260 1712 doeti;
1315 1653 1426 1712 per
1472 1634 1844 1711 phylacteria
1882 1654 2037 1712 quae
2080 1636 2347 1712 dilatant,

225 1737 642 1816 significantur
676 1736 835 1794 bona
874 1738 936 1793 in
973 1743 1220 1794 externa
1255 1735 1448 1795 forma
1471 1780 1487 1809 ,
1528 1754 1661 1794 nam
1701 1745 1870 1796 erant
1906 1713 2089 1815 super
2118 1754 2346 1812 manus,

233 1846 293 1898 et
324 1855 447 1916 per
484 1852 696 1894 manus
734 1835 1141 1911 significantur
1175 1837 1364 1906 faeta,
1412 1839 1551 1912 quia
1590 1855 1798 1897 manus
1834 1838 2090 1913 faciunt3
2149 1844 2208 1897 et
2240 1856 2352 1915 per

224 1939 497 1999 fimbrias
547 1936 863 2012 palliorum
913 1952 1062 2011 quas
1111 1938 1526 2014 magnificant,
1594 1939 2000 2014 significantur
2054 1956 2200 1998 vera
2236 1957 2345 1998 ex·
2389 1939 2549 2001 [587]

225 2047 435 2108 terna,
490 2053 636 2095 vera
675 2043 922 2095 externa
956 2043 1094 2094 sunt
1131 2055 1286 2113 quae
1323 2040 1383 2095 in
1426 2038 1631 2096 ultimo
1669 2055 1850 2096 sensu
1889 2038 2117 2112 literae,
2162 2040 2351 2114 pallia

227 2147 372 2200 sunt
406 2155 559 2196 vera
594 2139 657 2194 in
694 2139 1023 2205 communi,
1077 2143 1137 2195 et
1171 2137 1439 2197 fimbriae
1476 2144 1617 2195 sunt
1655 2137 1860 2196 ultima
1898 2156 2133 2215 eorum3
2190 2139 2347 2215 quod

225 2240 501 2301 fimbriae
539 2237 857 2313 palliorum
884 2238 1028 2296 talia
1064 2255 1208 2298 vera
1245 2238 1608 2313 significent,
1663 2237 1937 2296 videatur
1971 2239 2030 2296 in
2068 2224 2345 2297 Ancmrs
2392 2291 2395 2292 γ

230 2340 655 2402 Cossnssrmus
705 2356 773 2397 n:
835 2340 1044 2398 9917.
1129 2338 1309 2416 Apud
1345 2337 1588 2416 Esajam
1644 2335 2010 2411 „Laetabor
2046 2337 2118 2399 in
2154 2336 2347 2400 Jeho-

233 2441 395 2510 vah,
446 2437 754 2500 exultabit
805 2438 1026 2499 anima
1066 2457 1206 2499 mea
1252 2440 1323 2500 in
1371 2438 1519 2499 Deo
1568 2455 1699 2498 meo
1709 2482 1726 2513 ,
1782 2439 1935 2517 quia
1983 2438 2200 2500 induit
2249 2455 2349 2498 me

231 2539 510 2603 vestibus
548 2538 811 2614 salutis,
856 2537 1068 2620 pallio
1085 2538 1393 2639 justitiae
1435 2539 1596 2600 texit
1633 2541 1775 2601 me“
1819 2538 1993 2598 LXI·
2042 2542 2158 2616 103
2209 2539 2341 2598 lae·

227 2628 348 2702 tari
390 2642 453 2699 in
492 2640 801 2716 Jehovah,
857 2641 1150 2717 significat
1187 2643 1250 2701 in
1292 2641 1510 2700 Divino
1546 2640 1745 2714 Bon03
1802 2640 2063 2699 exultare
2111 2641 2172 2699 in
2208 2639 2343 2698 Deo

227 2741 529 2820 signifieat
563 2743 624 2800 in
669 2741 887 2800 Divino
923 2741 1115 2815 Vero,
1170 2760 1305 2800 nam
1341 2742 1635 2801 Dominus
1672 2740 1951 2799 Jehovah
2001 2740 2218 2799 dicitur
2271 2757 2344 2798 ex

225 2844 454 2904 Divino
489 2841 695 2916 Bono,
769 2847 827 2901 et
862 2841 1033 2900 Deus
1084 2859 1156 2900 ex
1211 2843 1430 2901 Divino
1478 2842 1639 2901 Vero
1655 2860 1671 2917 ;
1729 2847 1787 2899 et
1839 2858 2011 2911 omne
2060 2840 2346 2917 gaudium

226 2941 546 3022 spirituale
586 2948 676 3000 est
721 2959 793 2999 ex
823 2941 971 3016 illis3
1029 2942 1274 3001 induere
1310 2943 1580 3001 vestibus
1618 2941 1828 3000 salutis
1851 2986 1865 3015 ,
1918 2941 2214 3018 significat
2249 2943 2343 3000 in-

226 3052 468 3105 struere
509 3050 570 3100 et
605 3042 825 3101 donare
861 3044 1021 3100 veris
1036 3062 1051 3118 3
1109 3049 1168 3101 et
1220 3050 1425 3120 tegere
1473 3042 1655 3118 pallio
1698 3042 2004 3120 justitiae,
2055 3042 2348 3120 significat

224 3143 485 3221 implere
522 3144 678 3202 omni
715 3161 855 3202 vero
894 3161 966 3201 ex
1002 3143 1190 3217 bono,
1229 3143 1475 3220 pallium
1516 3149 1609 3201 est
1643 3160 1815 3201 omne
1850 3160 2060 3200 verum
2089 3145 2228 3219 quia
2257 3148 2350 3200 est

228 3262 449 3305 verum
484 3245 541 3301 in
582 3245 907 3313 communi,
963 3260 1031 3302 ae
1061 3245 1297 3319 justitia
1338 3243 1554 3303 dicitur
1590 3243 1663 3301 de
1700 3243 1907 3319 bon0„
1964 3242 2145 3319 Apud
2178 3243 2348 3301 Eun-

225 3347 369 3406 dem
408 3342 686 3419 „Induit
721 3348 921 3403 vestes
946 3342 1294 3418 vindictae,
1352 3350 1412 3404 et
1447 3342 1611 3404 teoeit
1637 3361 1702 3401 se
1735 3341 1867 3403 zelo
1903 3341 2070 3402 sicat
2085 3339 2347 3420 pallio“

224 3445 408 3505 LIX:
459 3448 573 3519 17;
626 3443 778 3503 haec
820 3444 979 3503 dicta
1014 3450 1155 3503 sunt
1208 3445 1282 3503 de
1331 3444 1615 3517 Domino,
1680 3459 1751 3500 ac
1801 3442 1873 3500 de
1908 3434 2109 3516 Ipsius
2145 3457 2351 3516 pugna

227 3564 370 3607 cum
408 3544 701 3618 Infernis,
759 3562 889 3603 cum
931 3547 1083 3603 enim
1122 3546 1181 3603 in
1226 3544 1448 3603 Mundo
1491 3544 1601 3602 suit
1637 3541 1867 3616 redegit
1904 3540 2099 3596 omnia
2138 3541 2196 3596 in
2239 3538 2344 3597 In-

221 3648 414 3707 fernis
454 3651 514 3704 et
556 3647 617 3703 in
661 3643 860 3704 Coelis
906 3648 965 3703 in
1003 3645 1300 3713 ordinem,
1356 3651 1416 3704 et
1463 3644 1577 3702 hoe
1627 3658 1737 3718 per
1783 3639 2068 3698 Divinum
2120 3638 2347 3697 Verum

227 3765 300 3806 ex
340 3746 560 3804 Divino
598 3746 849 3818 Amore,
903 3752 1108 3803 vestes
1150 3745 1446 3804 vindictae
1483 3741 1816 3819 significant
1847 3755 1991 3797 vera
2028 3755 2137 3814 per
2174 3755 2349 3814 quae,

223 3846 397 3907 zelus
443 3847 599 3905 sicut
641 3846 892 3923 pallium
938 3846 1233 3921 significat
1270 3846 1556 3904 Divinum
1595 3859 1858 3901 amorem
1897 3857 1969 3896 ex
2008 3856 2153 3915 quo;
2208 3839 2351 3916 pal-

221 3947 371 4006 lium
420 3947 668 4022 dicitur,
745 3949 885 4022 quia
933 3946 1303 4022 significatur
1349 3963 1463 4022 per
1516 3945 1738 4002 Divina
1786 3957 1933 4000 vera
1995 3956 2069 3998 ex
2129 3940 2347 3999 Divino

226 4063 450 4107 amore.
535 4047 695 4123 Quid
730 4054 932 4107 autem
967 4046 1261 4123 significat
1293 4045 1553 4104 Pallium
1600 4042 1868 4120 Ephodi,
1938 4058 2055 4116 quo
2102 4040 2353 4100 Aharon

226 4151 482 4208 amictus
532 4148 670 4222 fuit,
728 4164 912 4224 super
960 4148 1133 4224 enjus
1186 4146 1431 4206 fimbriis
1479 4144 1896 4222 malogranata
1946 4147 2004 4200 et
2058 4144 2348 4202 tintinna-

223 4247 398 4323 bula,
455 4248 532 4308 de
570 4249 773 4325 quoin
801 4247 1004 4307 Exod:
1044 4247 1205 4326 Cap:
1252 4245 1564 4307 XXVIII:
1612 4246 1690 4305 31
1747 4244 1823 4303 ad
1866 4242 1986 4317 353
2045 4250 2105 4302 et
2141 4243 2348 4303 Levit:
