2791 4778
554 366 625 419 98
861 349 1353 407 APOCALYPSIS
1395 348 1831 406 EXPLICATA.
1912 350 1961 416 §.
2004 357 2135 411 327.
2190 357 2318 410 328.

551 530 706 590 quae
743 509 1112 589 praecedunt
1124 528 1141 583 3
1180 513 1378 567 actum
1407 507 1561 566 enim
1595 507 1713 566 huc
1742 521 1937 584 usque
1974 512 2068 565 est
2105 506 2180 566 de
2209 524 2303 584 eo,
2340 507 2512 584 quod
2549 508 2680 568 Do-

551 615 711 672 mino
748 628 825 671 ex
856 610 1078 670 Divino
1111 608 1387 667 Humano
1425 609 1504 667 sit
1545 606 1988 684 omnipotentia
2022 612 2084 665 et
2117 605 2586 683 Omniscientia,
2624 614 2683 668 et

551 712 690 773 inde
719 710 879 788 quod
902 709 1033 786 Ipsi
1066 711 1145 767 sit
1170 708 1253 768 Ju
1264 708 1513 784 dicium3
1562 706 1723 784 quod
1747 705 1812 766 id
1835 705 2202 783 intelligatur
2228 726 2340 785 per
2359 708 2593 785 dignus
2619 725 2682 768 es

551 813 826 888 accipere
862 809 1078 869 librum
1118 814 1177 867 et
1212 809 1450 886 aperire
1486 806 1684 884 sigilla
1724 806 1889 883 ejus,
1940 813 2112 884 patet
2159 823 2231 866 ex
2268 811 2425 867 serie
2477 826 2682 868 rerum

553 912 985 989 explicatarum
1023 927 1061 969 a
1090 910 1381 986 principio
1421 908 1601 984 hujus
1632 905 1863 984 Capitis
1897 906 2015 967 huc
2052 923 2264 985 usque,
2304 925 2465 985 quae
2504 908 2683 968 velim

549 1013 754 1072 ordine
791 1011 1059 1088 proferre
1071 1029 1086 1084 3
1127 1025 1342 1085 nempe
1369 1007 1532 1085 quod
1566 1024 1677 1084 per
1702 1005 1823 1066 vidi
1850 1008 1911 1065 in
1938 1006 2148 1066 dextra
2176 1007 2462 1067 Sedentis
2496 1024 2682 1086 super

552 1113 826 1185 Throno‚
865 1110 1231 1188 significetur
1260 1109 1556 1168 Dominus
1594 1107 1791 1183 quoad
1828 1105 2334 1183 Omnipotentiam
2372 1115 2433 1169 et
2467 1107 2679 1168 Omni-

547 1214 887 1285 scientiam,
927 1228 996 1269 n:
1033 1212 1195 1268 297:
1235 1209 1397 1285 quod
1432 1226 1540 1285 per
1563 1207 1777 1267 librum
1812 1209 2101 1284 scriptum
2135 1209 2295 1267 intus
2325 1216 2385 1268 et
2411 1227 2455 1267 a
2485 1216 2673 1287 tergo,

547 1313 923 1389 obsignatum
964 1309 1176 1388 sigillis
1223 1315 1487 1385 septem,
1530 1305 1908 1384 significetur
1951 1314 2146 1367 status
2195 1310 2358 1369 vitae
2408 1309 2676 1369 omnium

552 1416 613 1471 in
650 1412 834 1473 Coelo
886 1417 946 1470 et
981 1412 1048 1468 in
1078 1416 1238 1470 terra
1272 1424 1524 1486 prorsus
1562 1408 1935 1478 reconditae,
1969 1426 2037 1467 n:
2082 1409 2244 1467 299.
2289 1411 2464 1470 300:
2525 1406 2674 1488 quod

547 1531 656 1590 por
690 1512 815 1571 vidi
848 1510 1145 1586 Angelum
1181 1510 1395 1569 sortem
1431 1507 1882 1586 praedicantem
1915 1524 2064 1568 voce
2099 1527 2344 1587 magna,
2402 1513 2552 1586 quis
2589 1514 2671 1569 est

547 1613 769 1688 dignus
808 1612 1041 1687 aperire
1076 1609 1293 1670 librum
1330 1615 1391 1669 et
1425 1609 1665 1669 solvere
1700 1608 1899 1686 sigilla
1934 1608 2096 1685 ejus,
2151 1609 2533 1687 significetur
2568 1626 2664 1670 ex-

548 1712 801 1789 ploratio
835 1728 977 1767 num
1014 1709 1172 1768 ullus
1211 1710 1350 1769 talis
1398 1710 1478 1768 sit
1524 1715 1592 1768 ut
1627 1710 1781 1770 sciat
1833 1716 1894 1769 et
1928 1713 2225 1787 percipiat
2274 1717 2475 1770 status
2514 1712 2665 1769 vitae
2747 1707 2751 1708 ⁷

551 1812 841 1880 omnium,
874 1827 941 1870 n:
986 1812 1148 1870 302.
1194 1811 1370 1870 303:
1427 1809 1587 1886 quod
1622 1825 1737 1886 per
1771 1826 1946 1870 nemo
1983 1812 2180 1887 potuit
2226 1814 2289 1871 in
2324 1809 2515 1871 Coelo
2564 1823 2662 1871 nec

348 1923 508 1986 [403]
550 1928 736 1988 super
770 1916 931 1970 terra
965 1927 1076 1970 nec
1112 1910 1225 1969 sub
1261 1916 1422 1969 terra
1456 1912 1691 1987 aperire
1725 1909 1958 1983 librum,
1995 1912 2362 1987 significetur
2397 1910 2565 1989 quod
2597 1924 2660 1967 ne

545 2011 731 2071 hilum
770 2010 985 2088 aliquis
1042 2028 1115 2069 ex
1151 2028 1249 2084 se,
1304 2029 1370 2069 n:
1416 2012 1589 2071 304:
1647 2009 1804 2087 quod
1854 2027 1966 2088 per
2010 2027 2152 2072 ecce
2204 2013 2352 2071 vicit
2384 2011 2518 2072 Leo
2568 2009 2654 2086 qui

547 2118 642 2172 est.
678 2129 752 2171 ex
789 2112 949 2171 tribu
988 2111 1302 2185 Jehudae,
1361 2111 1533 2169 radix
1567 2110 1849 2179 Davidis‚
1902 2113 2137 2188 aperire
2172 2112 2388 2172 librum
2445 2120 2510 2173 et
2542 2109 2652 2171 sol-

546 2230 691 2272 vere
730 2213 929 2290 sigilla
964 2213 1123 2290 ejus,
1179 2211 1550 2288 significetur
1584 2210 1877 2270 Dominus
1933 2211 2092 2289 quod
2139 2230 2216 2273 ex
2262 2216 2513 2291 propria
2551 2227 2649 2289 po-

544 2314 730 2374 tentia
775 2313 1193 2391 subjugaverit
1223 2311 1500 2386 Inferna,
1557 2328 1628 2370 ac
1680 2311 1982 2389 redegerit
2019 2314 2217 2372 omnia
2249 2316 2311 2372 in
2349 2311 2546 2374 00an
2593 2312 2648 2368 in
2749 2369 2751 2374 .

544 2416 838 2490 ordinem,
880 2422 942 2474 et
974 2415 1089 2473 hoc
1122 2431 1233 2490 per
1265 2414 1550 2473 Divinum
1587 2412 1820 2472 Bonum
1868 2416 2096 2473 unitum
2131 2414 2354 2474 Divino
2391 2414 2542 2474 Vero
2583 2411 2639 2467 in

545 2533 655 2576 suo
692 2516 969 2573 Humano
990 2558 1005 2587 ,
1044 2532 1114 2572 n:
1159 2515 1319 2574 309.
1367 2515 1548 2573 310:
1609 2530 1723 2589 per
1759 2514 1919 2589 quod
1953 2514 2079 2573 vidi
2111 2515 2353 2591 Agnum
2387 2520 2640 2581 stantem,

543 2616 866 2674 habentem
904 2631 1128 2674 cornua
1160 2621 1392 2692 septem
1431 2622 1491 2673 et
1527 2612 1736 2673 oculos
1765 2620 2019 2691 septem,
2059 2615 2426 2691 significetur
2453 2610 2640 2677 Domi-

244 2776 255 2787 ,
547 2731 660 2772 nus
698 2713 894 2788 quoad
936 2714 1218 2775 Divinum
1260 2716 1635 2784 Humanum,
1689 2714 1848 2790 quod
1883 2715 2012 2790 Ipsi
2064 2730 2140 2773 ex
2184 2716 2273 2774 Eo
2323 2718 2403 2774 sit
2450 2711 2637 2776 Omni-

239 2875 246 2892 ,
335 2862 409 2881 „f
454 2802 463 2807 ⁸
547 2817 815 2891 potentia
869 2822 927 2873 et
979 2813 1432 2887 Omniscientia‚
1487 2832 1558 2873 n:
1605 2816 1767 2874 314.
1809 2816 1971 2874 316.
2018 2795 2183 2875 317:
2238 2822 2300 2876 et
2345 2833 2457 2893 per
2506 2807 2635 2891 quod
2737 2800 2738 2803 ¹

351 2915 376 2942 ‘⁹
428 2964 435 2981 2
545 2915 711 2972 venit
749 2920 807 2973 et
835 2918 1068 2992 accepit
1103 2917 1320 2975 librum
1359 2932 1391 2973 e
1422 2913 1632 2973 dextra
1655 2913 1931 2975 Sedentis
1960 2932 2145 2992 super
2173 2916 2434 2991 Thron0,
2476 2912 2631 2991 signi·
2730 2930 2734 3003 s

225 3025 234 3040 ⁴
543 3014 756 3073 ficetur
791 3016 950 3092 quod
987 3034 1060 3076 ex
1095 3017 1314 3075 Divino
1349 3015 1627 3074 Humano
1652 3014 1856 3093 Ipsius
1891 3017 2013 3076 sint
2048 3016 2169 3091 illa,
2206 3034 2277 3077 n:
2320 3018 2486 3077 319:
2521 3009 2629 3073 inde
2728 3020 2730 3069 A

225 3095 234 3104 ⁶
468 3172 471 3175 ,
545 3132 699 3174 nunc
735 3124 928 3192 patet,
971 3115 1129 3192 quod
1163 3116 1261 3174 hic
1293 3133 1406 3192 per
1432 3115 1645 3193 dignus
1675 3131 1741 3175 es
1778 3118 2053 3193 achpere
2082 3116 2297 3176 librum
2333 3123 2393 3177 et
2418 3117 2627 3177 solvere
2725 3090 2728 3145 ¹]

546 3215 745 3291 sigilla
780 3219 944 3294 eJu5‚
997 3215 1364 3292 significetur
1413 3214 1570 3294 quod
1605 3215 1862 3275 Domino
1900 3234 1970 3276 ex
2008 3216 2230 3277 Divino
2267 3217 2547 3277 Humano
2577 3208 2623 3270 δί’

546 3316 994 3394 omnipotentia
1031 3323 1090 3374 et
1124 3315 1568 3377 Omniscientia.
1618 3355 1626 3363 -
2313 3368 2317 3372 Α

703 3419 867 3478 328.
923 3416 1080 3492 Quia
1114 3417 1348 3476 occisus
1385 3434 1482 3492 es,
1520 3422 1582 3476 et
1615 3416 1921 3477 redemisti
1957 3418 2090 3477 Deo
2126 3433 2236 3479 nos
2270 3422 2332 3478 in
2367 3416 2617 3498 sanguin«

526 3525 668 3593 tuo,
723 3517 887 3594 quod
920 3515 1213 3591 significet
1246 3518 1686 3593 separationem
1735 3521 1996 3578 omnium
2032 3537 2070 3578 a
2102 3519 2350 3590 Divino,
2414 3526 2479 3580 et
2510 3529 2614 3579 con·

538 3620 911 3695 junctionem
950 3632 1081 3675 cum
1107 3615 1328 3675 Divino
1363 3634 1476 3694 per
1502 3620 1859 3694 agnitionem
1885 3618 2089 3697 Ipsius
2125 3625 2187 3679 et
2219 3638 2332 3698 per
2356 3616 2611 3698 receptio·

545 3734 685 3785 nem
716 3716 919 3775 Divini
945 3715 1092 3775 Veri
1127 3717 1202 3775 ab
1229 3716 1402 3793 Ipso,
1439 3724 1670 3777 constat
1707 3735 1782 3777 ex
1816 3719 2246 3797 significatione
2283 3722 2482 3796 occisi,
2517 3728 2607 3778 cun

546 3816 623 3876 de
657 3815 939 3890 Domino,
995 3817 1153 3895 quod
1186 3819 1264 3877 sit
1297 3821 1599 3896 separatio
1637 3820 1894 3879 omnium
1932 3838 1968 3879 a
2002 3821 2254 3897 Divin03
2308 3839 2418 3899 per
2468 3809 2605 3882 occid

549 3917 705 3975 enim
737 3917 797 3973 in
834 3915 1033 3977 Verbo
1068 3917 1433 3995 significatur
1468 3918 1859 3996 spiritualiter
1884 3920 2108 3993 occidi,
2143 3921 2259 3982 hoc
2295 3928 2421 3997 est,
2457 3916 2601 3998 perir·

428 4078 435 4087 ,
549 4034 623 4074 ex
660 4016 833 4076 malis
871 4022 931 4077 et
965 4018 1158 4094 falsis,
1216 4026 1282 4078 ut
1329 4026 1639 4080 ostensum
1684 4018 1957 4081 videatur
2005 4038 2194 4098 supra
2253 4041 2321 4082 n:
2365 4023 2532 4094 3153
2575 4027 2599 4070 θ

547 4117 689 4192 quia
718 4119 1011 4179 Dominus
1066 4120 1244 4179 etiam
1293 4120 1458 4197 apud
1488 4120 1624 4179 illos
1658 4135 1778 4178 non
1814 4127 1939 4193 est,
1991 4128 2244 4200 negatur
2280 4125 2465 4192 enim,
2511 4114 2595 4179 ide·
2695 4164 2696 4203 ¹

544 4235 655 4294 per
690 4222 984 4298 occisum,
1041 4238 1176 4281 cum
1224 4220 1299 4280 dc
1335 4220 1623 4294 Domin0,
1678 4220 2045 4296 significatur
2092 4234 2210 4282 non
2261 4225 2522 4302 agnituS,
2566 4228 2593 4270 u
2691 4242 2694 4335 Νι
