2791 4778
359 366 580 422 CAPUT
621 365 930 423 SEXTUM.
1511 366 1691 423 VERS
1711 390 1722 421 ε
1779 330 1949 430 446.
2182 379 2292 432 237

223 526 378 600 falsa,
426 531 659 585 constat
706 542 781 584 ex
817 524 1249 602 significatione
1299 526 1656 586 machaerae
1704 543 1815 586 seu
1859 528 2072 605 gladii,
2137 530 2300 608 quod

221 629 286 686 sit
314 644 504 685 verum
537 641 810 703 pugnans
848 630 1053 683 contra
1087 609 1341 697 falsum,
1395 632 1458 685 et
1507 627 1566 684 in
1612 629 1889 703 opposito
1938 645 2122 689 sensu
2175 631 2294 691 fal-
2338 624 2498 687 [502]

220 743 330 786 sum
360 744 625 803 pugnans
663 732 870 786 contra
906 742 1143 796 verum,
1185 742 1254 783 ac
1283 725 1610 786 destructio
1649 728 1813 805 ejus,
1855 728 1928 789 de
1966 748 2085 806 qua
2112 747 2301 809 supra

218 846 274 886 n:
316 828 468 901 1313
511 826 608 884 hic
645 827 873 885 falsum·
896 842 1180 901 pugnans
1210 832 1417 885 contra
1445 844 1650 885 verum
1678 845 1749 886 ac
1787 828 2102 890 destruens
2129 831 2294 907 illud,

217 944 331 984 nam
366 928 701 1003 praecedit,
742 932 852 1000 „ut
888 925 991 983 alii
1025 926 1176 984 alios
1214 925 1537 984 occidant“
1585 944 1696 1003 per
1732 929 1890 1004 quod
1933 931 2301 1007 significatur

217 1027 516 1086 falsificatio
555 1033 616 1086 et
653 1028 968 1085 exstinctio
1017 1028 1357 1084 veritatum.
1423 1026 1658 1086 Dicitur
1704 1030 1764 1086 in
1801 1028 2005 1089 Verbo
2041 1031 2295 1108 gladius,

215 1128 497 1186 machaera
534 1134 595 1185 et
629 1125 987 1201 romphaea,
1045 1133 1107 1204 ct
1140 1143 1249 1201 per
1287 1125 1552 1201 gladium
1581 1129 1947 1204 significatur
1980 1132 2040 1188 in
2075 1149 2297 1207 genere

213 1246 387 1304 pugna
417 1227 543 1302 iila,
599 1244 714 1304 per
758 1223 1132 1284 machaeram
1174 1243 1381 1302 pugna
1418 1229 1549 1285 veri
1590 1244 1663 1286 ex
1699 1229 1884 1304 bono,
1940 1247 2012 1289 ac
2047 1231 2184 1291 falsi
2220 1250 2297 1292 ex

213 1327 343 1386 malo
357 1372 373 1402 ,
421 1345 487 1387 ac
523 1345 634 1404 per
671 1326 1058 1403 romphaeam
1093 1343 1297 1401 pugna
1332 1328 1462 1384 veri
1501 1343 1573 1386 ex
1612 1328 1879 1388 doctrina
1920 1336 2124 1390 contra
2175 1331 2295 1391 fal-

215 1443 351 1503 sum,
402 1446 468 1488 ac
504 1428 643 1487 falsi
681 1443 755 1486 ex
800 1425 1065 1485 doctrina
1117 1432 1324 1484 contra
1358 1443 1596 1503 verum3
1653 1429 1973 1489 machaera
2010 1433 2166 1491 enim
2202 1438 2296 1491 est

214 1526 438 1604 brachii,
490 1546 561 1588 ac
596 1527 929 1603 romphaea
963 1525 1180 1584 dicitur
1216 1528 1379 1584 exire
1421 1542 1496 1585 ex
1531 1545 1669 1601 ore,
1722 1535 1789 1587 ut
1827 1529 2034 1607 Apoc:
2071 1531 2134 1591 I:
2183 1534 2291 1593 16.

216 1625 349 1704 Cap:
383 1630 471 1689 11:
517 1631 626 1687 12.
677 1631 783 1686 16.
842 1626 1000 1701 Cap:
1037 1625 1222 1685 XIX:
1271 1628 1378 1685 15.
1417 1630 1525 1685 22.

344 1731 493 1789 368.
547 1728 742 1787 Vers:
789 1728 845 1786 5.
889 1729 946 1785 6.
998 1724 1094 1786 Et
1120 1743 1259 1787 cum
1285 1726 1642 1805 aperuisset
1671 1728 1931 1790 tertium
1973 1726 2290 1810 aiyillum,

211 1827 409 1889 audivi
445 1828 594 1890 terti
598 1846 707 1889 am
741 1823 1010 1887 Animal
1050 1825 1294 1900 dicem,
1350 1826 1491 1887 vem·
1541 1833 1601 1889 et
1652 1830 1892 1908 aspice,
1959 1837 2017 1891 et
2056 1829 2196 1891 vidi
2233 1836 2294 1892 et

208 1945 315 1987 ecce
336 1928 555 2008 Equus
599 1927 786 2007 niyer
798 1971 816 2001 ,
870 1931 931 1986 et
967 1924 1188 1985 sedens
1229 1945 1420 2005 super
1459 1924 1573 1988 illo
1615 1928 1847 1989 habens
1881 1935 2191 1992 stateram
2222 1930 2295 1993 in

205 2046 372 2089 manu
417 2048 550 2091 sua.
649 2026 745 2088 Et
788 2025 1017 2087 audivi
1066 2045 1272 2086 vocem
1317 2027 1386 2087 in
1432 2028 1639 2089 medio
1692 2036 1965 2106 quatuor
2012 2028 2289 2091 Anima-

208 2123 373 2203 lium,
422 2128 757 2198 dicentem,
811 2124 1092 2188 Ovioenioe
1138 2126 1344 2188 tritici
1373 2127 1663 2202 denario,
1717 2134 1776 2188 et
1815 2137 1943 2190 tre-9
1978 2128 2293 2191 ‹thomice-9

210 2224 399 2288 hordei
439 2228 740 2301 ‹lenm-im
809 2233 869 2287 et
906 2224 1110 2288 oleum
1152 2232 1212 2286 et
1266 2227 1485 2302 vinum
1535 2246 1612 2287 ne
1663 2225 1944 2288 laeseris.
2031 2230 2107 2287 Et
2155 2246 2292 2289 cum

210 2331 512 2404 aperuisset
549 2331 793 2389 tertium
831 2328 1121 2406 sigillum,
1179 2326 1474 2405 significat
1512 2327 1979 2405 praedictionem
2018 2328 2091 2388 de
2127 2335 2291 2388 statu

211 2428 381 2487 adhuc
425 2431 782 2491 succedente
846 2429 1007 2505 apud
1044 2429 1179 2488 illos
1236 2430 1337 2505 qui
1387 2428 1463 2487 ab
1516 2429 1790 2488 Ecclesia
1834 2428 1938 2487 ubi
1986 2428 2289 2489 Verbum:

214 2527 396 2585 audivi
427 2534 657 2590 tertium
694 2529 932 2589 Animal
967 2529 1202 2603 dicens,
1242 2528 1536 2605 significat
1564 2546 1596 2588 e
1626 2527 1809 2588 Coelo
1844 2530 2049 2588 intimo
2087 2547 2122 2588 a
2159 2530 2291 2588 Do-

208 2629 378 2686 mino:
429 2634 553 2689 veni
594 2638 658 2690 et
695 2633 929 2707 aspice,
971 2629 1265 2706 significat
1303 2632 1693 2688 attentionem
1730 2635 1790 2687 et
1823 2632 2288 2705 perceptionem:

203 2734 259 2786 et
289 2745 414 2789 ecce
459 2732 669 2809 Equus
705 2733 903 2806 niger,
960 2730 1254 2807 significat
1287 2729 1658 2789 intellectum
1687 2729 1875 2787 Verbi
1914 2729 2290 2806 deperditum

205 2829 378 2902 quoad
408 2849 647 2890 verum:
705 2837 765 2890 et
798 2830 1016 2890 sedens
1055 2847 1241 2906 super
1274 2829 1377 2887 illo
1414 2829 1645 2889 habens
1696 2835 1980 2888 stateram
2013 2832 2074 2889 in
2110 2846 2291 2889 manu

202 2942 323 3001 sua,
374 2932 668 3008 significat
705 2932 1177 2990 aestimationem
1207 2929 1356 2988 Veri
1392 2947 1466 2989 ex
1504 2930 1706 2989 Verbo
1736 2931 1796 2988 in
1829 2929 1931 2987 illo
1967 2936 2129 2989 statu
2163 2931 2285 2990 Ec-

200 3025 429 3089 clesiae:
485 3032 743 3091 choenix
790 3032 971 3089 tritici
1006 3029 1250 3089 denario
1290 3036 1349 3088 et
1384 3036 1507 3088 tres
1563 3030 1878 3089 choenices
1929 3030 2139 3089 hordei
2175 3030 2286 3091 de-

197 3129 368 3204 nario,
421 3131 717 3208 significat
770 3131 929 3206 quod
963 3132 1280 3206 genuinum
1318 3129 1541 3187 bonum
1576 3129 1885 3189 Ecclesiae
1925 3132 2005 3190 sit
2037 3131 2154 3189 illis
2190 3132 2285 3188 ni-

196 3225 313 3302 hili,
388 3238 446 3289 et
506 3247 748 3312 quoque
804 3233 1125 3307 genuinum
1181 3246 1391 3287 verum
1439 3229 1781 3289 Ecclesiae:
1859 3236 1918 3289 et
1978 3230 2175 3289 oleum
2227 3236 2288 3288 et

196 3328 377 3387 vinum
409 3349 483 3391 ne
520 3331 802 3400 laeseris,
855 3330 1147 3406 significat
1198 3329 1357 3404 quod
1405 3330 1712 3410 provisum
1760 3332 1838 3387 sit
1884 3345 1959 3388 ne
2008 3328 2286 3387 damnum

193 3426 461 3488 inseratur
496 3432 704 3490 sensui
741 3432 974 3489 interno
1003 3445 1112 3489 seu
1139 3428 1438 3504 spirituali
1465 3428 1652 3487 Verbi
1687 3445 1798 3488 nec
1834 3428 2030 3503 quoad
2064 3427 2288 3486 bonum

193 3541 290 3586 nec
324 3532 517 3605 quoad
552 3548 780 3589 verum.

331 3630 489 3689 369.
545 3630 623 3688 Et
659 3648 794 3689 cum
831 3631 1167 3705 aperuisset
1191 3630 1431 3688 tertium
1467 3628 1759 3704 sigillum,
1808 3625 1967 3702 quod
1992 3622 2287 3701 significet

190 3729 639 3797 praedictionem
687 3730 760 3788 de
808 3736 970 3787 statu
1016 3730 1211 3788 adhuc
1254 3727 1615 3788 succedente
1671 3726 1833 3804 apud
1877 3725 2011 3784 illos
2060 3725 2160 3800 qui
2208 3724 2285 3784 ab

185 3822 440 3886 Ecclesia
490 3830 591 3887 ubi
638 3829 902 3888 Verbum
917 3824 959 3903 ,'
993 3835 1224 3888 constat
1271 3847 1347 3887 ex
1398 3828 1516 3885 illis
1556 3846 1709 3904 quae
1747 3843 1935 3902 supra
1986 3844 2060 3884 n:
2120 3827 2280 3895 351.

197 3923 341 3984 352.
397 3930 571 4001 361,
629 3929 786 3989 dicta
831 3935 1000 3987 sunt:
1057 3932 1252 4004 agitur
1301 3930 1457 3987 enim
1512 3930 1572 3986 in
1616 3928 1730 3985 hoc
1784 3933 1844 3985 et
1890 3928 1951 3984 in
1981 3933 2287 4005 sequente

188 4019 384 4099 Capite
428 4028 503 4086 de
556 4035 715 4087 statu
750 4029 1060 4088 Ecclesiae
1100 4028 1476 4087 Christianae
1527 4045 1638 4088 seu
1683 4027 1995 4086 Ecclesiae
2044 4026 2147 4086 ubi
2195 4032 2288 4086 est

189 4119 469 4199 Verbum,
528 4146 563 4185 a
597 4127 887 4204 principio
925 4131 1001 4188 ad
1036 4129 1242 4198 finem,
1280 4144 1390 4186 seu
1428 4145 1465 4185 a
1501 4135 1772 4204 tempore
1808 4127 2051 4186 Domini
2091 4143 2285 4202 usque

190 4221 259 4277 ad
288 4223 575 4286 Ultimum
612 4229 945 4305 Judicium3
1001 4228 1276 4287 Ecclesia
1318 4230 1474 4286 enim
1510 4228 1712 4303 Nova,
1756 4244 1910 4302 quae
1950 4215 2288 4286 Christiana
