2791 4778
355 383 592 442 CAPUT
633 345 947 459 semum.
1621 386 1837 442 vene:
1884 395 1975 448 14.
2208 395 2317 450 443

215 548 318 604 iam
362 544 602 603 Montes
656 543 1075 619 significabant
1126 543 1285 603 bona
1339 547 1559 602 amoris
1614 544 1926 618 coelestis,
2010 552 2071 603 et
2118 545 2318 605 Colles

215 644 354 704 bona
405 646 629 704 amoris
684 643 1045 720 spiritualis,
1112 643 1247 702 ideo
1289 637 1566 721 Antiqui,
1633 644 1793 720 apud
1845 662 1994 721 quos
2047 646 2320 705 Ecclesia

213 748 719 821 repraesentativa
768 746 911 817 fuit,
971 744 1194 803 cultum
1233 762 1409 804 suum
1453 745 1733 805 Divinum
1768 745 2105 806 habuerunt
2136 763 2321 824 super

215 846 495 904 montibus
555 855 615 904 et
662 845 945 917 collibus,
1036 853 1096 903 et
1139 842 1275 904 i'deo
1339 846 1491 905 Zion
1542 863 1726 923 super
1773 854 1976 914 monte
2032 848 2178 919 fuit,
2246 864 2318 906 ac

144 993 145 996 η
214 944 622 1022 Hierosolyma
673 963 859 1021 super
904 948 1197 1004 montanis
1247 947 1402 1004 infra
1448 946 1646 1022 illum3
1724 966 1799 1006 ne
1846 951 2049 1023 itaque
2098 947 2321 1007 Judaei

215 1053 264 1106 et
293 1046 652 1117 Israelitae,
708 1049 806 1122 qui
841 1046 1217 1105 idololatriae
1267 1046 1451 1106 dediti
1500 1054 1695 1120 erant,
1751 1054 2054 1106 verterent
2096 1048 2318 1107 cultum

144 1201 149 1204 ,
212 1147 475 1207 Divinum
517 1150 580 1204 in
624 1146 849 1206 cultum
885 1146 1352 1217 idololatricum‚
1398 1148 1739 1206 mandatum
1782 1148 1896 1207 illis
1936 1155 2060 1222 est,
2115 1156 2178 1205 ut
2215 1166 2319 1207 so·-

142 1311 145 1316 ,
214 1247 319 1306 lum
355 1251 416 1307 in
452 1247 885 1324 Hierosolyma
923 1246 1218 1307 haberent
1256 1247 1506 1323 cultum,
1563 1255 1623 1307 et
1655 1266 1770 1307 non
1808 1249 1978 1323 alibi3
2033 1249 2141 1307 sed
2180 1252 2319 1325 quia

213 1349 369 1407 corde
428 1347 786 1407 idololatrae
850 1349 1121 1421 suerunt,
1203 1367 1319 1407 non
1375 1353 1637 1428 contenti
1704 1335 1875 1407 eran't
1936 1349 2155 1407 cultum
2205 1350 2319 1409 ha·-

209 1446 335 1507 bere
387 1452 452 1507 in
507 1447 964 1524 Hierosolyma,
1054 1450 1166 1507 sed
1235 1449 1563 1508 secundum
1628 1467 1851 1508 morem
1917 1452 2181 1526 gentium
2242 1451 2317 1509 ab

209 1548 475 1626 Antiquis
517 1556 803 1621 tractum,
867 1549 1091 1607 cultum
1146 1551 1417 1609 fecerunt
1470 1567 1652 1625 super
1688 1551 1984 1609 montibus
2038 1557 2097 1609 et
2144 1551 2316 1610 colli-

207 1647 305 1709 bus
342 1650 838 1727 quibuscunque,
884 1656 943 1707 et
984 1650 1068 1709 ibi
1116 1650 1529 1709 sacrificarunt
1566 1658 1626 1708 et
1652 1651 1994 1720 suffierunt3
2052 1669 2315 1726 quapro-

207 1757 329 1825 pter
365 1754 507 1826 quia
543 1751 605 1808 id
641 1749 1085 1809 idolol-atricum
1134 1752 1245 1812 fuit
1290 1751 1452 1827 apud
1490 1750 1651 1825 illos,
1707 1769 1817 1828 per
1851 1752 2072 1811 cultum
2113 1769 2317 1811 eorum

207 1865 379 1925 super
414 1851 721 1908 montibus
772 1857 829 1908 et
868 1851 1120 1910 collibus
1175 1851 1308 1910 aliis
1357 1851 1727 1928 significatur
1774 1853 1967 1911 cultus
2018 1871 2089 1910 ex
2141 1853 2315 1912 malis

209 1957 261 2037 et
297 1951 462 2010 salsis
477 1973 494 2027 3
552 1959 619 2009 ut
654 1954 713 2008 in
754 1952 1143 2025 sequentibus
1179 1952 1271 2010 his
1322 1952 1469 2010 locis
1490 1974 1506 2026 3
1562 1954 1723 2030 apud
1759 1954 1996 2029 Esajam
2055 1999 2090 2026 „
2114 1951 2320 2032 Super

204 2056 413 2110 monte·
442 2049 578 2112 alto
621 2058 679 2112 et
717 2048 881 2111 elato
911 2052 1202 2130 posuisti
1237 2049 1436 2112 cubile
1479 2057 1689 2125 tuum,
1744 2053 1940 2111 etiam
1990 2071 2057 2110 eo
2093 2072 2313 2112 ascen-

208 2149 363 2211 disti
413 2152 503 2212 ad
551 2151 1056 2233 sacrificandum
1110 2151 1480 2233 saemficz'a“
1543 2152 1750 2209 LVII:
1810 2159 1882 2209 7:
1973 2153 2131 2227 apud
2184 2154 2316 2211 Ho-

203 2252 444 2311 scheam
500 2251 752 2332 „Super
803 2252 1141 2314 verticibus
1189 2252 1498 2312 montium
1558 2250 1950 2333 sacrificant,
2017 2257 2076 2310 et
2128 2271 2318 2331 super

207 2348 474 2412 collibus
517 2353 831 2434 suffiunffl
862 2353 987 2413 IV:
1048 2357 1166 2414 13:
1221 2354 1380 2431 apud
1420 2353 1742 2413 Jeremiam
1785 2352 2076 2429 „Aversa
2103 2349 2318 2413 Israel

213 2451 426 2511 abiem
471 2444 652 2532 super
706 2473 947 2515 omnem
993 2459 1262 2514 montem
1300 2452 1506 2515 altum
1524 2499 1538 2525 ,
1601 2459 1660 2512 et
1706 2455 1820 2514 sub
1872 2455 2042 2513 omni
2096 2455 2317 2513 arbore

208 2550 432 2627 vindi,
487 2559 544 2614 et
584 2554 1019 2616 scortabaris“
1060 2555 1188 2614 III:
1238 2559 1308 2630 63
1364 2573 1475 2632 per
1510 2557 1758 2613 scortari
1795 2554 2158 2630 significatur
2194 2554 2312 2613 fal-

204 2652 430 2712 sificare
482 2655 740 2715 cultum:
801 2656 961 2732 quod
1016 2656 1126 2714 hoc
1162 2655 1597 2714 idololatricum
1649 2656 1856 2726 suerit,
1909 2662 2077 2731 patet
2112 2673 2184 2712 ex
2220 2654 2314 2712 his

200 2755 355 2830 apud
378 2756 593 2815 Mosen
632 2755 990 2830 „Perdetis
1017 2753 1154 2816 loca
1182 2755 1291 2816 ubi
1324 2755 1711 2816 emet-erunt
1735 2761 1950 2834 yeme-9
1987 2753 2120 2814 diis
2153 2755 2316 2823 suis,

200 2873 385 2934 super
412 2856 784 2930 '‘montibuS,
861 2861 919 2915 et
978 2875 1168 2935 super
1218 2853 1518 2926 collibue,
1596 2861 1655 2916 et
1707 2857 1818 2915 sub
1877 2856 2049 2915 omni
2099 2840 2316 2915 arbore

196 2955 439 3016 viridi“
480 2958 707 3015 Deutr:
747 2957 904 3016 XII:
949 2961 985 3015 2
1007 2977 1022 3031 3
1080 2960 1140 3015 in
1176 2958 1268 3015 his
1305 2958 1506 3032 itaque
1544 2958 1693 3015 locis
1730 2975 1838 3033 per
1876 2956 2099 3015 cultum
2130 2975 2315 3033 super

197 3057 491 3116 montibus
529 3067 590 3116 et
627 3058 879 3116 collibus
922 3058 1291 3133 significatur
1318 3057 1524 3132 *cultus
1556 3076 1628 3117 ex
1675 3058 1847 3116 malis
1886 3066 1944 3115 et
1982 3059 2169 3117 falsis.
2227 3058 2317 3115 Ex

195 3155 301 3216 hoc
339 3161 521 3217 etiam
560 3159 893 3216 derivatum
924 3165 1032 3229 est,
1074 3158 1230 3234 quod
1263 3157 1534 3218 Gentiles
1570 3162 1630 3217 in
1676 3159 1931 3218 Graecia
1964 3159 2312 3217 Heliconem

196 3261 505 3332 posuerint
541 3262 601 3317 in
638 3259 761 3317 alto
801 3265 1033 3332 monte,
1102 3266 1161 3317 et
1194 3260 1562 3318 Parnassum
1616 3263 1676 3317 in
1723 3259 1874 3318 colle
1923 3259 2077 3316 infra
2124 3259 2312 3332 illum,

196 3363 250 3415 et
293 3358 380 3417 ibi
417 3359 565 3418 deos
606 3366 665 3416 et
700 3359 848 3418 deas
884 3375 1028 3418 suas
1064 3359 1336 3418 habitare
1382 3360 1773 3433 crediderint3
1828 3359 1941 3417 hoc
1979 3358 2312 3416 derivatum

195 3466 281 3515 est
328 3458 404 3518 ab
441 3460 719 3535 Antiquis
764 3464 823 3518 in
858 3461 1036 3533 Asia,
1096 3466 1155 3518 et
1191 3463 1517 3536 praecipue
1564 3462 1622 3515 in
1671 3467 1826 3516 terra
1879 3456 2157 3515 Canaane
2193 3476 2313 3515 non

194 3558 329 3617 inde
369 3568 621 3634 remota,
662 3560 823 3636 apud
861 3576 1009 3635 quos
1042 3563 1228 3618 omnis
1261 3560 1456 3619 cultus
1486 3576 1558 3615 ex
1597 3558 2128 3632 repraesentativis
2168 3574 2314 3614 con-

193 3658 410 3717 stabat.
501 3660 733 3745 Dicitur
770 3659 929 3736 apud
965 3660 1381 3736 Evangelistas
1440 3655 1683 3733 „Quod
1721 3652 2016 3717 diabolus
2054 3674 2311 3716 assum-

192 3760 347 3819 serit
409 3759 637 3821 Jesum
695 3780 887 3840 super
938 3758 1219 3819 Montem
1270 3756 1516 3833 altum,
1572 3766 1630 3818 et
1673 3756 2121 3817 monstraverit
2171 3754 2318 3834 Ipsi

191 3859 407 3919 omnia
443 3880 643 3940 reyna
681 3861 912 3921 mundi
957 3867 1016 3921 et
1063 3856 1371 3938 ⁸‹floria-m,
1429 3878 1506 3918 ac
1543 3857 1873 3919 tentaverit
1911 3856 2134 3938 Ipsum
2177 3856 2308 3915 272ss

190 3956 412 4019 Matth:
449 3961 570 4021 IV:
614 3964 672 4020 8.
725 3962 885 4021 Luc:
924 3961 1048 4019 IV:
1096 3962 1170 4035 53
1224 3977 1335 4036 per
1379 3959 1494 4018 hoc
1535 3959 1930 4037 significatur,
1980 3957 2137 4033 quod
2191 3957 2315 4016 dia-

191 4054 363 4119 bolus
403 4064 723 4120 tentaverit
757 4063 1078 4121 Dominum
1120 4078 1232 4138 per
1280 4061 1565 4120 Amorem
1614 4063 1740 4135 sui,
1795 4060 1892 4118 hic
1929 4061 2083 4117 enim
2120 4059 2306 4134 signi·
2354 4061 2513 4124 [637]

192 4156 402 4221 ficatur
435 4179 547 4238 per
581 4162 845 4222 Mentem
883 4161 1069 4221 altum
1083 4182 1099 4238 3
1162 4169 1280 4222 tres
1334 4163 1487 4221 enim
1546 4161 1934 4221 Tentationes
1971 4160 2310 4236 descriptae

194 4258 250 4315 in
284 4260 406 4320 illis
443 4262 591 4323 locis
630 4263 968 4341 significant
1014 4269 1073 4321 et
1108 4263 1420 4321 involvunt
1461 4279 1666 4321 omnes
1715 4262 2118 4336 TentationeS,
2161 4278 2308 4337 quas
