2791 4778
90 3407 103 4018 *mm
88 3325 99 3398 -u-
92 3293 97 3302 -
86 3129 99 3274 num!

496 309 564 359 16
909 289 1408 348 APOCALYPSIS
1449 287 1883 346 EXPLICATA.
1964 290 2011 358 §.
2058 297 2187 353 304.

490 453 682 516 Tertii
718 452 886 513 Coeli
917 431 1222 525 habitant,
1280 451 1421 526 quia
1457 449 1575 508 alte
1613 465 1797 524 supra
1830 449 2000 523 illos,
2036 455 2099 508 at
2141 448 2244 507 ubi
2279 452 2395 528 ipsi
2429 449 2608 511 habi-

491 562 623 614 tant
671 557 889 613 vocant
936 556 1186 625 terram;
1242 552 1422 609 etiam
1474 547 1721 608 Coelum
1762 549 2035 610 Tertium
2085 565 2197 610 seu
2232 548 2609 628 Supremam,

494 653 650 732 quod
689 658 782 712 est
816 668 999 728 super
1034 649 1363 724 montibus,
1405 666 1522 707 non
1559 656 1813 725 apparet
1847 649 1963 709 illis
1998 651 2104 727 qui
2135 649 2291 708 infra
2326 656 2465 710 sunt
2498 666 2611 711 seu

497 770 681 831 super
715 759 910 821 terra,
943 749 1119 809 aliter
1152 766 1223 808 ac
1260 765 1462 809 coram
1496 747 1667 807 nobis
1704 766 1985 826 suprema
2017 751 2181 828 regio
2224 751 2608 827 atmosphae-

496 872 605 914 rea
638 859 797 912 tecta
829 850 949 910 levi
985 856 1045 909 et
1080 848 1331 909 candida
1364 848 1552 918 nube,
1585 850 1670 907 ita
1695 851 1851 909 sicut
1880 849 2127 910 Coelum
2165 867 2367 910 coram
2401 849 2607 910 nobis:

498 954 634 1013 inde
671 957 943 1012 constare
968 955 1198 1026 potest,
1238 949 1382 1026 quid
1415 951 1478 1008 in
1511 950 1717 1025 specie
1751 966 1862 1026 per
1896 952 1958 1009 in
1988 949 2203 1026 Coelo,
2241 966 2426 1028 super
2449 957 2613 1010 terra

501 1060 560 1115 et
608 1053 721 1112 sub
770 1057 930 1111 terra
988 1050 1085 1108 hic
1133 1048 1510 1127 intelligitur3
1562 1048 1672 1108 sed
1718 1049 1792 1109 de
1837 1049 1931 1109 his
1980 1049 2156 1127 plura
2206 1051 2518 1111 videantur
2551 1053 2615 1109 in

503 1154 702 1231 Opere
748 1152 822 1211 de
873 1149 1075 1210 Corano
1110 1165 1188 1208 Er
1220 1164 1496 1209 manno
1521 1190 1538 1221 ,
1595 1147 1697 1207 ubi
1744 1152 1939 1226 agitur
1998 1149 2073 1209 de
2111 1150 2497 1227 Apparentiis
2550 1152 2613 1209 in

502 1251 717 1327 Coe10,
755 1271 823 1310 n:
868 1253 896 1308 l
918 1250 1005 1309 70
1045 1248 1125 1307 ad
1165 1250 1195 1307 1
1215 1253 1248 1307 ’1
1266 1251 1334 1324 63
1373 1265 1444 1307 ac
1482 1247 1556 1306 de
1582 1247 2069 1310 Habitationibus
2104 1255 2166 1310 et
2199 1250 2614 1312 Mansionibus

499 1350 897 1430 Angelorum,
926 1367 991 1408 n:
1033 1351 1061 1407 1
1081 1350 1167 1408 83
1202 1348 1282 1407 ad
1313 1352 1342 1407 1
1361 1350 1473 1407 89.
1508 1347 1804 1425 Quoniam
1829 1348 2101 1410 homines
2137 1367 2258 1409 non
2290 1353 2613 1432 sciverunt,

500 1452 660 1534 quod
695 1450 921 1511 similes
956 1449 1142 1508 facies
1178 1448 1410 1507 telluris
1448 1448 1661 1507 dentur
1694 1451 1755 1507 in
1780 1454 2036 1526 utroque
2061 1448 2304 1526 Mundo,
2341 1450 2618 1514 Naturali

503 1563 565 1615 et
600 1549 937 1629 Spirituali‚
989 1548 1126 1609 ideo
1162 1556 1281 1607 non
1313 1555 1718 1625 perceperunt
1744 1549 1941 1625 aliter,
1982 1567 2118 1610 cum
2151 1550 2428 1629 legerunt
2451 1553 2612 1614 Ver-

502 1656 676 1724 bum,
740 1668 917 1729 quam
978 1646 1139 1726 quod
1200 1665 1310 1724 per
1361 1646 1608 1708 Coelum
1672 1654 1731 1708 et
1768 1648 2018 1709 Terram
2074 1649 2189 1723 ibi,
2254 1650 2620 1730 intelligatur

506 1753 754 1815 Coelum
790 1767 989 1810 coram
1042 1747 1229 1806 oculis
1265 1749 1485 1806 nostris
1522 1749 1919 1824 aspectabile,
1973 1756 2034 1810 et
2070 1750 2262 1810 Terra
2310 1752 2385 1810 ab
2419 1753 2617 1813 homi-

504 1856 681 1913 nibus
739 1848 1115 1922 habitabilis3
1168 1847 1304 1906 inde
1354 1853 1487 1905 orta
1547 1854 1640 1906 est
1693 1851 1891 1927 opinio
1953 1850 2027 1909 de
2075 1852 2318 1910 interitu
2354 1850 2523 1914 Coeli
2556 1858 2620 1914 et

510 1954 755 2024 Terrae,
796 1955 856 2010 et
892 1949 964 2008 de
1003 1948 1301 2008 creatione
1336 1948 1477 2021 novi
1506 1946 1673 2006 Coeli
1710 1955 1770 2008 et
1802 1966 1994 2009 novae
2017 1950 2262 2026 Terrae,
2302 1950 2398 2012 die
2425 1952 2620 2013 ultimi

506 2054 761 2126 Judicii;
817 2067 951 2109 cum
986 2054 1185 2106 tamen
1221 2063 1330 2124 per
1359 2045 1610 2106 Coelum
1647 2054 1706 2106 et
1739 2067 1851 2124 per
1878 2050 2128 2109 Terram
2162 2050 2247 2110 ibi
2270 2052 2619 2130 intelligitur

511 2152 757 2213 Coelum
796 2157 857 2209 et
884 2150 1074 2209 Terra
1106 2146 1210 2205 ubi
1244 2146 1503 2223 Spiritus
1542 2153 1602 2206 et
1625 2146 1870 2225 Angeli,
1908 2166 1979 2208 ac
2014 2151 2076 2208 in
2109 2166 2296 2210 sensu
2323 2152 2623 2230 spirituali

504 2253 778 2314 Ecclesia
812 2249 975 2326 apud
1007 2246 1274 2323 Angelos
1331 2253 1392 2305 et
1434 2247 1595 2324 apud
1629 2246 1898 2308 homines
1916 2293 1933 2324 ,
1982 2267 2119 2308 nam
2157 2252 2317 2327 apud
2352 2252 2621 2330 Angelos

505 2371 698 2432 aeque
753 2358 846 2414 est
880 2350 1155 2413 Ecclesia
1213 2363 1284 2406 ac
1339 2348 1503 2425 apud
1537 2348 1846 2422 homineS,
1899 2349 2175 2409 videatur
2210 2352 2269 2410 in
2307 2351 2504 2429 Opere
2541 2352 2620 2413 de

505 2455 705 2516 Coeno
742 2474 819 2515 nr
854 2454 1137 2513 Imma-nno
1176 2468 1246 2508 n:
1292 2451 1426 2507 221
1474 2450 1553 2508 ad
1593 2453 1769 2509 227:
1823 2452 1882 2509 in
1918 2467 2103 2510 sensu
2139 2452 2432 2529 spirituali
2466 2451 2620 2511 dici-

308 2566 466 2629 [353]
504 2562 619 2631 tur,
649 2531 1085 2632 quia‘Angelus
1112 2568 1229 2610 non
1258 2549 1635 2626 estAngelus
1663 2566 1774 2610 nec
1798 2550 1977 2611 homo
2009 2558 2101 2611 est
2124 2551 2301 2612 homo
2331 2570 2406 2612 ex
2431 2552 2624 2614 forma

507 2656 769 2714 humana
832 2670 983 2729 quae
1021 2655 1294 2726 utrique,
1347 2649 1458 2707 sed
1508 2667 1583 2708 ex
1620 2650 1804 2711 Coelo
1855 2658 1915 2710 et
1947 2651 2223 2712 Ecclesia
2257 2652 2421 2730 apud
2451 2652 2620 2727 illos;

507 2753 644 2814 inde
684 2759 777 2812 est
812 2752 970 2829 quod
1004 2768 1113 2828 per
1152 2747 1404 2808 Coelum
1440 2755 1500 2806 et
1532 2767 1642 2824 per
1676 2756 1924 2827 terram,
1962 2751 2067 2811 ubi
2099 2751 2372 2811 habitant
2406 2751 2627 2829 Angeli

512 2861 573 2914 et
621 2854 921 2926 homineS,
977 2849 1344 2926 significetur
1392 2848 1702 2924 Ecclesia,
1756 2870 1867 2929 per
1921 2850 2171 2911 Coelum
2205 2851 2488 2932 Ecclesia*
2524 2853 2620 2910 in-

510 2962 714 3028 terna,
774 2958 834 3012 et
871 2966 1107 3028 quoque
1142 2947 1419 3007 Ecclesia
1453 2949 1614 3027 apud
1639 2949 1935 3028 AngeIOS,
1973 2958 2034 3011 et
2065 2969 2178 3028 per
2214 2951 2466 3011 Terram
2499 2953 2623 3011 Ec-

511 3054 700 3113 clesia
736 3058 1012 3119 externa,
1066 3054 1127 3108 et
1171 3064 1407 3124 quoque
1441 3051 1716 3110 Ecclesia
1762 3052 1922 3128 apud
1956 3052 2242 3111 homines.
2323 3050 2447 3112 Sed
2481 3052 2628 3128 quia

511 3171 693 3230 aegre
728 3157 930 3229 potest
966 3149 1127 3210 credi
1170 3148 1329 3225 quod
1359 3168 1472 3227 per
1507 3158 1724 3210 terram
1759 3154 1820 3211 in
1856 3150 2060 3212 Verbo
2095 3151 2465 3228 intelligatur
2499 3150 2626 3208 Ec-

509 3255 727 3327 clesia,
785 3270 858 3311 ex
895 3267 1082 3310 causa
1117 3249 1258 3326 quia
1291 3252 1553 3310 nondum
1588 3258 1793 3311 notum
1831 3258 1923 3311 est
1960 3250 2118 3327 quod
2151 3250 2403 3327 singulis
2437 3249 2631 3309 Verbi

509 3355 651 3412 insit
685 3368 901 3412 sensus
928 3348 1274 3428 spirituaIiS,
1313 3351 1471 3410 unde
1501 3352 1825 3411 materialis
1860 3351 2000 3411 idea
2027 3350 2333 3426 adhaeret,
2374 3355 2435 3412 et
2459 3355 2631 3409 tenet

511 3455 927 3531 cogItationem
960 3450 1140 3510 fixam
1173 3451 1233 3508 in
1268 3453 1541 3525 proxima
1578 3453 1742 3510 vocis
1778 3448 2239 3527 significatione,
2296 3449 2478 3512 velim
2513 3466 2631 3526 per

508 3554 680 3631 plura
713 3554 848 3614 loca
881 3552 1018 3611 inde
1055 3551 1359 3610 illustrare
1398 3557 1458 3609 et
1494 3549 1878 3610 confirmare:
1933 3549 2097 3627 apud
2129 3549 2375 3627 Esajam
2413 3547 2632 3624 „Ecce

510 3651 791 3713 Jelzovah
835 3669 1147 3712 evacuans
1198 3647 1468 3710 Terram
1519 3653 1578 3708 et
1631 3649 2011 3710 exinaniens
2058 3667 2197 3710 eam
2210 3694 2226 3724 ,
2294 3655 2355 3709 et
2400 3651 2633 3710 evertet

496 3751 713 3833 facies
763 3750 899 3832 ejus
910 3770 939 3821 ;
1004 3747 1362 3809 evacuando
1426 3748 1833 3810 evacuabitur
1887 3747 2120 3821 Terra,
2179 3753 2239 3809 et
2289 3745 2633 3828 spoliando

510 3847 895 3931 spoliabitur
912 3870 932 3909 .·
985 3844 1221 3927 luyebit
1257 3853 1317 3908 et
1351 3846 1774 3929 confundetur
1809 3846 2014 3910 Tem-a
2051 3846 2443 3922 habitabilis,
2478 3866 2630 3908 con-

498 3948 846 4031 fundetur,
870 3947 1087 4009 Orbis,-
1171 3945 1375 4010 Terra
1428 3946 1942 4028 prophanabitur
1993 3948 2108 4011 sub
2157 3946 2635 4009 habitatoribus

511 4049 689 4112 ouis:
732 4054 1067 4129 propterea
1105 4044 1473 4109 maledictio
1521 4046 1792 4108 comedet
1836 4046 2130 4125 Terram,
2185 4053 2245 4108 et
2282 4050 2639 4110 exurentur

511 4149 897 4212 habitatores
954 4146 1223 4228 Terrae,
1277 4152 1337 4206 et
1371 4143 1633 4208 relictus
1676 4147 1799 4209 erit
1838 4147 2020 4210 homo
2073 4167 2287 4211 rarus.
2370 4144 2639 4208 Clamor
