2791 4778
399 350 506 401 312
826 334 1317 391 APOCALYPSIS
1361 335 1794 391 EXPLICATA.
1848 337 1895 406 §.
1935 345 2058 399 386.

197 494 357 557 [551]
395 499 731 576 ignorantia
765 498 920 568 sunt,
959 497 1274 571 oppressio
1311 512 1519 556 eorum
1546 501 1640 553 est
1675 513 1712 553 a
1747 496 2058 572 spiritibus
2088 498 2190 572 qui
2222 498 2283 552 in
2322 495 2501 571 falsis,

391 600 529 658 ideo
567 597 781 655 dicitur
824 595 1103 655 Jehovah
1148 596 1291 654 facit
1325 595 1622 673 judicium
1668 596 1815 669 ἰΠίε,
1872 595 2224 655 vindicando
2260 595 2399 655 illos
2435 596 2504 653 ab

393 696 899 776 opprimentibus3
971 713 1082 775 per
1144 699 1478 754 esurientes
1538 696 1955 772 intelliguntur
2015 699 2115 773 qui
2172 695 2506 755 desiderant

389 799 574 873 bona,
622 813 772 875 quos
817 799 957 873 quia
992 798 1177 854 nutrit
1209 797 1535 867 Dominus,
1590 795 1805 856 dicitur
1839 796 2120 857 Jehovah
2157 797 2263 854 dat
2296 813 2504 872 panem

394 897 829 973 esurientibus,
884 896 1026 955 dare
1075 914 1295 973 panem
1340 903 1434 955 est
1468 898 1724 966 nutrire,
1778 903 1839 955 et
1887 899 2128 956 nutritio
2181 896 2503 972 spiritualis

394 1006 486 1059 est
520 1000 801 1071 scientia,
857 996 1253 1072 intelligentia
1288 1002 1348 1056 et
1387 998 1710 1072 sapientia3
1767 1003 1828 1055 et
1866 1015 1977 1073 per
2010 999 2244 1055 vinctos
2286 997 2501 1055 intelli-

393 1107 612 1176 guntur
651 1101 749 1175 qui
788 1096 1131 1156 desiderant
1166 1114 1340 1171 vera,
1395 1097 1505 1154 sed
1557 1097 1632 1155 ab
1678 1097 1798 1155 illis
1837 1098 2180 1156 detinentur
2211 1114 2330 1173 per
2362 1097 2501 1155 salsa

392 1202 725 1272 doctrinae,
797 1197 896 1255 vel
954 1213 1063 1272 per
1115 1199 1508 1273 ignorantiam
1571 1199 1709 1273 quia
1769 1215 1885 1256 non
1940 1197 2165 1256 habent
2221 1197 2497 1269 Verbum,

393 1318 577 1376 quare
615 1298 853 1357 solvere
889 1298 1117 1354 vinctos
1157 1303 1251 1356 est
1284 1297 1543 1355 liberare
1581 1298 1657 1355 ab
1693 1297 1843 1374 illis3
1885 1298 2042 1374 quod
2072 1299 2258 1354 vineti
2295 1296 2381 1354 illi
2415 1298 2495 1354 di-

393 1407 634 1474 cantur,
700 1398 974 1456 videatur
1034 1415 1103 1455 n:
1170 1399 1378 1456 5037.
1439 1400 1649 1457 5086.
1716 1400 1927 1458 5096.
2010 1398 2186 1473 Apud
2236 1398 2496 1455 Eundem

393 1497 729 1574 „Jehovah
762 1497 945 1576 ponit
980 1496 1296 1557 desertum
1333 1498 1404 1556 ‘in
1431 1502 1735 1577 staynum
1770 1517 2117 1576 aquarum,
2177 1504 2235 1556 et
2275 1501 2500 1556 terram

389 1598 709 1661 siccitatis
744 1599 814 1658 in
847 1597 1064 1658 exitus
1099 1616 1447 1676 aquarum,
1486 1605 1545 1658 et
1564 1598 1742 1678 facit
1778 1598 1869 1658 ibi
1901 1598 2192 1658 habitare
2223 1596 2497 1657 esurien-

390 1706 485 1760 tes
497 1744 515 1774 ,
582 1707 655 1758 ut
706 1698 960 1777 em‘yant
1010 1698 1220 1758 urbem
1264 1696 1682 1758 habitationis
1700 1744 1718 1773 ,
1786 1703 1844 1758 et
1898 1703 2113 1758 serant
2165 1715 2397 1776 ayros,
2446 1702 2499 1755 et

376 1797 674 1879 plantent
732 1797 980 1873 vineas,
1062 1803 1122 1857 et
1156 1798 1417 1877 faciant
1460 1799 1755 1877 fructum
1804 1803 2150 1876 proventus
2161 1799 2198 1830 “
2271 1797 2495 1855 Psalm:

391 1897 595 1958 CVII:
652 1900 761 1957 35.
818 1900 927 1957 36.
977 1901 1095 1974 373
1169 1898 1320 1957 haec
1372 1916 1620 1975 prorsus
1685 1900 1859 1958 aliter
1918 1897 2310 1974 intelligenda
2370 1905 2498 1955 sunt

388 2016 566 2076 quam
608 1998 936 2057 secundum
971 2015 1213 2057 sensum
1247 1999 1476 2073 literae,
1515 2001 1600 2056 ita
1634 2017 1880 2077 nempe,
1922 1999 2082 2075 quod
2109 2000 2302 2072 quiin
2330 2000 2492 2074 igno-

386 2101 584 2158 rantia
629 2101 1028 2175 cognitionum
1079 2100 1210 2157 veri
1255 2105 1422 2173 sunt,
1481 2105 1543 2156 et
1590 2105 1789 2158 tamen
1832 2103 1891 2157 in
1932 2099 2227 2157 desiderio
2281 2098 2500 2156 sciendi

384 2200 521 2259 illas
540 2245 556 2275 ,
605 2198 779 2258 valde
817 2199 1078 2258 ditentur
1107 2205 1165 2258 et
1191 2198 1669 2274 locupletentur,
1710 2217 1846 2258 nam
1882 2218 1991 2276 per
2029 2197 2186 2274 quod
2223 2197 2498 2257 Jehovah

382 2306 572 2377 ponat
607 2301 905 2359 desertum
953 2301 1011 2356 iu
1064 2306 1342 2376 stagnum
1379 2317 1700 2374 aquarum,
1762 2299 2130 2377 significatur
2183 2299 2287 2356 ubi
2331 2301 2490 2374 igno-

383 2405 580 2461 rantia
613 2403 741 2459 veri
787 2401 870 2459 ibi
908 2401 1021 2459 erit
1068 2400 1461 2473 abundantia,
1530 2400 1835 2459 desertum
1884 2408 1977 2460 est
2022 2400 2123 2458 ubi
2169 2401 2497 2475 ignorantia

383 2505 548 2576 veri,
587 2508 862 2577 stagnum
908 2518 1194 2576 aquarum
1234 2506 1328 2558 est
1367 2500 1734 2559 abundantia
1770 2503 1930 2579 ejus;
1974 2518 2085 2576 per
2123 2500 2285 2575 quod
2316 2507 2494 2575 ponat

382 2608 605 2660 terram
661 2603 946 2660 siccitatis
999 2603 1059 2658 in
1111 2602 1304 2659 exitus
1352 2618 1669 2676 aquarum,
1737 2603 2142 2679 significantur
2191 2601 2410 2658 similia
2439 2602 2494 2657 in

384 2702 639 2761 naturali
674 2701 940 2775 homine,
996 2707 1157 2759 terra
1192 2702 1482 2761 siccitatis
1521 2703 1674 2759 enim
1716 2708 1807 2761 est
1843 2701 1947 2763 ubi
1980 2702 2318 2777 ignorantia
2354 2702 2489 2772 veri,

384 2804 578 2858 exitus
630 2818 917 2874 aquarum
972 2807 1063 2859 est
1118 2801 1510 2876 abundantia,
1565 2802 1858 2861 naturalis
1905 2802 2081 2859 homo
2138 2808 2232 2859 est
2286 2803 2489 2871 exitus.

385 2906 448 2959 et
476 2917 669 2974 aquae
710 2906 848 2956 sunt
876 2918 1049 2975 vera3
1090 2878 1249 2976 duod
1284 2903 1466 2961 faciat
1494 2901 1580 2959 ibi
1617 2901 1888 2961 habitare
1917 2904 2272 2976 esurienteS‚
2313 2901 2490 2976 signi-

378 3000 520 3058 ficat
555 2998 715 3075 quod
748 2999 884 3057 illos
921 3004 1023 3075 qui
1055 3004 1114 3059 in
1143 3001 1440 3060 desiderio
1479 3003 1608 3059 veri
1643 3009 1810 3075 sunt,
1846 3002 2118 3060 habitare
2149 3008 2243 3060 est
2273 3003 2488 3073 vivere,

382 3102 721 3158 esurientes
759 3107 898 3157 sunt
937 3104 1037 3176 qui
1074 3102 1435 3175 desiderant3
1474 3107 1540 3159 ut
1576 3105 1806 3179 erigant
1842 3102 2053 3159 urbem
2087 3091 2489 3173 habitati'oniS,

383 3199 679 3276 significat
728 3206 795 3257 ut
843 3201 1065 3258 faciant
1109 3202 1226 3260 sibi
1274 3201 1602 3260 doctrinam
1654 3204 1843 3275 vitae,
1901 3202 2045 3259 urbs
2098 3208 2191 3260 est
2231 3202 2493 3259 doctrina

377 3308 441 3359 et
490 3300 780 3358 habitatio
832 3308 923 3357 est
964 3304 1118 3377 vita3
1172 3309 1239 3359 ut
1290 3308 1496 3360 serant
1542 3318 1756 3377 agros,
1814 3303 2088 3378 plantent
2139 3303 2386 3376 vineas,
2443 3307 2494 3358 et

374 3401 571 3460 ferant
606 3401 860 3459 fructum
899 3409 1256 3476 proventuS,
1300 3402 1595 3477 significat
1630 3404 1901 3477 recipere
1937 3419 2110 3474 vera,
2161 3402 2492 3478 intelligere

373 3502 510 3575 illa,
549 3508 609 3561 et
644 3502 840 3559 facere
882 3501 1013 3569 illa,
1052 3517 1255 3560 serere
1295 3518 1474 3577 agros
1525 3508 1618 3559 est
1661 3504 1875 3560 instrui
1920 3507 1980 3560 et·
2015 3503 2289 3577 recipere
2334 3517 2490 3574 vera,

368 3602 648 3678 'plantare
693 3604 899 3659 vineas
939 3607 1032 3658 est
1076 3603 1347 3676 recipere
1394 3601 1499 3658 illa
1550 3600 1893 3675 intellectu,
1944 3601 2058 3659 hoe
2102 3607 2214 3669 est,
2261 3603 2491 3678 spiritu,

374 3704 589 3761 vineae
628 3704 779 3762 enim
818 3707 957 3759 sunt
991 3718 1135 3759 vera
1171 3700 1543 3777 spiritualia,
1580 3701 1717 3759 indc
1754 3701 2025 3778 plantare
2062 3700 2200 3758 illas
2240 3709 2339 3759 est
2373 3702 2494 3777 spi-

372 3802 665 3859 ritualiter
722 3802 826 3859 illa
885 3803 1186 3875 recipere,
1240 3801 1352 3859 hoc
1403 3807 1533 3875 est,
1589 3801 1959 3877 intelligere,
2027 3801 2183 3858 ferre
2240 3802 2491 3860 fructum

371 3906 701 3977 proventus
742 3905 834 3959 est
869 3901 1066 3960 facere
1102 3901 1206 3960 illa
1250 3907 1310 3959 et
1345 3902 1617 3976 recipere
1653 3900 1842 3976 bona,
1895 3902 2122 3959 fructus
2162 3903 2319 3959 enim
2359 3905 2491 3958 sunt

368 3999 532 4059 facta
568 4006 626 4055 et
660 4000 818 4057 bona
844 3999 1168 4060 charitatis,
1251 3999 1434 4077 Apud
1468 3999 1740 4059 Eundem
1780 3998 2170 4080 „Ooynoscit
2208 3995 2490 4058 Jehovah

374 4097 513 4157 dies
554 4097 947 4175 inteyrorum
960 4144 979 4174 ,
1045 4107 1105 4161 et
1152 4099 1518 4162 haereditas
1566 4118 1781 4161 eorum
1834 4101 1903 4161 in
1955 4106 2273 4160 aeternum
2328 4096 2450 4158 erit
2461 4115 2486 4166 ;

372 4214 494 4258 non
532 4196 858 4276 pudefient
898 4198 967 4257 in
1010 4206 1279 4276 tempore
1314 4197 1503 4274 mali,
1560 4205 1619 4258 et
1668 4200 1737 4259 in
1779 4198 2238 4279 diffussam&
2278 4196 2477 4256 satia-
