<?xml version="1.0" encoding="UTF-8"?>
<!DOCTYPE html PUBLIC "-//W3C//DTD XHTML 1.0 Transitional//EN"
    "http://www.w3.org/TR/xhtml1/DTD/xhtml1-transitional.dtd">
<html xmlns="http://www.w3.org/1999/xhtml" xml:lang="en" lang="en">
 <head>
  <title>
</title>
<meta http-equiv="Content-Type" content="text/html;charset=utf-8" />
  <meta name='ocr-system' content='tesseract 3.04.00' />
  <meta name='ocr-capabilities' content='ocr_page ocr_carea ocr_par ocr_line ocrx_word'/>
</head>
<body>
  <div class='ocr_page' id='page_1' title='image "apocalypsisexpl03swedgoog_0497.png"; bbox 0 0 2791 4778; ppageno 0'>
   <div class='ocr_carea' id='block_1_1' title="bbox 386 343 2353 415">
    <p class='ocr_par' dir='ltr' id='par_1_1' title="bbox 386 343 2353 415">
     <span class='ocr_line' id='line_1_1' title="bbox 386 343 2353 415; baseline 0.005 -17"><span class='ocrx_word' id='word_1_1' title='bbox 386 343 624 399; x_wconf 76' lang='lat' dir='ltr'>CAPUT</span> <span class='ocrx_word' id='word_1_2' title='bbox 666 344 981 401; x_wconf 80' lang='lat' dir='ltr'>SEXTUM.</span> <span class='ocrx_word' id='word_1_3' title='bbox 1010 407 1030 415; x_wconf 60' lang='grc'>,</span> <span class='ocrx_word' id='word_1_4' title='bbox 1741 344 1948 401; x_wconf 75' lang='lat' dir='ltr'>VERS:</span> <span class='ocrx_word' id='word_1_5' title='bbox 1996 355 2086 406; x_wconf 85' lang='lat'>15.</span> <span class='ocrx_word' id='word_1_6' title='bbox 2243 356 2353 408; x_wconf 78' lang='lat'>475</span> 
     </span>
    </p>
   </div>
   <div class='ocr_carea' id='block_1_2' title="bbox 214 503 2359 4307">
    <p class='ocr_par' dir='ltr' id='par_1_2' title="bbox 214 503 2359 4307">
     <span class='ocr_line' id='line_1_2' title="bbox 229 503 2355 580; baseline 0 -16"><span class='ocrx_word' id='word_1_7' title='bbox 229 523 339 565; x_wconf 89' lang='lat' dir='ltr'>seu</span> <span class='ocrx_word' id='word_1_8' title='bbox 390 505 586 562; x_wconf 80' lang='lat' dir='ltr'>infans</span> <span class='ocrx_word' id='word_1_9' title='bbox 641 505 878 562; x_wconf 87' lang='lat' dir='ltr'>lactens</span> <span class='ocrx_word' id='word_1_10' title='bbox 920 503 1217 580; x_wconf 86' lang='lat' dir='ltr'>significat</span> <span class='ocrx_word' id='word_1_11' title='bbox 1249 504 1471 563; x_wconf 92' lang='lat' dir='ltr'>bonum</span> <span class='ocrx_word' id='word_1_12' title='bbox 1511 508 1917 576; x_wconf 77' lang='lat' dir='ltr'><strong>innocentiae,</strong></span> <span class='ocrx_word' id='word_1_13' title='bbox 1970 504 2103 564; x_wconf 91' lang='lat' dir='ltr'>ideo</span> <span class='ocrx_word' id='word_1_14' title='bbox 2140 506 2355 566; x_wconf 83' lang='lat' dir='ltr'>dicitur</span> 
     </span>
     <span class='ocr_line' id='line_1_3' title="bbox 229 605 2355 683; baseline 0.001 -19"><span class='ocrx_word' id='word_1_15' title='bbox 229 605 403 666; x_wconf 89' lang='lat' dir='ltr'>ludet</span> <span class='ocrx_word' id='word_1_16' title='bbox 439 623 662 681; x_wconf 85' lang='lat' dir='ltr'>sugens</span> <span class='ocrx_word' id='word_1_17' title='bbox 712 622 900 681; x_wconf 88' lang='lat' dir='ltr'>super</span> <span class='ocrx_word' id='word_1_18' title='bbox 939 606 1224 662; x_wconf 80' lang='lat' dir='ltr'>foramine</span> <span class='ocrx_word' id='word_1_19' title='bbox 1272 606 1548 682; x_wconf 81' lang='lat' dir='ltr'>viperae3</span> <span class='ocrx_word' id='word_1_20' title='bbox 1605 613 1665 664; x_wconf 93' lang='lat' dir='ltr'>et</span> <span class='ocrx_word' id='word_1_21' title='bbox 1702 608 1839 683; x_wconf 88' lang='lat' dir='ltr'>quia</span> <span class='ocrx_word' id='word_1_22' title='bbox 1874 606 2207 665; x_wconf 77' lang='lat' dir='ltr'>ablactatus</span> <span class='ocrx_word' id='word_1_23' title='bbox 2243 624 2355 667; x_wconf 87' lang='lat' dir='ltr'>seu</span> 
     </span>
     <span class='ocr_line' id='line_1_4' title="bbox 226 704 2350 782; baseline 0 -17"><span class='ocrx_word' id='word_1_24' title='bbox 226 707 425 765; x_wconf 87' lang='lat' dir='ltr'>infans</span> <span class='ocrx_word' id='word_1_25' title='bbox 466 722 713 764; x_wconf 88' lang='lat' dir='ltr'>cessans</span> <span class='ocrx_word' id='word_1_26' title='bbox 752 705 979 764; x_wconf 86' lang='lat' dir='ltr'>lactare</span> <span class='ocrx_word' id='word_1_27' title='bbox 1018 704 1309 781; x_wconf 83' lang='lat' dir='ltr'>significat</span> <span class='ocrx_word' id='word_1_28' title='bbox 1361 706 1582 765; x_wconf 89' lang='lat' dir='ltr'>bonum</span> <span class='ocrx_word' id='word_1_29' title='bbox 1634 709 1883 781; x_wconf 88' lang='lat' dir='ltr'>amoris,</span> <span class='ocrx_word' id='word_1_30' title='bbox 1938 707 2073 765; x_wconf 90' lang='lat' dir='ltr'>ideo</span> <span class='ocrx_word' id='word_1_31' title='bbox 2120 706 2350 782; x_wconf 88' lang='lat' dir='ltr'>dicitur,</span> 
     </span>
     <span class='ocr_line' id='line_1_5' title="bbox 227 805 2351 884; baseline -0.001 -17"><span class='ocrx_word' id='word_1_32' title='bbox 227 814 289 867; x_wconf 90' lang='lat' dir='ltr'>et</span> <span class='ocrx_word' id='word_1_33' title='bbox 331 824 527 884; x_wconf 89' lang='lat' dir='ltr'>super</span> <span class='ocrx_word' id='word_1_34' title='bbox 576 806 923 883; x_wconf 77' lang='lat' dir='ltr'>speluncam</span> <span class='ocrx_word' id='word_1_35' title='bbox 959 805 1225 864; x_wconf 80' lang='lat' dir='ltr'>basilisci</span> <span class='ocrx_word' id='word_1_36' title='bbox 1276 805 1613 866; x_wconf 82' lang='lat' dir='ltr'>ablactatus</span> <span class='ocrx_word' id='word_1_37' title='bbox 1654 825 1892 875; x_wconf 86' lang='lat' dir='ltr'>manum</span> <span class='ocrx_word' id='word_1_38' title='bbox 1929 824 2099 868; x_wconf 87' lang='lat' dir='ltr'>suam</span> <span class='ocrx_word' id='word_1_39' title='bbox 2136 808 2351 884; x_wconf 89' lang='lat' dir='ltr'>impel-</span> 
     </span>
     <span class='ocr_line' id='line_1_6' title="bbox 223 906 2354 985; baseline -0 -18"><span class='ocrx_word' id='word_1_40' title='bbox 223 909 336 985; x_wconf 84' lang='lat' dir='ltr'>let3</span> <span class='ocrx_word' id='word_1_41' title='bbox 396 908 540 966; x_wconf 88' lang='lat' dir='ltr'>inde</span> <span class='ocrx_word' id='word_1_42' title='bbox 583 925 694 984; x_wconf 91' lang='lat' dir='ltr'>per</span> <span class='ocrx_word' id='word_1_43' title='bbox 728 906 830 964; x_wconf 86' lang='lat' dir='ltr'>illa</span> <span class='ocrx_word' id='word_1_44' title='bbox 868 906 1254 983; x_wconf 87' lang='lat' dir='ltr'>significatur,</span> <span class='ocrx_word' id='word_1_45' title='bbox 1296 907 1455 983; x_wconf 90' lang='lat' dir='ltr'>quod</span> <span class='ocrx_word' id='word_1_46' title='bbox 1489 908 1608 967; x_wconf 93' lang='lat' dir='ltr'>illis</span> <span class='ocrx_word' id='word_1_47' title='bbox 1647 911 1748 985; x_wconf 89' lang='lat' dir='ltr'>qui</span> <span class='ocrx_word' id='word_1_48' title='bbox 1784 909 1844 966; x_wconf 92' lang='lat' dir='ltr'>in</span> <span class='ocrx_word' id='word_1_49' title='bbox 1878 908 2033 965; x_wconf 92' lang='lat' dir='ltr'>bono</span> <span class='ocrx_word' id='word_1_50' title='bbox 2069 911 2354 967; x_wconf 89' lang='lat' dir='ltr'>innocen-</span> 
     </span>
     <span class='ocr_line' id='line_1_7' title="bbox 222 1008 2355 1085; baseline 0 -16"><span class='ocrx_word' id='word_1_51' title='bbox 222 1013 337 1069; x_wconf 88' lang='lat' dir='ltr'>tiae</span> <span class='ocrx_word' id='word_1_52' title='bbox 378 1009 557 1076; x_wconf 82' lang='lat' dir='ltr'>acin</span> <span class='ocrx_word' id='word_1_53' title='bbox 593 1009 746 1066; x_wconf 91' lang='lat' dir='ltr'>bono</span> <span class='ocrx_word' id='word_1_54' title='bbox 786 1010 1002 1066; x_wconf 90' lang='lat' dir='ltr'>amoris</span> <span class='ocrx_word' id='word_1_55' title='bbox 1040 1009 1097 1065; x_wconf 92' lang='lat' dir='ltr'>in</span> <span class='ocrx_word' id='word_1_56' title='bbox 1136 1008 1456 1066; x_wconf 87' lang='lat' dir='ltr'>Dominum</span> <span class='ocrx_word' id='word_1_57' title='bbox 1491 1015 1666 1083; x_wconf 90' lang='lat' dir='ltr'>sunt,</span> <span class='ocrx_word' id='word_1_58' title='bbox 1718 1024 1965 1085; x_wconf 89' lang='lat' dir='ltr'>prorsus</span> <span class='ocrx_word' id='word_1_59' title='bbox 2000 1008 2143 1066; x_wconf 90' lang='lat' dir='ltr'>nihil</span> <span class='ocrx_word' id='word_1_60' title='bbox 2181 1011 2355 1069; x_wconf 87' lang='lat' dir='ltr'>timo-</span> 
     </span>
     <span class='ocr_line' id='line_1_8' title="bbox 223 1107 2350 1185; baseline -0.001 -15"><span class='ocrx_word' id='word_1_61' title='bbox 223 1115 301 1170; x_wconf 88' lang='lat' dir='ltr'>ris</span> <span class='ocrx_word' id='word_1_62' title='bbox 340 1113 425 1170; x_wconf 86' lang='lat' dir='ltr'>sit</span> <span class='ocrx_word' id='word_1_63' title='bbox 463 1127 503 1167; x_wconf 90' lang='lat' dir='ltr'>a</span> <span class='ocrx_word' id='word_1_64' title='bbox 544 1109 717 1167; x_wconf 91' lang='lat' dir='ltr'>malis</span> <span class='ocrx_word' id='word_1_65' title='bbox 757 1115 820 1166; x_wconf 88' lang='lat' dir='ltr'>et</span> <span class='ocrx_word' id='word_1_66' title='bbox 854 1108 1053 1182; x_wconf 86' lang='lat' dir='ltr'>falsis,</span> <span class='ocrx_word' id='word_1_67' title='bbox 1115 1125 1267 1183; x_wconf 88' lang='lat' dir='ltr'>quae</span> <span class='ocrx_word' id='word_1_68' title='bbox 1307 1107 1382 1166; x_wconf 92' lang='lat' dir='ltr'>ab</span> <span class='ocrx_word' id='word_1_69' title='bbox 1418 1109 1687 1182; x_wconf 87' lang='lat' dir='ltr'>Inserno,</span> <span class='ocrx_word' id='word_1_70' title='bbox 1729 1112 1873 1185; x_wconf 89' lang='lat' dir='ltr'>quia</span> <span class='ocrx_word' id='word_1_71' title='bbox 1912 1111 2027 1167; x_wconf 87' lang='lat' dir='ltr'>tuti</span> <span class='ocrx_word' id='word_1_72' title='bbox 2062 1127 2099 1167; x_wconf 89' lang='lat' dir='ltr'>a</span> <span class='ocrx_word' id='word_1_73' title='bbox 2137 1110 2350 1168; x_wconf 89' lang='lat' dir='ltr'>Domi-</span> 
     </span>
     <span class='ocr_line' id='line_1_9' title="bbox 223 1207 2349 1287; baseline -0.001 -18"><span class='ocrx_word' id='word_1_74' title='bbox 223 1230 330 1271; x_wconf 89' lang='lat' dir='ltr'>no:</span> <span class='ocrx_word' id='word_1_75' title='bbox 392 1210 559 1287; x_wconf 89' lang='lat' dir='ltr'>quod</span> <span class='ocrx_word' id='word_1_76' title='bbox 597 1227 706 1284; x_wconf 89' lang='lat' dir='ltr'>per</span> <span class='ocrx_word' id='word_1_77' title='bbox 739 1209 1007 1267; x_wconf 80' lang='lat' dir='ltr'>Infantes</span> <span class='ocrx_word' id='word_1_78' title='bbox 1056 1211 1118 1267; x_wconf 90' lang='lat' dir='ltr'>in</span> <span class='ocrx_word' id='word_1_79' title='bbox 1163 1207 1368 1268; x_wconf 86' lang='lat' dir='ltr'>Verbo</span> <span class='ocrx_word' id='word_1_80' title='bbox 1406 1209 1773 1285; x_wconf 89' lang='lat' dir='ltr'>significetur</span> <span class='ocrx_word' id='word_1_81' title='bbox 1807 1209 2027 1267; x_wconf 90' lang='lat' dir='ltr'>bonum</span> <span class='ocrx_word' id='word_1_82' title='bbox 2063 1213 2349 1268; x_wconf 91' lang='lat' dir='ltr'>innocen-</span> 
     </span>
     <span class='ocr_line' id='line_1_10' title="bbox 221 1309 2354 1387; baseline -0.001 -16"><span class='ocrx_word' id='word_1_83' title='bbox 221 1315 373 1386; x_wconf 86' lang='lat' dir='ltr'>tiae,</span> <span class='ocrx_word' id='word_1_84' title='bbox 419 1319 489 1369; x_wconf 82' lang='lat' dir='ltr'>et</span> <span class='ocrx_word' id='word_1_85' title='bbox 521 1327 758 1386; x_wconf 87' lang='lat' dir='ltr'>quoque</span> <span class='ocrx_word' id='word_1_86' title='bbox 802 1327 912 1386; x_wconf 89' lang='lat' dir='ltr'>per</span> <span class='ocrx_word' id='word_1_87' title='bbox 946 1310 1273 1382; x_wconf 88' lang='lat' dir='ltr'>lactantes,</span> <span class='ocrx_word' id='word_1_88' title='bbox 1311 1309 1586 1368; x_wconf 83' lang='lat' dir='ltr'>videatur</span> <span class='ocrx_word' id='word_1_89' title='bbox 1621 1329 1692 1368; x_wconf 86' lang='lat' dir='ltr'>n:</span> <span class='ocrx_word' id='word_1_90' title='bbox 1736 1311 1899 1368; x_wconf 87' lang='lat'>430.</span> <span class='ocrx_word' id='word_1_91' title='bbox 1945 1311 2168 1369; x_wconf 83' lang='lat'>3183:</span> <span class='ocrx_word' id='word_1_92' title='bbox 2211 1311 2354 1387; x_wconf 88' lang='lat' dir='ltr'>quid</span> 
     </span>
     <span class='ocr_line' id='line_1_11' title="bbox 221 1409 2347 1490; baseline -0 -20"><span class='ocrx_word' id='word_1_93' title='bbox 221 1416 504 1490; x_wconf 79' lang='lat' dir='ltr'>viperae,</span> <span class='ocrx_word' id='word_1_94' title='bbox 546 1418 607 1469; x_wconf 81' lang='lat' dir='ltr'>et</span> <span class='ocrx_word' id='word_1_95' title='bbox 642 1409 781 1484; x_wconf 92' lang='lat' dir='ltr'>quid</span> <span class='ocrx_word' id='word_1_96' title='bbox 819 1419 1132 1486; x_wconf 85' lang='lat' dir='ltr'>serpentes</span> <span class='ocrx_word' id='word_1_97' title='bbox 1171 1409 1272 1467; x_wconf 87' lang='lat' dir='ltr'>alii</span> <span class='ocrx_word' id='word_1_98' title='bbox 1306 1412 1587 1469; x_wconf 87' lang='lat' dir='ltr'>venenati</span> <span class='ocrx_word' id='word_1_99' title='bbox 1623 1409 1975 1486; x_wconf 74' lang='lat' dir='ltr'>significant,</span> <span class='ocrx_word' id='word_1_100' title='bbox 2018 1429 2087 1468; x_wconf 91' lang='lat' dir='ltr'>n:</span> <span class='ocrx_word' id='word_1_101' title='bbox 2135 1413 2347 1471; x_wconf 82' lang='grc'><strong>9013.</strong></span> 
     </span>
     <span class='ocr_line' id='line_1_12' title="bbox 220 1506 2353 1591; baseline -0 -19"><span class='ocrx_word' id='word_1_102' title='bbox 220 1514 405 1591; x_wconf 88' lang='lat' dir='ltr'>Apud</span> <span class='ocrx_word' id='word_1_103' title='bbox 455 1514 781 1572; x_wconf 85' lang='lat' dir='ltr'>Jeremiam</span> <span class='ocrx_word' id='word_1_104' title='bbox 833 1509 1072 1585; x_wconf 80' lang='lat' dir='ltr'>„Sume</span> <span class='ocrx_word' id='word_1_105' title='bbox 1119 1506 1448 1589; x_wconf 74' lang='lat' dir='ltr'>einyulum</span> <span class='ocrx_word' id='word_1_106' title='bbox 1492 1509 1660 1589; x_wconf 77' lang='lat' dir='ltr'>quod</span> <span class='ocrx_word' id='word_1_107' title='bbox 1714 1510 1928 1570; x_wconf 74' lang='lat' dir='ltr'>emisti</span> <span class='ocrx_word' id='word_1_108' title='bbox 1980 1511 2126 1587; x_wconf 73' lang='lat' dir='ltr'>tibi,</span> <span class='ocrx_word' id='word_1_109' title='bbox 2182 1511 2353 1589; x_wconf 81' lang='lat' dir='ltr'>quod</span> 
     </span>
     <span class='ocr_line' id='line_1_13' title="bbox 221 1610 2349 1693; baseline -0.001 -19"><span class='ocrx_word' id='word_1_110' title='bbox 221 1634 416 1693; x_wconf 75' lang='lat' dir='ltr'>super</span> <span class='ocrx_word' id='word_1_111' title='bbox 465 1610 701 1673; x_wconf 76' lang='lat' dir='ltr'>lumbis</span> <span class='ocrx_word' id='word_1_112' title='bbox 741 1610 911 1684; x_wconf 56' lang='lat' dir='ltr'>troie,</span> <span class='ocrx_word' id='word_1_113' title='bbox 952 1616 1011 1669; x_wconf 88' lang='lat' dir='ltr'>et</span> <span class='ocrx_word' id='word_1_114' title='bbox 1052 1629 1244 1689; x_wconf 74' lang='lat' dir='ltr'>surye</span> <span class='ocrx_word' id='word_1_115' title='bbox 1278 1615 1338 1670; x_wconf 85' lang='lat' dir='ltr'>et</span> <span class='ocrx_word' id='word_1_116' title='bbox 1371 1610 1478 1671; x_wconf 79' lang='lat' dir='ltr'>abi</span> <span class='ocrx_word' id='word_1_117' title='bbox 1511 1610 1601 1671; x_wconf 79' lang='lat' dir='ltr'>ad</span> <span class='ocrx_word' id='word_1_118' title='bbox 1634 1610 2064 1689; x_wconf 77' lang='lat' dir='ltr'>Euphratem,</span> <span class='ocrx_word' id='word_1_119' title='bbox 2099 1611 2169 1672; x_wconf 72' lang='lat' dir='ltr'>‘et</span> <span class='ocrx_word' id='word_1_120' title='bbox 2203 1612 2349 1672; x_wconf 82' lang='lat' dir='ltr'>abs-</span> 
     </span>
     <span class='ocr_line' id='line_1_14' title="bbox 217 1710 2349 1793; baseline -0.002 -18"><span class='ocrx_word' id='word_1_121' title='bbox 217 1714 414 1775; x_wconf 74' lang='lat' dir='ltr'>conde</span> <span class='ocrx_word' id='word_1_122' title='bbox 489 1710 662 1773; x_wconf 75' lang='lat' dir='ltr'>illud</span> <span class='ocrx_word' id='word_1_123' title='bbox 713 1710 783 1771; x_wconf 79' lang='lat' dir='ltr'>in</span> <span class='ocrx_word' id='word_1_124' title='bbox 836 1711 1164 1790; x_wconf 77' lang='lat' dir='ltr'>foramine</span> <span class='ocrx_word' id='word_1_125' title='bbox 1207 1716 1467 1790; x_wconf 79' lang='lat' dir='ltr'>petrae:</span> <span class='ocrx_word' id='word_1_126' title='bbox 1544 1711 1712 1791; x_wconf 72' lang='lat' dir='ltr'>qaod</span> <span class='ocrx_word' id='word_1_127' title='bbox 1771 1712 1966 1772; x_wconf 81' lang='lat' dir='ltr'>etiam</span> <span class='ocrx_word' id='word_1_128' title='bbox 2022 1712 2219 1793; x_wconf 81' lang='lat' dir='ltr'>feeit:</span> <span class='ocrx_word' id='word_1_129' title='bbox 2290 1718 2349 1771; x_wconf 91' lang='lat' dir='ltr'>et</span> 
     </span>
     <span class='ocr_line' id='line_1_15' title="bbox 214 1809 2353 1894; baseline -0.001 -19"><span class='ocrx_word' id='word_1_130' title='bbox 214 1821 443 1894; x_wconf 77' lang='lat' dir='ltr'>postea</span> <span class='ocrx_word' id='word_1_131' title='bbox 496 1832 537 1872; x_wconf 86' lang='lat' dir='ltr'>a</span> <span class='ocrx_word' id='word_1_132' title='bbox 578 1814 711 1893; x_wconf 78' lang='lat' dir='ltr'>fine</span> <span class='ocrx_word' id='word_1_133' title='bbox 755 1810 1001 1872; x_wconf 73' lang='lat' dir='ltr'>dieram</span> <span class='ocrx_word' id='word_1_134' title='bbox 1056 1809 1403 1872; x_wconf 77' lang='lat' dir='ltr'>maltorum</span> <span class='ocrx_word' id='word_1_135' title='bbox 1439 1813 1600 1873; x_wconf 75' lang='lat' dir='ltr'>abiit</span> <span class='ocrx_word' id='word_1_136' title='bbox 1634 1820 1691 1873; x_wconf 87' lang='lat' dir='ltr'>et</span> <span class='ocrx_word' id='word_1_137' title='bbox 1733 1813 1964 1891; x_wconf 79' lang='lat' dir='ltr'>recepit</span> <span class='ocrx_word' id='word_1_138' title='bbox 2009 1813 2083 1873; x_wconf 83' lang='lat' dir='ltr'>id</span> <span class='ocrx_word' id='word_1_139' title='bbox 2119 1813 2238 1889; x_wconf 75' lang='lat' dir='ltr'>ibi,</span> <span class='ocrx_word' id='word_1_140' title='bbox 2294 1819 2353 1873; x_wconf 87' lang='lat' dir='ltr'>et</span> 
     </span>
     <span class='ocr_line' id='line_1_16' title="bbox 222 1912 2349 1992; baseline -0.001 -16"><span class='ocrx_word' id='word_1_141' title='bbox 222 1935 357 1976; x_wconf 85' lang='lat' dir='ltr'>ecce</span> <span class='ocrx_word' id='word_1_142' title='bbox 397 1920 769 1992; x_wconf 82' lang='lat' dir='ltr'>corruptum</span> <span class='ocrx_word' id='word_1_143' title='bbox 809 1918 978 1985; x_wconf 80' lang='lat' dir='ltr'>erat,</span> <span class='ocrx_word' id='word_1_144' title='bbox 1035 1919 1094 1973; x_wconf 85' lang='lat' dir='ltr'>et</span> <span class='ocrx_word' id='word_1_145' title='bbox 1133 1932 1255 1972; x_wconf 78' lang='lat' dir='ltr'>non</span> <span class='ocrx_word' id='word_1_146' title='bbox 1283 1912 1595 1991; x_wconf 76' lang='lat' dir='ltr'>proderat</span> <span class='ocrx_word' id='word_1_147' title='bbox 1630 1913 1719 1973; x_wconf 83' lang='lat' dir='ltr'>ad</span> <span class='ocrx_word' id='word_1_148' title='bbox 1753 1914 2137 1991; x_wconf 77' lang='lat' dir='ltr'>quiequam“</span> <span class='ocrx_word' id='word_1_149' title='bbox 2174 1915 2349 1973; x_wconf 88' lang='lat' dir='ltr'>XIII:</span> 
     </span>
     <span class='ocr_line' id='line_1_17' title="bbox 232 2014 2356 2092; baseline 0 -19"><span class='ocrx_word' id='word_1_150' title='bbox 232 2020 269 2073; x_wconf 88' lang='lat'>4</span> <span class='ocrx_word' id='word_1_151' title='bbox 317 2017 395 2075; x_wconf 89' lang='lat' dir='ltr'>ad</span> <span class='ocrx_word' id='word_1_152' title='bbox 454 2022 521 2092; x_wconf 80' lang='lat'>73</span> <span class='ocrx_word' id='word_1_153' title='bbox 589 2033 699 2091; x_wconf 92' lang='lat' dir='ltr'>per</span> <span class='ocrx_word' id='word_1_154' title='bbox 750 2014 900 2073; x_wconf 87' lang='lat' dir='ltr'>haec</span> <span class='ocrx_word' id='word_1_155' title='bbox 938 2014 1507 2090; x_wconf 85' lang='lat' dir='ltr'>repraesentabatur</span> <span class='ocrx_word' id='word_1_156' title='bbox 1544 2015 1738 2088; x_wconf 82' lang='lat' dir='ltr'>qualis</span> <span class='ocrx_word' id='word_1_157' title='bbox 1776 2014 2053 2072; x_wconf 82' lang='lat' dir='ltr'>Ecclesia</span> <span class='ocrx_word' id='word_1_158' title='bbox 2094 2015 2356 2074; x_wconf 83' lang='lat' dir='ltr'>Judaica</span> 
     </span>
     <span class='ocr_line' id='line_1_18' title="bbox 227 2113 2351 2197; baseline -0.002 -22"><span class='ocrx_word' id='word_1_159' title='bbox 227 2124 389 2191; x_wconf 87' lang='lat' dir='ltr'>erat,</span> <span class='ocrx_word' id='word_1_160' title='bbox 444 2115 606 2197; x_wconf 88' lang='lat' dir='ltr'>quod</span> <span class='ocrx_word' id='word_1_161' title='bbox 640 2133 855 2191; x_wconf 88' lang='lat' dir='ltr'>nempe</span> <span class='ocrx_word' id='word_1_162' title='bbox 905 2114 1133 2190; x_wconf 86' lang='lat' dir='ltr'>absque</span> <span class='ocrx_word' id='word_1_163' title='bbox 1192 2116 1350 2172; x_wconf 89' lang='lat' dir='ltr'>omni</span> <span class='ocrx_word' id='word_1_164' title='bbox 1392 2113 1550 2170; x_wconf 89' lang='lat' dir='ltr'>bono</span> <span class='ocrx_word' id='word_1_165' title='bbox 1601 2115 1763 2184; x_wconf 87' lang='lat' dir='ltr'>vitae</span> <span class='ocrx_word' id='word_1_166' title='bbox 1822 2120 1881 2170; x_wconf 92' lang='lat' dir='ltr'>et</span> <span class='ocrx_word' id='word_1_167' title='bbox 1940 2131 2084 2171; x_wconf 84' lang='lat' dir='ltr'>vero</span> <span class='ocrx_word' id='word_1_168' title='bbox 2132 2113 2351 2171; x_wconf 86' lang='lat' dir='ltr'>doctri-</span> 
     </span>
     <span class='ocr_line' id='line_1_19' title="bbox 229 2212 2354 2293; baseline -0.002 -19"><span class='ocrx_word' id='word_1_169' title='bbox 229 2234 379 2291; x_wconf 80' lang='lat' dir='ltr'>nae3</span> <span class='ocrx_word' id='word_1_170' title='bbox 435 2216 730 2293; x_wconf 84' lang='lat' dir='ltr'>cingulum</span> <span class='ocrx_word' id='word_1_171' title='bbox 760 2218 913 2274; x_wconf 83' lang='lat' dir='ltr'>enim</span> <span class='ocrx_word' id='word_1_172' title='bbox 951 2233 1135 2291; x_wconf 87' lang='lat' dir='ltr'>super</span> <span class='ocrx_word' id='word_1_173' title='bbox 1169 2214 1390 2273; x_wconf 90' lang='lat' dir='ltr'>lumbis</span> <span class='ocrx_word' id='word_1_174' title='bbox 1426 2213 1770 2290; x_wconf 88' lang='lat' dir='ltr'>Prophetae</span> <span class='ocrx_word' id='word_1_175' title='bbox 1807 2212 2183 2289; x_wconf 86' lang='lat' dir='ltr'>significabat</span> <span class='ocrx_word' id='word_1_176' title='bbox 2211 2231 2354 2272; x_wconf 89' lang='lat' dir='ltr'>con-</span> 
     </span>
     <span class='ocr_line' id='line_1_20' title="bbox 231 2314 2348 2392; baseline -0 -21"><span class='ocrx_word' id='word_1_177' title='bbox 231 2317 598 2392; x_wconf 52' lang='lat' dir='ltr'>iunctionem</span> <span class='ocrx_word' id='word_1_178' title='bbox 630 2317 873 2376; x_wconf 86' lang='lat' dir='ltr'>Domini</span> <span class='ocrx_word' id='word_1_179' title='bbox 910 2334 1044 2376; x_wconf 91' lang='lat' dir='ltr'>cum</span> <span class='ocrx_word' id='word_1_180' title='bbox 1085 2316 1361 2375; x_wconf 90' lang='lat' dir='ltr'>Ecclesia</span> <span class='ocrx_word' id='word_1_181' title='bbox 1404 2332 1516 2392; x_wconf 88' lang='lat' dir='ltr'>per</span> <span class='ocrx_word' id='word_1_182' title='bbox 1552 2314 1853 2389; x_wconf 71' lang='lat' dir='ltr'>Verbum,</span> <span class='ocrx_word' id='word_1_183' title='bbox 1908 2332 2018 2391; x_wconf 91' lang='lat' dir='ltr'>per</span> <span class='ocrx_word' id='word_1_184' title='bbox 2070 2314 2348 2389; x_wconf 89' lang='lat' dir='ltr'>Euphra-</span> 
     </span>
     <span class='ocr_line' id='line_1_21' title="bbox 241 2403 2354 2494; baseline 0 -22"><span class='ocrx_word' id='word_1_185' title='bbox 241 2424 366 2473; x_wconf 88' lang='lat' dir='ltr'>tem</span> <span class='ocrx_word' id='word_1_186' title='bbox 432 2417 786 2494; x_wconf 86' lang='lat' dir='ltr'>significatur</span> <span class='ocrx_word' id='word_1_187' title='bbox 840 2435 1012 2477; x_wconf 89' lang='lat' dir='ltr'>omne</span> <span class='ocrx_word' id='word_1_188' title='bbox 1068 2417 1378 2476; x_wconf 88' lang='lat' dir='ltr'>Ecclesiae</span> <span class='ocrx_word' id='word_1_189' title='bbox 1436 2403 1632 2492; x_wconf 73' lang='lat' dir='ltr'>quoad</span> <span class='ocrx_word' id='word_1_190' title='bbox 1684 2416 1945 2488; x_wconf 86' lang='lat' dir='ltr'>bonum,</span> <span class='ocrx_word' id='word_1_191' title='bbox 2025 2415 2104 2474; x_wconf 88' lang='lat' dir='ltr'>ibi</span> <span class='ocrx_word' id='word_1_192' title='bbox 2157 2415 2354 2490; x_wconf 88' lang='lat' dir='ltr'>quoad</span> 
     </span>
     <span class='ocr_line' id='line_1_22' title="bbox 232 2515 2353 2595; baseline -0.001 -21"><span class='ocrx_word' id='word_1_193' title='bbox 232 2517 483 2592; x_wconf 88' lang='lat' dir='ltr'>malum,</span> <span class='ocrx_word' id='word_1_194' title='bbox 568 2525 625 2577; x_wconf 90' lang='lat' dir='ltr'>et</span> <span class='ocrx_word' id='word_1_195' title='bbox 674 2538 784 2595; x_wconf 88' lang='lat' dir='ltr'>per</span> <span class='ocrx_word' id='word_1_196' title='bbox 830 2526 1062 2595; x_wconf 81' lang='lat' dir='ltr'>petram</span> <span class='ocrx_word' id='word_1_197' title='bbox 1118 2535 1290 2576; x_wconf 89' lang='lat' dir='ltr'>omne</span> <span class='ocrx_word' id='word_1_198' title='bbox 1337 2517 1651 2576; x_wconf 86' lang='lat' dir='ltr'>Ecclesiae</span> <span class='ocrx_word' id='word_1_199' title='bbox 1716 2517 1913 2593; x_wconf 87' lang='lat' dir='ltr'>quoad</span> <span class='ocrx_word' id='word_1_200' title='bbox 1969 2535 2204 2589; x_wconf 86' lang='lat' dir='ltr'>verum,</span> <span class='ocrx_word' id='word_1_201' title='bbox 2272 2515 2353 2574; x_wconf 90' lang='lat' dir='ltr'>ibi</span> 
     </span>
     <span class='ocr_line' id='line_1_23' title="bbox 233 2615 2353 2694; baseline -0 -19"><span class='ocrx_word' id='word_1_202' title='bbox 233 2619 428 2694; x_wconf 82' lang='lat' dir='ltr'>quoad</span> <span class='ocrx_word' id='word_1_203' title='bbox 464 2619 710 2689; x_wconf 88' lang='lat' dir='ltr'>salsum,</span> <span class='ocrx_word' id='word_1_204' title='bbox 763 2638 900 2678; x_wconf 89' lang='lat' dir='ltr'>nam</span> <span class='ocrx_word' id='word_1_205' title='bbox 955 2620 1169 2678; x_wconf 88' lang='lat' dir='ltr'>dicitur</span> <span class='ocrx_word' id='word_1_206' title='bbox 1222 2620 1491 2677; x_wconf 89' lang='lat' dir='ltr'>foramen</span> <span class='ocrx_word' id='word_1_207' title='bbox 1542 2625 1750 2693; x_wconf 88' lang='lat' dir='ltr'>petrae</span> <span class='ocrx_word' id='word_1_208' title='bbox 1766 2638 1782 2691; x_wconf 82' lang='lat'><em>3</em></span> <span class='ocrx_word' id='word_1_209' title='bbox 1839 2617 1997 2691; x_wconf 91' lang='lat' dir='ltr'>quod</span> <span class='ocrx_word' id='word_1_210' title='bbox 2049 2615 2353 2692; x_wconf 77' lang='lat' dir='ltr'>cIngulum</span> 
     </span>
     <span class='ocr_line' id='line_1_24' title="bbox 228 2716 2354 2796; baseline -0.001 -19"><span class='ocrx_word' id='word_1_211' title='bbox 228 2730 574 2796; x_wconf 85' lang='lat' dir='ltr'>corruptum</span> <span class='ocrx_word' id='word_1_212' title='bbox 630 2728 791 2779; x_wconf 88' lang='lat' dir='ltr'>esset</span> <span class='ocrx_word' id='word_1_213' title='bbox 837 2727 903 2778; x_wconf 93' lang='lat' dir='ltr'>ut</span> <span class='ocrx_word' id='word_1_214' title='bbox 948 2738 1063 2777; x_wconf 90' lang='lat' dir='ltr'>non</span> <span class='ocrx_word' id='word_1_215' title='bbox 1112 2719 1431 2795; x_wconf 84' lang='lat' dir='ltr'>prodesset</span> <span class='ocrx_word' id='word_1_216' title='bbox 1467 2719 1543 2776; x_wconf 90' lang='lat' dir='ltr'>ad</span> <span class='ocrx_word' id='word_1_217' title='bbox 1581 2721 1942 2793; x_wconf 88' lang='lat' dir='ltr'>quicquam,</span> <span class='ocrx_word' id='word_1_218' title='bbox 1978 2716 2354 2793; x_wconf 89' lang='lat' dir='ltr'>significabat</span> 
     </span>
     <span class='ocr_line' id='line_1_25' title="bbox 226 2817 2353 2897; baseline -0.001 -19"><span class='ocrx_word' id='word_1_219' title='bbox 226 2821 386 2896; x_wconf 89' lang='lat' dir='ltr'>quod</span> <span class='ocrx_word' id='word_1_220' title='bbox 440 2839 689 2897; x_wconf 87' lang='lat' dir='ltr'>prorsus</span> <span class='ocrx_word' id='word_1_221' title='bbox 743 2840 856 2879; x_wconf 86' lang='lat' dir='ltr'>non</span> <span class='ocrx_word' id='word_1_222' title='bbox 895 2822 1097 2896; x_wconf 86' lang='lat' dir='ltr'>aliqua</span> <span class='ocrx_word' id='word_1_223' title='bbox 1147 2820 1486 2896; x_wconf 88' lang='lat' dir='ltr'>conjunctio</span> <span class='ocrx_word' id='word_1_224' title='bbox 1534 2818 1846 2877; x_wconf 82' lang='lat' dir='ltr'>Ecclesiae</span> <span class='ocrx_word' id='word_1_225' title='bbox 1892 2835 2025 2876; x_wconf 89' lang='lat' dir='ltr'>cum</span> <span class='ocrx_word' id='word_1_226' title='bbox 2073 2817 2353 2887; x_wconf 79' lang='lat' dir='ltr'>Doniin0,</span> 
     </span>
     <span class='ocr_line' id='line_1_26' title="bbox 220 2918 2351 2999; baseline -0.001 -19"><span class='ocrx_word' id='word_1_227' title='bbox 220 2922 476 2999; x_wconf 90' lang='lat' dir='ltr'>proinde</span> <span class='ocrx_word' id='word_1_228' title='bbox 527 2923 685 2997; x_wconf 92' lang='lat' dir='ltr'>quod</span> <span class='ocrx_word' id='word_1_229' title='bbox 729 2940 843 2979; x_wconf 92' lang='lat' dir='ltr'>non</span> <span class='ocrx_word' id='word_1_230' title='bbox 888 2923 1185 2981; x_wconf 88' lang='lat' dir='ltr'>Ecclesia.</span> <span class='ocrx_word' id='word_1_231' title='bbox 1269 2918 1473 2979; x_wconf 84' lang='lat' dir='ltr'>Simile</span> <span class='ocrx_word' id='word_1_232' title='bbox 1522 2918 1684 2995; x_wconf 89' lang='lat' dir='ltr'>quod</span> <span class='ocrx_word' id='word_1_233' title='bbox 1728 2936 1838 2996; x_wconf 81' lang='lat' dir='ltr'>per</span> <span class='ocrx_word' id='word_1_234' title='bbox 1886 2919 2234 2996; x_wconf 86' lang='lat' dir='ltr'>speluncam</span> <span class='ocrx_word' id='word_1_235' title='bbox 2290 2921 2351 2977; x_wconf 90' lang='lat' dir='ltr'>in</span> 
     </span>
     <span class='ocr_line' id='line_1_27' title="bbox 217 3020 2347 3100; baseline -0.002 -19"><span class='ocrx_word' id='word_1_236' title='bbox 217 3023 604 3100; x_wconf 89' lang='lat' dir='ltr'>Propheticis</span> <span class='ocrx_word' id='word_1_237' title='bbox 652 3023 866 3097; x_wconf 87' lang='lat' dir='ltr'>Verbi,</span> <span class='ocrx_word' id='word_1_238' title='bbox 908 3025 1082 3080; x_wconf 87' lang='lat' dir='ltr'>etiam</span> <span class='ocrx_word' id='word_1_239' title='bbox 1124 3039 1232 3098; x_wconf 89' lang='lat' dir='ltr'>per</span> <span class='ocrx_word' id='word_1_240' title='bbox 1267 3021 1431 3080; x_wconf 91' lang='lat' dir='ltr'>illam</span> <span class='ocrx_word' id='word_1_241' title='bbox 1467 3021 1525 3078; x_wconf 89' lang='lat' dir='ltr'>in</span> <span class='ocrx_word' id='word_1_242' title='bbox 1564 3020 1881 3080; x_wconf 87' lang='lat' dir='ltr'>Historicis</span> <span class='ocrx_word' id='word_1_243' title='bbox 1922 3020 2125 3095; x_wconf 84' lang='lat' dir='ltr'>Verbi,</span> <span class='ocrx_word' id='word_1_244' title='bbox 2158 3023 2347 3097; x_wconf 89' lang='lat' dir='ltr'>signi-</span> 
     </span>
     <span class='ocr_line' id='line_1_28' title="bbox 217 3121 2353 3199; baseline -0.001 -17"><span class='ocrx_word' id='word_1_245' title='bbox 217 3123 438 3182; x_wconf 87' lang='lat' dir='ltr'>ficatur</span> <span class='ocrx_word' id='word_1_246' title='bbox 455 3145 471 3199; x_wconf 82' lang='lat'><em>3</em></span> <span class='ocrx_word' id='word_1_247' title='bbox 551 3142 687 3181; x_wconf 82' lang='lat' dir='ltr'>nam</span> <span class='ocrx_word' id='word_1_248' title='bbox 733 3123 1054 3183; x_wconf 88' lang='lat' dir='ltr'>Historicis</span> <span class='ocrx_word' id='word_1_249' title='bbox 1112 3122 1297 3181; x_wconf 89' lang='lat' dir='ltr'>Verbi</span> <span class='ocrx_word' id='word_1_250' title='bbox 1350 3139 1543 3198; x_wconf 89' lang='lat' dir='ltr'>aeque</span> <span class='ocrx_word' id='word_1_251' title='bbox 1602 3140 1672 3182; x_wconf 89' lang='lat' dir='ltr'>ac</span> <span class='ocrx_word' id='word_1_252' title='bbox 1730 3121 2109 3197; x_wconf 85' lang='lat' dir='ltr'>Propheticis</span> <span class='ocrx_word' id='word_1_253' title='bbox 2166 3121 2353 3180; x_wconf 89' lang='lat' dir='ltr'>Verbi</span> 
     </span>
     <span class='ocr_line' id='line_1_29' title="bbox 219 3220 2353 3300; baseline -0.001 -19"><span class='ocrx_word' id='word_1_254' title='bbox 219 3241 446 3285; x_wconf 86' lang='lat' dir='ltr'>sensus</span> <span class='ocrx_word' id='word_1_255' title='bbox 504 3227 768 3282; x_wconf 81' lang='lat' dir='ltr'>internus</span> <span class='ocrx_word' id='word_1_256' title='bbox 819 3226 1007 3297; x_wconf 80' lang='lat' dir='ltr'>inest3</span> <span class='ocrx_word' id='word_1_257' title='bbox 1065 3232 1132 3282; x_wconf 85' lang='lat' dir='ltr'>ut</span> <span class='ocrx_word' id='word_1_258' title='bbox 1181 3223 1337 3300; x_wconf 90' lang='lat' dir='ltr'>quod</span> <span class='ocrx_word' id='word_1_259' title='bbox 1387 3230 1749 3282; x_wconf 82' lang='lat' dir='ltr'>memoratur</span> <span class='ocrx_word' id='word_1_260' title='bbox 1800 3221 1872 3280; x_wconf 91' lang='lat' dir='ltr'>de</span> <span class='ocrx_word' id='word_1_261' title='bbox 1940 3222 2124 3297; x_wconf 85' lang='lat' dir='ltr'>Loto,</span> <span class='ocrx_word' id='word_1_262' title='bbox 2193 3220 2353 3300; x_wconf 90' lang='lat' dir='ltr'>quod</span> 
     </span>
     <span class='ocr_line' id='line_1_30' title="bbox 215 3320 2355 3400; baseline -0.002 -15"><span class='ocrx_word' id='word_1_263' title='bbox 215 3332 367 3400; x_wconf 88' lang='lat' dir='ltr'>post</span> <span class='ocrx_word' id='word_1_264' title='bbox 405 3325 878 3384; x_wconf 86' lang='lat' dir='ltr'>combustionem</span> <span class='ocrx_word' id='word_1_265' title='bbox 932 3323 1229 3384; x_wconf 85' lang='lat' dir='ltr'>Sodomae</span> <span class='ocrx_word' id='word_1_266' title='bbox 1279 3334 1338 3382; x_wconf 87' lang='lat' dir='ltr'>et</span> <span class='ocrx_word' id='word_1_267' title='bbox 1390 3323 1759 3384; x_wconf 81' lang='lat' dir='ltr'>Gomorrhae</span> <span class='ocrx_word' id='word_1_268' title='bbox 1811 3320 2237 3396; x_wconf 78' lang='lat' dir='ltr'>„habitaverit</span> <span class='ocrx_word' id='word_1_269' title='bbox 2285 3321 2355 3381; x_wconf 72' lang='lat' dir='ltr'>in</span> 
     </span>
     <span class='ocr_line' id='line_1_31' title="bbox 216 3420 2346 3504; baseline -0.002 -19"><span class='ocrx_word' id='word_1_270' title='bbox 216 3422 544 3504; x_wconf 75' lang='lat' dir='ltr'>Spelunca</span> <span class='ocrx_word' id='word_1_271' title='bbox 579 3427 812 3487; x_wconf 77' lang='lat' dir='ltr'>montis</span> <span class='ocrx_word' id='word_1_272' title='bbox 848 3444 987 3485; x_wconf 78' lang='lat' dir='ltr'>cum</span> <span class='ocrx_word' id='word_1_273' title='bbox 1036 3423 1283 3485; x_wconf 80' lang='lat' dir='ltr'>duabus</span> <span class='ocrx_word' id='word_1_274' title='bbox 1325 3420 1596 3503; x_wconf 78' lang='lat' dir='ltr'>filiabus</span> <span class='ocrx_word' id='word_1_275' title='bbox 1649 3421 1821 3494; x_wconf 72' lang='lat' dir='ltr'>saie,</span> <span class='ocrx_word' id='word_1_276' title='bbox 1876 3440 2036 3498; x_wconf 80' lang='lat' dir='ltr'>quae</span> <span class='ocrx_word' id='word_1_277' title='bbox 2055 3421 2346 3480; x_wconf 72' lang='lat' dir='ltr'>‘inebria-</span> 
     </span>
     <span class='ocr_line' id='line_1_32' title="bbox 215 3517 2352 3596; baseline -0.003 -11"><span class='ocrx_word' id='word_1_278' title='bbox 215 3530 448 3587; x_wconf 76' lang='lat' dir='ltr'>verunt</span> <span class='ocrx_word' id='word_1_279' title='bbox 483 3522 700 3596; x_wconf 81' lang='lat' dir='ltr'>illum,</span> <span class='ocrx_word' id='word_1_280' title='bbox 753 3533 812 3587; x_wconf 83' lang='lat' dir='ltr'>et</span> <span class='ocrx_word' id='word_1_281' title='bbox 839 3526 1178 3587; x_wconf 76' lang='lat' dir='ltr'>cubuerant</span> <span class='ocrx_word' id='word_1_282' title='bbox 1221 3543 1362 3584; x_wconf 82' lang='lat' dir='ltr'>cum</span> <span class='ocrx_word' id='word_1_283' title='bbox 1399 3517 1544 3595; x_wconf 76' lang='lat' dir='ltr'>illo,</span> <span class='ocrx_word' id='word_1_284' title='bbox 1602 3519 1771 3580; x_wconf 81' lang='lat' dir='ltr'>unde</span> <span class='ocrx_word' id='word_1_285' title='bbox 1793 3519 1938 3578; x_wconf 76' lang='lat' dir='ltr'>nati</span> <span class='ocrx_word' id='word_1_286' title='bbox 1973 3526 2125 3579; x_wconf 73' lang='lat' dir='ltr'>aunt</span> <span class='ocrx_word' id='word_1_287' title='bbox 2158 3518 2352 3580; x_wconf 67' lang='lat' dir='ltr'>Moab</span> 
     </span>
     <span class='ocr_line' id='line_1_33' title="bbox 216 3620 2349 3696; baseline -0.004 -11"><span class='ocrx_word' id='word_1_288' title='bbox 216 3635 284 3688; x_wconf 86' lang='lat' dir='ltr'>et.</span> <span class='ocrx_word' id='word_1_289' title='bbox 315 3625 648 3687; x_wconf 78' lang='lat' dir='ltr'>Ammon“</span> <span class='ocrx_word' id='word_1_290' title='bbox 709 3626 940 3686; x_wconf 75' lang='lat' dir='ltr'>Genese</span> <span class='ocrx_word' id='word_1_291' title='bbox 998 3626 1186 3684; x_wconf 90' lang='lat' dir='ltr'>XIX:</span> <span class='ocrx_word' id='word_1_292' title='bbox 1232 3626 1340 3684; x_wconf 90' lang='grc'>30.</span> <span class='ocrx_word' id='word_1_293' title='bbox 1389 3624 1498 3681; x_wconf 90' lang='grc'>31.</span> <span class='ocrx_word' id='word_1_294' title='bbox 1552 3623 1661 3680; x_wconf 82' lang='lat'>32.</span> <span class='ocrx_word' id='word_1_295' title='bbox 1709 3622 1831 3695; x_wconf 75' lang='lat'>335</span> <span class='ocrx_word' id='word_1_296' title='bbox 1888 3636 2001 3696; x_wconf 91' lang='lat' dir='ltr'>per</span> <span class='ocrx_word' id='word_1_297' title='bbox 2043 3620 2192 3677; x_wconf 90' lang='lat' dir='ltr'>haec</span> <span class='ocrx_word' id='word_1_298' title='bbox 2245 3637 2349 3678; x_wconf 81' lang='lat' dir='ltr'>rc·-</span> 
     </span>
     <span class='ocr_line' id='line_1_34' title="bbox 217 3720 2355 3805; baseline -0.003 -19"><span class='ocrx_word' id='word_1_299' title='bbox 217 3734 680 3805; x_wconf 86' lang='lat' dir='ltr'>praesentatum</span> <span class='ocrx_word' id='word_1_300' title='bbox 723 3736 782 3786; x_wconf 88' lang='lat' dir='ltr'>et</span> <span class='ocrx_word' id='word_1_301' title='bbox 832 3726 1227 3804; x_wconf 85' lang='lat' dir='ltr'>significatum</span> <span class='ocrx_word' id='word_1_302' title='bbox 1267 3732 1357 3783; x_wconf 90' lang='lat' dir='ltr'>est</span> <span class='ocrx_word' id='word_1_303' title='bbox 1393 3722 1588 3782; x_wconf 87' lang='lat' dir='ltr'>simile</span> <span class='ocrx_word' id='word_1_304' title='bbox 1627 3721 1784 3797; x_wconf 88' lang='lat' dir='ltr'>quod</span> <span class='ocrx_word' id='word_1_305' title='bbox 1820 3738 1929 3797; x_wconf 87' lang='lat' dir='ltr'>per</span> <span class='ocrx_word' id='word_1_306' title='bbox 1970 3720 2253 3779; x_wconf 87' lang='lat' dir='ltr'>Moabum</span> <span class='ocrx_word' id='word_1_307' title='bbox 2292 3727 2355 3779; x_wconf 87' lang='lat' dir='ltr'>et</span> 
     </span>
     <span class='ocr_line' id='line_1_35' title="bbox 217 3820 2352 3903; baseline -0.005 -15"><span class='ocrx_word' id='word_1_308' title='bbox 217 3829 585 3888; x_wconf 88' lang='lat' dir='ltr'>Ammonem</span> <span class='ocrx_word' id='word_1_309' title='bbox 619 3831 681 3886; x_wconf 91' lang='lat' dir='ltr'>in</span> <span class='ocrx_word' id='word_1_310' title='bbox 717 3827 949 3903; x_wconf 92' lang='lat' dir='ltr'>Verbo,</span> <span class='ocrx_word' id='word_1_311' title='bbox 1007 3843 1116 3903; x_wconf 89' lang='lat' dir='ltr'>per</span> <span class='ocrx_word' id='word_1_312' title='bbox 1144 3824 1421 3884; x_wconf 90' lang='lat' dir='ltr'>Moabum</span> <span class='ocrx_word' id='word_1_313' title='bbox 1455 3826 1611 3883; x_wconf 88' lang='lat' dir='ltr'>enim</span> <span class='ocrx_word' id='word_1_314' title='bbox 1647 3822 2012 3899; x_wconf 87' lang='lat' dir='ltr'>significatur</span> <span class='ocrx_word' id='word_1_315' title='bbox 2049 3820 2352 3879; x_wconf 85' lang='lat' dir='ltr'>adultera-</span> 
     </span>
     <span class='ocr_line' id='line_1_36' title="bbox 219 3921 2352 4004; baseline -0.002 -18"><span class='ocrx_word' id='word_1_316' title='bbox 219 3931 306 3988; x_wconf 86' lang='lat' dir='ltr'>tio</span> <span class='ocrx_word' id='word_1_317' title='bbox 351 3927 494 3986; x_wconf 88' lang='lat' dir='ltr'>boni</span> <span class='ocrx_word' id='word_1_318' title='bbox 528 3929 876 4004; x_wconf 81' lang='lat' dir='ltr'>Ecclesiae,</span> <span class='ocrx_word' id='word_1_319' title='bbox 933 3937 994 3987; x_wconf 92' lang='lat' dir='ltr'>et</span> <span class='ocrx_word' id='word_1_320' title='bbox 1041 3944 1149 4004; x_wconf 89' lang='lat' dir='ltr'>per</span> <span class='ocrx_word' id='word_1_321' title='bbox 1198 3926 1550 3984; x_wconf 85' lang='lat' dir='ltr'>Ammonem</span> <span class='ocrx_word' id='word_1_322' title='bbox 1605 3923 1940 3982; x_wconf 80' lang='lat' dir='ltr'>falsificatio</span> <span class='ocrx_word' id='word_1_323' title='bbox 1976 3923 2104 3981; x_wconf 91' lang='lat' dir='ltr'>veri</span> <span class='ocrx_word' id='word_1_324' title='bbox 2137 3921 2352 3982; x_wconf 82' lang='lat' dir='ltr'>Eccle-</span> 
     </span>
     <span class='ocr_line' id='line_1_37' title="bbox 220 4025 2355 4103; baseline -0.003 -16"><span class='ocrx_word' id='word_1_325' title='bbox 220 4032 388 4102; x_wconf 86' lang='lat' dir='ltr'>siae,</span> <span class='ocrx_word' id='word_1_326' title='bbox 444 4029 721 4088; x_wconf 88' lang='lat' dir='ltr'>videatur</span> <span class='ocrx_word' id='word_1_327' title='bbox 765 4047 830 4087; x_wconf 90' lang='lat' dir='ltr'>n:</span> <span class='ocrx_word' id='word_1_328' title='bbox 890 4031 1102 4088; x_wconf 84' lang='lat'><strong>2468.</strong></span> <span class='ocrx_word' id='word_1_329' title='bbox 1151 4027 1374 4103; x_wconf 77' lang='lat'>83155</span> <span class='ocrx_word' id='word_1_330' title='bbox 1457 4042 1569 4101; x_wconf 86' lang='lat' dir='ltr'>per</span> <span class='ocrx_word' id='word_1_331' title='bbox 1605 4025 1902 4083; x_wconf 88' lang='lat' dir='ltr'>adulteria</span> <span class='ocrx_word' id='word_1_332' title='bbox 1947 4026 2103 4082; x_wconf 85' lang='lat' dir='ltr'>enim</span> <span class='ocrx_word' id='word_1_333' title='bbox 2144 4030 2202 4082; x_wconf 91' lang='lat' dir='ltr'>et</span> <span class='ocrx_word' id='word_1_334' title='bbox 2244 4040 2355 4098; x_wconf 87' lang='lat' dir='ltr'>per</span> 
     </span>
     <span class='ocr_line' id='line_1_38' title="bbox 226 4123 2351 4207; baseline -0.003 -20"><span class='ocrx_word' id='word_1_335' title='bbox 226 4130 626 4189; x_wconf 85' lang='lat' dir='ltr'>scortationes</span> <span class='ocrx_word' id='word_1_336' title='bbox 664 4129 1073 4207; x_wconf 87' lang='lat' dir='ltr'>significantur</span> <span class='ocrx_word' id='word_1_337' title='bbox 1110 4130 1170 4187; x_wconf 91' lang='lat' dir='ltr'>in</span> <span class='ocrx_word' id='word_1_338' title='bbox 1206 4145 1426 4205; x_wconf 87' lang='lat' dir='ltr'>genere</span> <span class='ocrx_word' id='word_1_339' title='bbox 1466 4125 1934 4186; x_wconf 82' lang='lat' dir='ltr'>adulterationes</span> <span class='ocrx_word' id='word_1_340' title='bbox 1964 4124 2104 4183; x_wconf 89' lang='lat' dir='ltr'>boni</span> <span class='ocrx_word' id='word_1_341' title='bbox 2141 4130 2202 4184; x_wconf 87' lang='lat' dir='ltr'>et</span> <span class='ocrx_word' id='word_1_342' title='bbox 2236 4123 2351 4183; x_wconf 82' lang='lat' dir='ltr'>fal-</span> 
     </span>
     <span class='ocr_line' id='line_1_39' title="bbox 222 4229 2359 4307; baseline -0.001 -20"><span class='ocrx_word' id='word_1_343' title='bbox 222 4229 591 4290; x_wconf 85' lang='lat' dir='ltr'>sificationes</span> <span class='ocrx_word' id='word_1_344' title='bbox 631 4234 789 4303; x_wconf 83' lang='lat' dir='ltr'>veri,</span> <span class='ocrx_word' id='word_1_345' title='bbox 846 4231 1120 4292; x_wconf 79' lang='lat' dir='ltr'>videatur</span> <span class='ocrx_word' id='word_1_346' title='bbox 1157 4247 1339 4307; x_wconf 88' lang='lat' dir='ltr'>supra</span> <span class='ocrx_word' id='word_1_347' title='bbox 1390 4247 1459 4286; x_wconf 90' lang='lat' dir='ltr'>n:</span> <span class='ocrx_word' id='word_1_348' title='bbox 1510 4229 1667 4285; x_wconf 88' lang='grc'><strong>141.</strong></span> <span class='ocrx_word' id='word_1_349' title='bbox 1720 4229 1890 4301; x_wconf 75' lang='lat'>1613</span> <span class='ocrx_word' id='word_1_350' title='bbox 1950 4233 2008 4284; x_wconf 87' lang='lat' dir='ltr'>et</span> <span class='ocrx_word' id='word_1_351' title='bbox 2045 4244 2155 4304; x_wconf 86' lang='lat' dir='ltr'>per</span> <span class='ocrx_word' id='word_1_352' title='bbox 2192 4229 2359 4285; x_wconf 83' lang='lat' dir='ltr'>varia</span> 
     </span>
    </p>
   </div>
  </div>
 </body>
</html>
