2791 4778
496 387 565 439 84
925 371 1416 429 APOCALYPSIS
1459 372 1890 428 EXPLICATA.
1945 373 1993 443 §.
2032 382 2162 438 324.

488 537 628 598 inde
665 540 825 603 erat,
860 532 1020 610 quod
1054 551 1190 593 cum
1223 533 1341 609 illi,
1399 535 1501 612 qni
1549 531 1624 592 ab
1658 530 1935 593 Ecclesia
1997 534 2060 592 in
2094 534 2372 593 Externis
2418 535 2624 611 quoad

491 636 716 697 cultum
756 641 941 704 erant,
977 633 1082 706 illi,
1118 636 1219 711 qui
1252 636 1312 693 in
1348 633 1646 711 spirituali
1672 633 1895 692 Mundo
1931 649 2043 694 seu
2079 636 2139 692 in
2168 633 2373 709 Coelo,
2413 635 2475 691 ln
2509 633 2620 695 111-

489 738 675 803 ternis
714 739 935 806 essent,
973 739 1033 793 et
1067 750 1134 794 se
1162 735 1594 811 conjungerent
1620 751 1752 792 cnm
1781 733 1899 793 illis
1928 736 2030 812 qui
2060 736 2118 792 in
2143 734 2461 810 Externis3
2497 733 2618 794 hoc

487 835 663 896 modo
703 852 774 895 eo
811 840 1077 911 tempore
1115 833 1363 894 Coelum
1407 851 1544 893 cum
1591 833 1931 894 hominibus
1983 840 2178 894 terrae
2219 852 2397 891 unum
2438 833 2619 893 fecit:

488 957 563 997 ex
597 936 691 996 his
720 941 995 995 constare
1024 941 1243 1011 potest,
1285 952 1471 1011 quare
1499 936 1561 993 in
1591 934 1875 994 Tentorio
1907 942 2236 994 conventus
2264 934 2376 992 snit
2399 934 2622 993 Mensa

484 1054 595 1115 pro
630 1036 930 1105 PanibuS‚
983 1034 1093 1094 fuit
1128 1033 1566 1100 Candelabrum
1611 1052 1747 1094 cum
1795 1034 2087 1105 lucernis,
2134 1042 2195 1094 et
2245 1034 2357 1093 suit
2402 1033 2621 1093 Altare

392 1193 395 1198 .
483 1137 720 1198 suffitus
733 1156 749 1215 3
831 1135 1028 1194 Panes
1093 1138 1245 1193 enim
1295 1134 1835 1211 repraesentabant
1889 1140 1950 1194 et
1997 1134 2133 1194 inde
2195 1132 2622 1210 significabant

483 1239 704 1298 bonum
767 1238 985 1294 amoris
1046 1235 1379 1313 procedens
1443 1252 1480 1292 a
1513 1235 1803 1308 Domino,
1862 1251 1971 1292 seu
2023 1234 2253 1292 Bonum
2293 1232 2618 1310 Coele-stim

493 1337 931 1398 Candelabrum
969 1354 1103 1395 cum
1140 1336 1402 1395 lucernis
1431 1335 1929 1411 repraesentabat
1968 1341 2028 1394 et
2061 1334 2200 1393 inde
2236 1334 2622 1411 significabat

488 1440 725 1497 Bonum
755 1444 816 1496 et
840 1435 1069 1495 Verum
1102 1434 1457 1513 Spirituale5
1491 1443 1552 1492 et
1581 1434 1827 1494 Suffitus
1855 1434 2355 1511 repraesentabat
2385 1442 2448 1494 et
2474 1434 2616 1494 inde

487 1536 862 1615 significabat-
898 1535 1152 1612 cultum3
1207 1541 1266 1595 et
1302 1538 1445 1613 qnia
1479 1538 1668 1593 omnis
1708 1534 1922 1594 Cultus
1959 1536 2249 1610 Divinae,
2304 1538 2408 1613 qui
2444 1541 2619 1614 grate

487 1639 850 1717 percipitur,
890 1641 982 1693 est
1019 1652 1093 1695 ex
1120 1636 1276 1694 bono
1314 1635 1642 1713 spirituali,
1682 1635 1816 1694 ideo
1852 1654 1962 1712 per
1989 1636 2389 1694 suffimentum
2426 1638 2620 1713 signi-

485 1737 779 1797 ficabatur
813 1735 958 1794 illud
991 1735 1242 1812 bonum;
1278 1743 1345 1794 ut
1381 1742 1614 1813 gratum
1643 1743 2218 1813 repraesentaretur,
2257 1736 2484 1795 factum
2521 1744 2619 1796 est

488 1837 887 1898 suffimentum
940 1853 1016 1894 ex
1069 1837 1434 1895 aromatibus
1486 1836 1919 1913 fragrantibus,
1988 1846 2045 1897 et
2095 1838 2210 1896 hoc
2259 1854 2502 1914 quoque
2540 1856 2619 1897 ex

488 1936 1044 2014 correspondentia3
1086 1937 1298 1995 odores
1331 1940 1485 1997 enim
1522 1937 1855 2015 fragrantes
1891 1937 2365 2014 correspondent
2401 1955 2615 1997 amoe-

489 2037 777 2097 nitatibus
816 2043 876 2095 et
912 2036 1166 2113 delitiis,
1221 2056 1376 2115 quae
1430 2040 1632 2096 insunt
1669 2039 2125 2115 cogitationibus
2162 2044 2225 2096 et
2257 2042 2616 2115 perceptio-

485 2139 661 2198 nibus
701 2156 770 2196 ex
801 2138 1069 2215 jucundo
1115 2140 1333 2197 amoris
1385 2137 1747 2216 spiritualis,
1798 2140 2044 2214 proinde
2104 2138 2617 2215 correspondebat

485 2239 721 2301 suffitus
758 2239 977 2297 talibus
1007 2257 1159 2315 quae
1191 2245 1360 2315 grate
1390 2239 1760 2315 recipiuntur
1786 2256 1822 2296 a
1848 2239 2122 2312 Domin0,
2161 2245 2221 2298 et
2256 2257 2409 2316 quae
2436 2247 2614 2316 grate

476 2344 894 2422 percipiuntur
931 2340 1004 2400 ab
1036 2339 1314 2417 Angelis:
1370 2337 1481 2400 hoc
1519 2346 1749 2416 gratum
1786 2341 1958 2401 unice
1998 2347 2090 2402 est
2125 2359 2200 2399 ex
2234 2339 2389 2400 bono
2424 2341 2613 2417 spiri-

414 2454 419 2458 ’
485 2445 632 2504 tuali
669 2461 776 2503 seu
819 2461 895 2501 cx
928 2443 1084 2501 bono
1120 2442 1433 2501 charitatis
1473 2459 1616 2518 erga
1650 2444 2003 2518 proximum,
2042 2443 2157 2501 boc
2197 2445 2350 2501 enirn
2382 2441 2606 2498 bonum

484 2552 578 2604 est
613 2544 836 2603 bonum
872 2543 1168 2613 coeleste,
1222 2544 1379 2619 quod
1420 2549 1512 2601 est
1547 2541 1766 2599 bonum
1809 2545 2028 2602 amoris
2065 2547 2122 2601 in
2159 2543 2508 2613 Dominum,
2543 2540 2613 2600 in

487 2645 732 2715 effectu,
775 2661 907 2700 nam
946 2643 1166 2703 bonum
1204 2645 1500 2718 coeleste,
1542 2642 1702 2720 quod
1741 2649 1834 2702 est
1866 2642 2085 2702 bonum
2126 2645 2343 2702 amoris
2378 2644 2438 2701 in
2472 2641 2612 2701 Do·
2724 2640 2732 2649 '

484 2739 742 2812 minum,
779 2745 1007 2803 sistitur
1044 2748 1214 2804 unice
1250 2747 1308 2803 in
1338 2744 1623 2805 ,effectum
1660 2760 1770 2820 per
1804 2743 2024 2802 bonum
2063 2744 2410 2821 spirituale,
2448 2742 2615 2820 quod

484 2852 577 2905 cst
609 2843 828 2902 bonum
860 2845 1165 2904 charitatis
1203 2862 1348 2921 erga
1382 2845 1746 2918 proximum,
1799 2852 2167 2922 quapropter
2202 2848 2261 2903 in
2293 2844 2412 2904 hoc
2448 2843 2616 2903 bono

483 2963 619 3005 esse
660 2952 718 3003 et
752 2945 813 3003 id
841 2962 1144 3021 exercere,
1186 2950 1280 3003 est
1318 2961 1519 3001 amare
1557 2950 1616 3002 et
1652 2943 1848 3004 colere
1877 2946 2235 3023 Dominum3
2277 2946 2417 3021 quid
2456 2944 2611 3004 cha-

482 3050 630 3106 ritas
684 3063 826 3123 erga
860 3049 1236 3124 proximum,
1292 3050 1354 3103 et
1408 3043 1550 3122 quid
1601 3045 1733 3121 ejus
1786 3048 2168 3120 exercitium,
2224 3046 2499 3106 videatur
2548 3049 2615 3105 in

479 3148 804 3206 Docvnma
866 3145 1086 3206 Novas·
1139 3144 1627 3204 Hmnosonrmu
1688 3163 1761 3204 n:
1808 3147 1895 3206 84
1954 3147 2031 3205 ad
2075 3148 2235 3206 107.
2308 3145 2612 3224 Quoniam

483 3246 727 3319 Oleum,
780 3264 891 3323 per
928 3245 1085 3323 quod
1120 3242 1447 3306 Unctiones
1484 3244 1742 3316 fiebant,
1780 3246 2155 3323 significabat
2189 3247 2423 3306 Bonum
2460 3263 2609 3306 coe-

481 3349 635 3408 leste
664 3367 794 3407 seu
830 3342 1050 3404 bonnm
1087 3347 1305 3404 amoris
1358 3348 1417 3404 in
1452 3345 1805 3422 Dominum,
1863 3365 1933 3407 ac
1981 3347 2381 3407 suffimentum
2415 3350 2614 3425 signi-

479 3449 700 3509 ficabat
725 3448 957 3507 Bonum
997 3446 1311 3524 spirituale
1348 3464 1457 3507 seu
1482 3445 1703 3505 bonum
1732 3446 2038 3507 charitatis
2077 3465 2222 3526 erga
2245 3450 2608 3527 proximum,

484 3556 544 3609 et
580 3552 722 3627 quia
771 3548 886 3605 hoc
925 3554 1016 3606 cst
1055 3563 1129 3605 cx
1164 3546 1293 3623 illo,
1342 3554 1409 3606 ut
1445 3564 1630 3624 supra
1666 3547 1890 3608 dictum
1926 3555 2051 3624 est,
2103 3549 2239 3609 ideo
2275 3551 2335 3609 in
2370 3548 2607 3625 Exodo,

483 3648 694 3725 Capite
723 3646 930 3721 XXX,
982 3649 1177 3724 agitur
1211 3651 1466 3726 primum
1506 3647 1579 3707 de
1615 3652 2078 3726 praeparatione
2115 3648 2252 3710 Olei
2286 3652 2610 3720 unctioniS,

486 3755 547 3806 et
596 3764 734 3804 mox
780 3745 915 3804 dein
966 3746 1039 3807 de
1083 3751 1544 3826 praeparatione
1571 3748 1912 3825 *suffimenti
1926 3770 1943 3827 3
2012 3750 2086 3809 de
2138 3753 2609 3828 praeparatione
2717 3823 2724 3830 ⁸

468 3845 622 3907 olei
655 3835 951 3907 unctionis
993 3867 1027 3906 a
1062 3848 1263 3909 Versu
1305 3852 1391 3910 23
1434 3850 1511 3909 ad
1553 3851 1672 3924 33,
1695 3912 1705 3921 ,
1729 3856 1791 3909 et
1824 3850 1899 3909 de
1933 3852 2395 3931 praeparatione
2431 3849 2607 3910 suffi-

480 3949 667 4006 menti
702 3964 739 4004 a
773 3947 972 4006 Versu
1013 3951 1099 4009 34
1132 3950 1206 4008 ad
1242 3952 1364 4010 38:
1406 3957 1465 4010 et
1500 3951 1641 4028 quia
1676 3949 1749 4009 de
1784 3949 1984 4010 suffitu
2020 3950 2116 4011 hic
2153 3953 2382 4029 agitur,
2421 3951 2611 4012 velim

478 4047 577 4109 hic
614 4048 913 4108 adducere
962 4050 1103 4127 quid
1150 4050 1224 4112 de
1261 4053 1724 4128 praeparatione
1759 4051 2083 4111 suffimenti
2133 4051 2219 4111 ibi
2252 4051 2607 4112 mandatum

483 4155 605 4220 est,
671 4166 886 4226 nempe
965 4197 1000 4227 „
1022 4150 1257 4231 Accipe
1317 4151 1434 4213 tibi
1485 4149 1802 4212 Aromata
1843 4150 2269 4233 fraqe-antia,
2337 4157 2604 4229 stactem,

479 4248 751 4330 onychen
786 4257 845 4312 et
880 4248 1226 4332 yalbanum
1240 4295 1256 4325 ‚
1282 4246 1695 4330 sraqrantia,
1737 4256 1798 4309 et
1840 4249 2019 4313 Thus
2051 4270 2303 4331 pwum,
2349 4258 2608 4315 tantum
