2791 4778
477 373 584 423 ree
912 357 1401 412 APOeA1,YPs1s
1449 357 1884 418 uxamiam:
1944 357 1989 424 §.
2030 366 2152 419 ιιι.

473 538 585 597 per
652 517 834 578 verba
886 516 1163 603 Domini,
1235 517 1393 592 quod
1448 534 1592 576 earo
1651 523 1711 575 et
1762 520 2004 593 sanguis
2054 533 2164 574 non
2209 517 2531 578 revelaverit

472 620 611 692 tibi,
667 617 777 677 sed
812 617 995 676 Pater
1019 633 1202 697 >meus
1233 620 1339 693 qui
1371 624 1464 676 est
1497 619 1556 676 in
1588 616 1819 690 Coelis,
1868 635 1977 695 per
2009 618 2239 675 Patrem
2271 620 2326 675 in
2359 617 2530 676 Coelis

473 718 823 795 intelligitur
857 717 1138 776 Divinum
1176 720 1236 775 in
1270 718 1559 791 Domino,
1619 720 1898 793 quoniam
1942 719 2120 776 Pater
2157 725 2278 775 erat
2310 722 2363 775 in
2385 717 2526 793 Ipso,

475 827 537 880 et
579 821 721 896 Ipse
773 822 830 877 in
883 818 1093 891 Patre,
1161 824 1340 894 atque
1379 825 1549 877 erant
1591 836 1806 887 unum,
1859 818 2013 877 Joh·
2062 817 2239 876 XIV:
2285 819 2403 875 Tad
2433 821 2521 877 11.

477 922 638 1000 Cap:
688 920 773 978 X:
834 920 941 978 30.
993 921 1111 977 38·
1183 919 1340 993 quod
1384 919 1589 1014 Simon
1635 919 1930 995 significet
1993 936 2196 975 verum
2252 918 2522 983 voluntate,

475 1014 772 1082 videbitur
823 1021 879 1076 in
932 1026 1221 1094 sequente
1275 1018 1517 1096 Capite,
1575 1025 1634 1076 et
1688 1019 1847 1095 quod
1897 1019 2199 1091 columba,
2253 1035 2387 1092 quae
2424 1033 2516 1091 per

476 1124 694 1186 ,Ionam
741 1117 1132 1196 significatur,
1189 1120 1500 1196 significet
1555 1119 1772 1176 bonum
1824 1119 2167 1196 spirituale,
2219 1118 2443 1176 videatur
2469 1117 2522 1172 in

476 1227 756 1282 AncANis
801 1219 1219 1279 Connus-rmus
1274 1238 1345 1277 n:
1392 1222 1551 1279 870.
1602 1222 1732 1277 182
1751 1223 1806 1278 6.
1859 1223 2110 1290 1827„
2145 1218 2273 1277 inde
2315 1235 2407 1293 per
2447 1214 2528 1274 Si-

473 1339 612 1381 mon
648 1321 805 1380 filius
842 1320 1037 1379 Jonae
1074 1320 1442 1397 signifieat-ur
1476 1337 1679 1378 verum
1715 1320 1858 1377 boni
1908 1338 2017 1378 seu
2056 1338 2253 1379 verum
2293 1336 2358 1376 ex
2387 1317 2530 1374 bono.

476 1421 634 1498 Quia
660 1421 901 1480 Inferna
934 1420 1077 1479 nihil
1114 1421 1318 1479 valent.
1354 1428 1560 1480 contra
1594 1419 1877 1478 Divinum
1923 1421 2146 1479 Verum
2179 1418 2474 1496 procedens
2504 1432 2531 1471 a

472 1509 750 1594 Domino,
785 1519 900 1579 -ne'c
937 1529 1142 1579 contra
1179 1521 1438 1595 aliquem
1477 1521 1775 1579 hominem
1807 1523 1867 1578 in
1911 1539 2030 1596 quo
2068 1518 2535 1578 Divinnm·Verum

476 1639 513 1680 a
550 1622 809 1681 Domino
837 1610 959 1707 est-¹,
1014 1621 1148 1678 ideo
1186 1620 1329 1680 dicit
1355 1621 1677 1691 Dominus,
1734 1621 1894 1695 quod
1947 1629 2153 1697 portae
2202 1620 2404 1678 Inferni
2441 1632 2536 1672 non

472 1720 910 1798 praevalebunt
960 1719 1063 1778 illi.
1168 1719 1343 1794 Quod
1393 1724 1568 1778 etiam
1618 1722 1913 1779 Dominus
1969 1722 2206 1791 dixerit,
2258 1718 2399 1779 dabo
2442 1712 2535 1773 tibi

472 1809 679 1881 claves
740 1818 955 1897 Requi
1021 1817 1347 1879 Coelorum
1364 1864 1382 1894 ,
1463 1825 1523 1878 et
1574 1820 1878 1899 quioquid
1933 1820 2237 1900 liyaveria
2291 1820 2354 1878 in
2400 1822 2535 1874 terra

473 1921 596 1983 erit
644 1918 921 1999 liyatum
968 1918 1037 1978 in
1080 1916 1335 1993 Coelis,
1373 1926 1435 1979 et
1472 1920 1774 2000 quicquid
1819 1920 2090 1981 solveris
2128 1921 2200 1981 *in
2249 1926 2401 1980 terra
2440 1914 2534 1975 erit

472 2005 860 2082 solutum'in
898 2016 1135 2091 Coeli-9,
1199 2015 1495 2096 significat
1531 2023 1689 2097 quod
1726 2025 1926 2080 omnia
1962 2026 2193 2098 possint
2229 2022 2321 2097 qui
2353 2021 2403 2075 in
2433 2015 2535 2072 Ve-

474 2126 557 2184 ris
598 2124 671 2181 ex'
716 2122 873 2198 bono
914 2138 951 2179 a
986 2122 1247 2182 Domino
1293 2127 1462 2195 sunt,
1525 2139 1773 2197 prorsus
1811 2123 2142 2181 secundum
2187 2124 2328 2181 haec
2369 2115 2536 2184 verba,

482 2222 744 2300 „omnia
791 2239 1184 2300 quaecunque
1218 2227 1470 2282 orantes
1497 2222 1749 2300 petitia,
1790 2222 2033 2283 credite
2074 2222 2238 2302 quod
2273 2210 2541 2294 accepturi

476 2309 666 2393 sitis,
738 2328 873 2383 tum
914 2322 1032 2403 fiet
1083 2321 1319 2382 vobis«
1370 2322 1568 2381 Marc:
1630 2322 1752 2381 XI:
1817 2326 1927 2381 24.
2032 2324 2251 2383 Matth:
2303 2317 2435 2377 Vn:
2493 2316 2539 2370 8.

476 2425 636 2485 Luc:
674 2424 793 2484 XI:
848 2425 920 2498 93
962 2440 1115 2499 qnae
1153 2412 1450 2499 quomodo
1486 2423 1871 2500 intelligenda
1898 2432 2076 2500 sunt,
2115 2425 2370 2483 videatur
2393 2430 2546 2492 supra

474 2545 550 2584 n:
605 2526 777 2597 405,
835 2524 995 2600 quod
1030 2540 1245 2600 nempe
1283 2525 1334 2581 si
1381 2542 1452 2581 ex
1491 2524 1607 2583 fide
1646 2524 1954 2583 eharitatis
1995 2534 2233 2602 petant,
2280 2518 2419 2597 quod
2450 2532 2544 2573 non

438 2679 443 2684 .
476 2643 513 2684 a
549 2642 615 2684 se
652 2632 863 2701 petant
897 2624 1005 2683 sed
1041 2641 1078 2681 a
1111 2624 1404 2697 Domino,
1449 2625 1726 2699 quicquid
1765 2627 1917 2684 enim
1964 2627 2184 2702 aliquis
2220 2625 2356 2700 petit
2382 2617 2542 2675 aDo-

476 2728 635 2784 mino
684 2732 744 2784 et
778 2742 893 2783 non
930 2742 968 2782 a
1003 2730 1226 2798 semet,
1278 2726 1512 2801 accipit.
1568 2724 1741 2800 Quod
1777 2725 1881 2783 illa
1917 2727 2138 2799 verba,
2178 2738 2378 2797 nempe
2404 2718 2544 2793 quic·

480 2824 618 2899 quid
666 2825 1064 2901 ligaveris'in
1110 2831 1269 2883 terra
1324 2827 1438 2883 erit
1490 2825 1737 2900 ligatum
1785 2828 1851 2882 in
1895 2824 2129 2897 C·oeli8‚
2207 2832 2262 2882 et
2307 2811 2546 2897 quiequid

473 2923 728 2983 solveris
764 2926 824 2980 in
860 2931 1023 2983 terra
1059 2926 1180 2982 erit.
1204 2924 1466 2982 solutum
1503 2927 1563 2982 in
1601 2924 1827 2999 coelis»,
1882 2925 1944 2983 id
1983 2925 2142 3001 qnod
2183 2940 2330 2982 nunc
2364 2920 2544 2977 dictum

432 3031 436 3035 '
478 3030 599 3095 est,
655 3021 1018 3098 significent,
1075 3029 1245 3097 patet
1289 3042 1326 3080 a
1362 3006 1605 3083 Domini
1638 3025 1838 3083 verbis
1881 3026 1959 3083 ad
2008 3024 2334 3101 discipulos
2348 3066 2362 3095 ‚
2407 3011 2544 3077 etad

477 3139 682 3182 omnes
720 3124 824 3198 qui
862 3123 925 3197 in
958 3123 1116 3179 veris
1159 3138 1232 3179 ex
1270 3121 1425 3198 bono
1455 3132 1595 3184 sunt
1630 3143 1666 3183 a
1700 3122 1954 3184 Domino
1968 3170 1987 3199 ,
2028 3126 2192 3200 apud
2228 3122 2540 3183 Matthaeum

435 3236 440 3242 ·
478 3220 735 3297 „Amen
787 3219 929 3280 dico
988 3221 1187 3295 vobi-9,
1261 3216 1659 3305 quaecunque
1711 3223 2075 3304 &qam-itis
2142 3244 2332 3304 super
2391 3226 2541 3282 tetra,

357 3321 360 3324 ’
474 3330 657 3383 erunt
703 3319 915 3401 ligata
950 3321 1021 3390 in
1064 3318 1279 3396 Coel0‚
1338 3329 1399 3383 et
1436 3344 1830 3404 quaeeunque
1876 3323 2198 3386 solveritis
2239 3338 2413 3403 eaper-
2439 3316 2540 3372 ter·

474 3443 579 3500 ra,
645 3428 828 3487 erunt
882 3419 1096 3484 soluta
1146 3424 1216 3485 in
1258 3411 1520 3485 C‘oelz'ffl
1586 3425 1831 3484 XVIII:
1892 3416 2012 3500 183'
2090 3426 2247 3486 haee
2297 3420 2460 3482 verba
2487 3406 2543 3469 ad

480 3543 685 3585 omnes
740 3525 898 3589 dieta
953 3532 1122 3597 sunt,
1180 3529 1263 3584 ita
1305 3544 1424 3584 non
1476 3526 1552 3583 ad
1605 3525 1800 3584 solnm
1846 3527 2126 3585 Petrum:
2202 3524 2356 3600 quod
2403 3517 2541 3576 etiam

476 3627 768 3685 Dominus
821 3628 882 3683 in
917 3626 1032 3687 hoe
1072 3626 1283 3703 Capite
1321 3630 1460 3683 mox
1497 3625 1764 3685 declarat
1814 3644 1925 3703 per
1958 3627 2111 3685 haec
2158 3623 2377 3699 „Dico
2409 3608 2542 3676 vobiss

244 3730 436 3795 [665]
476 3725 645 3809 quod
667 3726 731 3786 ei
756 3724 883 3785 duo
905 3743 984 3784 ea:
1014 3727 1184 3786 vobis
1212 3725 1634 3785 consenserint
1655 3725 1726 3786 in
1751 3725 2025 3786 Nomine
2047 3744 2181 3784 meo
2207 3740 2390 3800 super
2413 3723 2546 3776 term

472 3824 549 3885 de
587 3824 760 3884 omni
786 3842 872 3898 re,
903 3842 1328 3903 quameunque
1351 3826 1672 3903 petierint,
1701 3828 1818 3907 fiet
1845 3823 1987 3885 alles
2017 3845 2060 3884 a
2092 3823 2296 3884 Patre
2322 3834 2443 3880 meo
2462 3825 2545 3891 qm

470 3925 541 3982 in
575 3920 781 3982 Coeles
809 3930 931 3982 est.
968 3921 1077 3985 ubi
1102 3924 1268 3985 enim
1295 3931 1446 3985 sunt
1485 3925 1611 3987 duo
1637 3934 1752 3987 aut
1784 3934 1910 3987 tres
1947 3920 2316 4004 conqreyati
2346 3920 2410 3979 in
2433 3910 2543 3974 No·

468 4021 637 4078 mine
670 4038 836 4093 meO,
894 4021 982 4080 ibi
1018 4040 1163 4079 sum
1207 4042 1277 4081 m
1313 4023 1521 4084 medio
1562 4028 1822 4086 eorum“
1877 4025 2064 4085 Vers:
2127 4026 2237 4082 19.
2287 4023 2401 4093 203
2459 4024 2546 4088 Ρθῐ

467 4116 696 4171 Nomen
734 4118 973 4207 Domini
1006 4118 1353 4193 intelligitur
1390 4139 1562 4181 omne
1598 4142 1710 4198 per
1750 4125 1909 4200 quod
1954 4126 2183 4197 colitur,
2217 4129 2277 4182 et
2304 4118 2436 4195 quia
2466 4125 2550 4169 ΕΟ·

467 4208 608 4263 lim?
648 4228 757 4281 per
795 4230 998 4272 verum
1039 4232 1109 4272 ex
1156 4216 1311 4276 bono
1363 4221 1524 4299 quod·
1570 4221 1645 4279 ab
1682 4222 1853 4298 Ipse,
1909 4224 2044 4283 inde
2097 4223 2162 4281 id
2204 4239 2313 4297 per
2347 4217 2548 4276 Nomen
