2791 4778
432 330 677 395 QAPUT
719 332 1034 391 SEXTUM.
1822 333 2035 388 VERS:
2079 345 2132 396 9,
2291 347 2399 401 343

272 494 643 554 holocausta
694 491 1038 570 significant·
1074 491 1302 552 cultum
1359 510 1433 551 ex
1488 493 1641 551 bono
1690 494 1939 567 amoriS‚
2007 499 2066 554 et
2110 495 2403 557 sacrificia

270 596 507 656 cultum
544 611 618 652 ex
654 597 814 653 veris
852 611 1007 671 quae
1046 610 1117 651 ex
1156 593 1257 652 illo
1292 593 1487 668 bon03
1544 611 1688 653 vera
1736 612 1809 651 ex
1861 594 2017 653 bono
2066 601 2207 653 sunt
2244 614 2400 672 quae

267 702 575 755 vocantur
625 712 770 753 vera
819 693 1184 770 spiritualia3
1241 710 1426 770 super
1472 694 1644 753 altari
1694 695 1988 769 significat
2023 698 2082 754 in
2121 694 2304 755 Coelo
2343 704 2404 757 et.

266 797 577 857 Ecclesia.
635 795 816 872 Apud
840 794 1137 854 Davidem
1171 792 1501 873 „Benesae
1525 794 1596 855 in
1631 792 2006 873 beneplacito
2044 802 2151 857 tuo
2176 796 2398 870 Ziom‘,

265 896 555 977 aedifica
590 914 807 956 muros
855 892 1377 974 Hierosolymae,
1438 902 1586 955 tunc
1619 892 2021 957 delectaberis·
2055 897 2402 977 sacrificiis

249 996 576 1082 jusbitiae
616 1002 677 1057 et
732 995 939 1076 iynito
957 1039 974 1069 ‚
1054 1002 1201 1056 tunc
1257 995 1589 1056 ascendere
1633 996 1883 1076 facient
1941 1016 2132 1077 super
2171 994 2404 1060 Altare

264 1105 464 1161 tuum
481 1097 833 1179 juvenc03“
887 1096 1123 1156 Psalm:
1173 1095 1287 1155 LI:
1332 1099 1443 1155 20.
1492 1099 1613 1171 213
1666 1115 1776 1172 per
1817 1097 2069 1157 Zionem
2109 1098 2398 1176 intelligi·-

264 1209 367 1258 tur
430 1197 711 1257 Ecclesia
772 1214 929 1273 quae
992 1198 1049 1255 in
1103 1197 1258 1256 bono
1315 1199 1568 1270 amoriS,
1645 1205 1706 1256 et
1764 1215 1876 1273 per
1921 1198 2401 1276 Hierosolymam

263 1299 560 1360 Ecclesia
596 1317 749 1374 quae
788 1300 845 1355 in
883 1300 1044 1359 veris
1089 1298 1426 1372 doctrinae3
1481 1297 1617 1356 inde
1655 1316 1766 1374 per
1797 1298 2156 1358 benefacere
2193 1302 2252 1357 in
2287 1300 2398 1364 be-

264 1400 587 1477 neplacito
628 1400 828 1473 Zioni‚
883 1405 946 1457 et
981 1397 1297 1457 aedificare
1334 1415 1535 1457 muros
1572 1398 2057 1476 Hierosolymae,
2096 1381 2433 1476 significa-¹

262 1510 367 1560 tur
420 1507 765 1559 restaurare
819 1498 1154 1558 Ecclesiam
1208 1498 1479 1557 ducendo
1533 1501 1591 1557 in
1643 1498 1860 1558 bonum
1918 1503 2134 1559 amoris
2166 1507 2250 1559 et
2288 1502 2397 1561 do-

264 1601 468 1663 cendo
509 1603 568 1658 in
605 1603 763 1659 veris
801 1600 1135 1665 doctrinae;
1194 1598 1389 1660 cultus
1427 1605 1567 1657 tunc
1618 1617 1692 1659 ex
1739 1600 1894 1659 bono
1940 1603 2157 1660 amoris
2208 1603 2396 1678 signi-

261 1703 494 1762 ficatur
530 1718 640 1777 per
676 1709 815 1759 tunc
854 1699 1248 1759 delectaberis
1285 1700 1591 1759 sacrificiis
1619 1701 1894 1777 justitiae
1933 1710 1993 1760 et
2026 1703 2241 1778 ignito,
2290 1703 2395 1779 ju-

263 1803 442 1862 stitia
481 1802 697 1860 dicitur
723 1802 795 1861 de
822 1800 979 1860 bono
1014 1801 1281 1875 coelesti,
1317 1807 1386 1858 *et
1412 1803 1656 1877 ignitum
1684 1802 1981 1878 significat
2017 1820 2298 1878 amorem3
2340 1809 2401 1862 et

264 1903 476 1964 cultus
516 1910 655 1960 tunc
693 1920 765 1961 ex
803 1902 957 1959 bono
995 1901 1321 1974 charitatis,
1360 1902 1731 1978 significatur
1756 1921 1867 1980 per
1895 1910 2036 1964 tunc
2073 1897 2413 1964 ascendere

264 2005 502 2064 facient
529 2019 712 2078 super
747 2003 936 2061 altare
974 2008 1141 2059 tuum
1169 2003 1496 2077 juvencos,
1528 2003 1778 2079 juvenci
1811 2004 2146 2078 significant
2179 2004 2401 2065 bonum

264 2103 558 2164 naturale
596 2103 939 2181 spirituale,
997 2103 1157 2178 quod
1189 2103 1410 2163 bonum
1451 2109 1543 2160 est
1574 2101 1796 2161 bonum
1835 2103 2161 2163 charitatis.
2216 2099 2398 2180 Apud

268 2205 552 2265 Eundem
594 2202 831 2277 „Deus
865 2200 1150 2264 Jehovah,
1190 2201 1303 2283 qui
1355 2198 1688 2263 illuminat
1724 2219 1874 2278 noa,
1931 2200 2133 2283 lz'yate
2151 2203 2402 2283 festum

259 2306 544 2387 funibus
606 2323 801 2383 usque
853 2302 942 2363 acl
1014 2322 1252 2377 cornua
1317 2298 1585 2376 altaria,
1693 2301 1885 2363 Deus
1943 2302 2035 2362 mi
2056 2306 2094 2337 “
2159 2303 2395 2364 Psalm:

281 2406 577 2467 CXVIII:
643 2410 724 2465 27
748 2426 763 2481 ,ε
829 2422 940 2483 per
983 2404 1317 2464 illuminare
1354 2404 1721 2481 significatur
1753 2403 2056 2464 illustrare
2110 2406 2170 2462 in
2204 2406 2398 2482 veris;

284 2524 401 2583 per
434 2504 614 2581 ligare
651 2508 869 2565 festum
919 2506 1158 2565 funibus
1208 2523 1402 2581 usque
1440 2506 1515 2563 ad
1552 2523 1775 2565 cornua
1819 2505 2045 2575 altaris,
2094 2504 2395 2581 significa-

279 2618 384 2666 tur
421 2607 784 2683 conjungere
823 2607 1020 2666 omnia
1066 2606 1293 2680 cultus,
1350 2590 1541 2683 ligare
1588 2605 1828 2664 funibus
1876 2614 1967 2665 est
2014 2605 2393 2683 conjungere,

272 2710 500 2767 festum
554 2707 631 2765 ad
683 2726 910 2766 cornua
964 2706 1170 2766 altaris
1224 2717 1362 2764 sunt
1424 2709 1621 2767 omnia
1683 2707 1910 2776 cultim,
1987 2723 2210 2765 cornua
2259 2713 2398 2765 sunt

279 2810 485 2868 omnia
524 2810 665 2883 quia
701 2808 935 2881 ultima,
992 2825 1061 2866 ac
1113 2810 1328 2866 festum
1378 2816 1438 2865 et
1484 2807 1674 2866 altare
1725 2814 1864 2866 sunt
1911 2807 2135 2881 cultus;
2202 2809 2398 2865 omnia

272 2909 476 2967 cultus
519 2909 838 2984 conjuncta
876 2916 1016 2968 sunt
1044 2908 1280 2985 quaudo
1310 2915 1559 2967 externa
1598 2925 1732 2968 cum
1758 2911 2025 2982 internis,
2065 2915 2125 2965 et
2159 2908 2397 2985 quando

271 3009 438 3069 bona
490 3026 622 3066 cum
670 3012 849 3069 veris,
955 3009 1137 3086 Apud
1183 3009 1411 3069 Lucam
1471 3009 1907 3087 „Requiretur
1956 3009 2224 3088 sanquis·
2259 3028 2392 3069 om-

269 3111 458 3172 nium
499 3107 970 3188 Prophetarum
1019 3110 1258 3188 effusae
1315 3129 1358 3169 a
1400 3106 1790 3188 fundatione
1846 3107 2076 3171 mundi
2127 3129 2169 3171 a
2210 3128 2395 3190 yene-

269 3210 528 3273 ratz’one
565 3208 709 3285 hae,
782 3229 823 3270 a
860 3210 1173 3290 sanquine
1210 3207 1432 3270 Abelis
1484 3229 1679 3288 usque
1716 3210 1805 3271 ad
1840 3210 2217 3289 sanquinem
2251 3210 2392 3270 Ζα-

271 3310 538 3372 chariae
572 3310 890 3390 interfecti
938 3311 1103 3371 inter
1142 3306 1372 3370 Altare
1419 3316 1478 3370 et
1516 3308 1849 3390 Templum
1861 3315 1896 3344 ‘⁶'
1948 3311 2067 3369 XI:
2115 3312 2222 3369 50.
2274 3312 2305 3369 5
2323 3313 2392 3384 13

272 3429 389 3489 per
436 3411 592 3470 haec
645 3430 760 3469 non
808 3412 1187 3487 intelligitur,
1242 3409 1400 3487 quod
1448 3427 1486 3467 a
1540 3409 1730 3470 Gente
1768 3410 2027 3468 Judaica
2058 3410 2395 3484 requiretur

273 3514 527 3589 sanguis
575 3514 836 3570 omnium
870 3513 1299 3589 prophetarum
1335 3527 1372 3567 a
1417 3509 1760 3567 fundatione
1798 3508 1996 3566 mundi
2032 3524 2071 3565 a
2105 3510 2396 3583 sanguine

273 3612 521 3685 Abelis,
576 3630 693 3670 non
734 3615 889 3671 enim
926 3612 1002 3670 ab
1039 3611 1238 3688 aliquo
1273 3612 1597 3686 requiritur
1643 3609 1887 3683 sanguis
1937 3624 2116 3683 quam
2167 3606 2242 3664 ab
2290 3606 2394 3666 illo

276 3715 386 3789 qui
421 3712 627 3771 effudit
664 3731 834 3783 eum,
888 3712 996 3771 sed
1041 3729 1152 3788 per
1188 3710 1303 3769 illa·
1343 3709 1531 3767 verba
1571 3707 1915 3784 intelligitur
1958 3706 2117 3782 quod
2167 3705 2241 3764 ab
2291 3705 2397 3765 illa

275 3819 456 3889 gente
492 3812 867 3871 falsificat-um
906 3815 986 3871 sit
1021 3830 1195 3871 omne
1240 3828 1479 3881 verum,
1538 3815 1596 3866 et
1639 3809 2037 3867 adulteratum
2075 3824 2247 3865 omne
2283 3805 2395 3864 bo-

275 3930 449 3988 num3
490 3915 736 3990 sanguis
774 3915 926 3972 enim
958 3913 1214 3971 omnium
1254 3909 1685 3988 prophetarum
1720 3909 1943 3968 effusus
1981 3925 2018 3966 a
2050 3908 2396 3968 fundatione

277 4014 514 4086 mundi,
587 4014 881 4090 significat
917 4013 1390 4072 falsificationem
1432 4012 1621 4069 omnis
1670 4012 1798 4069 veri
1833 4009 1992 4086 quod
2046 4025 2297 4083 usquam
2335 4010 2398 4066 in

271 4113 552 4174 Ecclesia
600 4113 742 4188 fuit,
814 4116 1061 4190 sanguis
1113 4118 1205 4171 cst
1241 4110 1613 4186 falsificatio,
1690 4109 2022 4188 prophetae
2075 4116 2216 4169 sunt
2252 4126 2398 4167 vera

275 4212 613 4288 doctrinae,
673 4221 731 4273 et
768 4232 802 4272 a
837 4215 1183 4276 fundatione
1236 4212 1436 4270 mundi
1474 4218 1565 4270 est
1602 4211 1761 4288 quod
1798 4228 2050 4290 usquam
2085 4213 2145 4270 in
2183 4209 2394 4271 Eccle-
