2791 4778
528 351 599 403 32
873 388 881 396 .
942 336 1433 409 APOCALYPSIS
1481 338 1915 397 EmecA'rA.
1997 339 2045 407 ς.
2090 300 2237 403 304}

516 499 713 562 ducta
761 498 926 582 ιῄαε,
996 497 1163 559 dans
1213 498 1501 560 animam
1540 496 1782 579 populo
1831 516 2022 579 super
2065 517 2172 575 ea,
2228 506 2288 560 et
2338 500 2662 581 spiritum

521 596 1002 661 ambulantibus
1046 598 1118 660 in
1160 602 1280 660 ea“
1318 599 1529 659 XLII:
1578 603 1647 676 53
1700 617 1813 677 per
1848 616 2054 660 creare
2091 599 2293 661 coelos
2331 608 2393 662 et
2429 610 2659 664 exten-

523 701 666 760 dere
704 700 955 760 Terram
992 707 1051 759 et
1083 698 1379 780 producta
1415 701 1580 778 ejus,
1621 699 1987 778 significatur
2020 700 2276 762 formare
2311 701 2659 765 Ecclesiam

529 807 591 862 et
626 799 1114 861 reformare‘illos
1151 802 1253 877 qui
1285 800 1365 859 ibi
1392 806 1550 873 sunt,
1585 802 1877 879 producta
1911 807 2052 859 sunt
2078 803 2276 861 omnia
2298 802 2657 881 Ecclesiae3

528 918 713 979 quare
750 900 971 960 dicitur
1006 901 1154 961 dans
1182 903 1441 959 animam
1461 901 1683 978 populo
1720 917 1905 978 super
1931 918 2006 960 ea
2041 908 2101 961 et
2125 903 2400 978 spiritum
2427 903 2655 964 ambu-

525 1001 797 1062 lantibus
846 1002 908 1059 in
954 1018 1027 1060 ea
1040 1022 1056 1078 3
1129 1001 1285 1077 quod
1331 1018 1537 1062 creare
1590 1003 1668 1061 sit
1717 1003 2069 1075 reformare,
2136 1001 2414 1063 videatur
2459 1020 2656 1081 supra

520 1121 599 1162 n:
645 1103 808 1159 294.
860 1100 1040 1179 Apud
1073 1101 1341 1161 Eundem
1380 1098 1691 1177 „stillare
1717 1099 1873 1162 coeli
1904 1100 2190 1180 desuper,
2227 1107 2288 1163 et
2311 1103 2506 1164 nubes
2531 1103 2651 1164 de-

513 1201 736 1280 fluant
771 1199 1046 1284 justitia
1063 1221 1092 1274 ,·
1158 1200 1410 1282 aperiat
1463 1220 1532 1262 se
1575 1200 1795 1278 Tem-a,
1832 1207 1893 1262 et
1927 1201 2284 1284 smcctzficet
2330 1200 2650 1266 salutem.-

523 1300 675 1381 Eyo
699 1299 838 1381 feci
880 1297 1179 1374 Tmam,
1230 1306 1292 1361 et
1329 1300 1641 1362 hominem
1682 1321 1871 1383 super
1908 1320 1983 1362 ea
2020 1303 2245 1365 creavi.
2318 1302 2431 1366 Sic
2464 1303 2659 1367 dixit

524 1400 836 1477 Jehovah,
909 1420 1129 1464 ereans
1179 1398 1411 1473 coelos,
1469 1399 1600 1478 Rle
1648 1401 1839 1464 Deus
1856 1445 1873 1475 ,
1926 1402 2229 1483 formans
2263 1404 2546 1466 Terram
2586 1409 2649 1466 et

510 1501 766 1583 faciens
806 1499 1022 1577 illam,
1064 1507 1124 1562 et
1153 1520 1559 1582 praeparans
1599 1498 1787 1562 illam
1803 1524 1824 1564 .·
1861 1521 1986 1563 non
2023 1501 2095 1563 in
2136 1502 2373 1567 occulto
2412 1501 2644 1585 loquu-

524 1607 632 1663 tus
658 1621 833 1673 sum,
875 1602 946 1664 in
984 1599 1114 1662 loco
1150 1601 1386 1663 Tmae
1426 1601 1864 1664 temeram-uw‘
1902 1601 2093 1662 XLV:
2130 1605 2189 1664 8.
2229 1608 2337 1665 12.
2377 1606 2488 1665 18.
2531 1608 2639 1682 193

526 1702 685 1780 quod
718 1703 815 1763 hic
851 1721 962 1780 per
998 1702 1199 1763 coelos
1264 1710 1324 1762 et
1361 1709 1581 1763 terram
1618 1703 2025 1781 intelligantur
2074 1707 2271 1765 omnia
2303 1705 2639 1781 Ecclesiae,

526 1811 650 1862 tam
687 1804 923 1863 interna
970 1820 1144 1878 quam
1193 1808 1444 1862 externa
1498 1803 1659 1880 ejus,
1715 1810 1912 1881 patet,
1965 1822 2104 1863 nam
2149 1803 2366 1865 dicitur
2413 1806 2642 1867 stillato

528 1902 715 1976 coeli,
773 1909 833 1961 et
864 1902 1056 1962 nubes
1093 1901 1355 1962 defluant
1370 1903 1662 1986 justitia,
1715 1908 1945 1981 aperiat
1979 1921 2046 1965 se
2083 1911 2257 1981 terra,
2302 1914 2361 1967 et
2387 1905 2641 1986 fructi·-

510 2003 664 2084 fioet
705 2000 974 2063 salutem
985 2021 1014 2074 ;
1067 2002 1226 2080 quod
1261 2020 1370 2078 per
1405 2005 1605 2064 coelos
1641 2006 1920 2065 interiora
1945 2004 2256 2066 Ecclesiae
2291 2007 2640 2085 significen-

522 2112 636 2177 tur,
677 2109 770 2162 est
805 2106 944 2177 quia
976 2104 1290 2174 interiora,
1344 2121 1498 2180 quae
1544 2113 1684 2164 sunt
1733 2109 1948 2166 mentis
1998 2107 2325 2183 spiritualis
2360 2108 2640 2180 hominis,

523 2210 665 2262 sunt
700 2204 850 2263 coeli
887 2204 1049 2282 apud
1080 2204 1279 2279 illum3
1337 2206 1499 2283 quod
1551 2206 1711 2282 apud
1743 2205 2071 2282 hominem,
2129 2208 2292 2284 apud
2328 2225 2504 2286 quem
2543 2214 2640 2269 est

522 2303 816 2377 Ecclesia,
852 2309 930 2364 sit
967 2306 1228 2379 coelum,
1268 2307 1547 2366 videatur
1579 2309 1638 2364 in
1665 2305 1867 2383 Opere
1903 2307 1978 2366 de
2017 2305 2224 2366 Coeno
2250 2327 2330 2368 ιιι·
2356 2309 2637 2368 Inmane

518 2424 586 2465 n:
633 2408 719 2466 30
760 2416 821 2468 et
864 2411 974 2482 573
1028 2425 1139 2485 per
1174 2424 1380 2468 creare
1421 2408 1621 2468 coelos
1669 2413 1730 2467 et
1765 2409 2020 2468 formare
2059 2415 2278 2469 terram
2325 2410 2633 2486 ac'sacere

518 2513 580 2571 et
623 2525 988 2586 praeparare
1036 2526 1198 2582 eam,
1254 2508 1626 2586 significatur
1685 2509 1861 2585 plene
1921 2511 2233 2570 instituere
2282 2510 2637 2570 Ecclesiam.

519 2608 697 2684 Apud
743 2609 1014 2669 Eundem
1071 2654 1108 2684 „
1135 2606 1301 2669 Ecce
1336 2606 1487 2689 Eyo
1532 2626 1752 2670 ereans
1789 2605 1989 2669 coelos
2023 2627 2216 2671 novos
2262 2616 2322 2671 et
2368 2608 2637 2673 Terram

514 2723 767 2781 novam,
843 2726 953 2768 nec
1003 2709 1647 2771 commemorabuntur
1688 2707 1922 2788 priora
1942 2712 1979 2743 “
2050 2709 2255 2771 LXV:
2322 2716 2349 2770 1
2373 2716 2442 2788 ⁷3
2523 2727 2636 2788 per

518 2822 723 2866 creare
762 2806 977 2867 Coelos
1027 2825 1216 2867 novos
1265 2814 1325 2867 et
1359 2814 1580 2869 terram
1631 2826 1846 2869 novam
1899 2810 2265 2887 significatur
2297 2814 2633 2872 instaurare

516 2923 730 2965 novam
763 2906 1098 2966 Ecclesiam
1152 2908 1348 2985 quoad
1397 2912 1679 2970 interiora
1733 2916 1792 2969 et
1839 2913 2137 2971 exteriora
2189 2912 2357 2989 ejus,
2415 2913 2634 2972 tamin

516 3005 713 3067 Coelis
743 3023 920 3083 quam
949 3009 1008 3066 in
1037 3011 1227 3083 terriS,
1269 3016 1331 3068 ut
1357 3027 1561 3086 supra.
1616 3010 1796 3086 Apud
1823 3010 2090 3071 Eundem
2126 3010 2349 3088 „Quis
2374 3010 2633 3079 audivit,

514 3105 684 3166 sicut
722 3105 866 3176 Ιιοο,
904 3126 1057 3169 num
1088 3108 1408 3190 parturiet
1452 3107 1655 3171 Terra
1697 3108 1804 3171 die
1836 3129 1959 3172 uno
1973 3156 1989 3188 ‚
2042 3130 2196 3173 num
2229 3112 2633 3192 qaum-abitur

514 3223 670 3286 qens
725 3205 856 3267 vioe
895 3227 1054 3269 una:
1107 3208 1634 3289 quemadmodum
1659 3205 1850 3272 ‘Coeli
1896 3211 2045 3273 novi
2087 3217 2146 3273 et
2202 3212 2405 3275 Terra
2449 3230 2629 3287 nova,

514 3324 674 3386 quae
704 3304 856 3387 Eyo
885 3308 1223 3390 facturus,
1290 3311 1549 3374 stabunt
1600 3328 1813 3373 coram
1850 3309 1985 3387 Me,
2042 3313 2138 3373 sie
2188 3313 2385 3375 stabit
2424 3331 2629 3374 semen

513 3413 789 3471 vestrum
824 3414 884 3471 et
916 3429 1136 3473 nomen
1174 3413 1498 3471 vestram“
1537 3411 1767 3472 LXVI:
1813 3413 1875 3472 8.
1914 3415 1949 3471 2
1966 3415 2034 3488 *23
2090 3416 2229 3490 quia
2262 3430 2375 3491 per
2408 3420 2629 3473 terram

510 3511 874 3594 significatur
905 3511 1206 3586 Ecclesia,
1244 3511 1380 3570 ideo
1419 3511 1631 3571 dicitur
1664 3529 1803 3571 num
1839 3515 2131 3590 parturiet
2157 3520 2319 3574 terra
2354 3514 2449 3574 dle
2485 3531 2623 3588 uno,

511 3628 649 3669 num
685 3611 1070 3689 generabitur
1115 3627 1264 3688 gens
1315 3612 1447 3670 vice
1486 3630 1634 3684 una,
1690 3630 1801 3688 per
1834 3616 2135 3690 part-urire
2186 3621 2244 3673 et
2281 3621 2530 3691 partum
2556 3629 2628 3673 ac

510 3728 621 3787 per
655 3730 945 3787 generare
982 3718 1043 3771 et
1077 3712 1521 3789 generationem
1558 3692 1615 3770 iri
1643 3712 1846 3772 Verbo
1883 3713 2289 3790 significantur
2322 3721 2531 3791 partus
2568 3719 2630 3773 et

510 3814 817 3890 generatio
851 3812 1212 3890 spiritualis,
1255 3818 1410 3887 quae
1447 3820 1587 3871 sunt
1611 3812 1750 3872 fidei
1785 3821 1845 3872 et
1872 3817 2089 3873 amoris
2100 3859 2117 3890 ,
2163 3816 2252 3873 ita
2288 3816 2628 3875 reformatio

511 3929 581 3972 ac
615 3915 992 3990 regeneratio
1010 3922 1036 3989 ς·
1086 3910 1227 3988 quid
1262 3911 1418 3972 coeli
1452 3916 1591 3996 novfi
1626 3919 1687 3973 et
1726 3920 1886 3974 terra
1922 3932 2105 3989 nova,
2163 3931 2349 3992 supra
2400 3915 2627 3975 dictum

509 4019 619 4073 est.
658 4013 839 4092 Apud
858 4013 1187 4073 Jeremiam
1218 4005 1567 4097 „Eyofici
1598 4010 1886 4087 Terram,
1925 4013 2240 4076 hominem
2273 4021 2334 4076 et
2360 4014 2627 4078 bestiam

504 4131 663 4193 quae
699 4132 889 4193 super
910 4110 1208 4193 faciebus
1238 4111 1511 4186 Terrae5
1549 4119 1610 4175 et
1636 4112 1717 4174 do
1757 4133 1897 4175 eam
1935 4114 2048 4195 qui
2084 4119 2300 4177 rectus*
2323 4115 2394 4177 in
2420 4112 2624 4182 oculis

505 4213 710 4274 meist
769 4212 1050 4273 XXVII:
1099 4214 1163 4291 53
1216 4232 1328 4291 per
1361 4214 1665 4275 hominem
1717 4220 1776 4274 et
1807 4215 2064 4275 bestiam
2118 4234 2273 4294 quae
2308 4233 2495 4295 super
2525 4217 2622 4277 sa·-
