2791 4778
464 360 576 415 190
836 347 1325 406 APOCALYPSIS
1366 346 1800 430 EXPLICATA.
1853 347 1905 416 §0
1961 356 2090 410 ³55.
2140 354 2274 409 356.
2345 401 2350 405 ,

460 505 716 582 raonis,
771 504 1017 569 ὕων-πε
1051 506 1189 591 eius
1224 512 1287 568 et
1321 505 1597 587 Eqaites
1630 505 1770 589 ejus
1807 506 1880 567 z'n
1917 503 2197 567 maium
2237 503 2462 577 marim
2493 509 2544 566 et

461 605 745 670 Jehovah
780 608 1044 669 removit
1079 614 1290 669 rotam
1323 625 1628 669 camum
1651 604 1790 688 ejus
1801 649 1820 681 ,
1856 613 1931 667 ut
1957 603 2251 667 ducerent
2275 622 2408 667 cum
2427 602 2542 684 dzjf·

450 704 780 790 ficaltate:
832 712 892 767 et
929 726 1074 768 eum
1112 705 1328 767 Moses
1363 706 1653 768 extendit
1685 724 1955 793 ⁴manum
1992 723 2183 784 super
2219 723 2420 779 mare,
2461 722 2545 765 re·

462 824 682 868 versae
723 813 874 868 eunt
910 825 1145 886 aquae,
1198 813 1260 867 et
1316 812 1691 885 operuerunt
1733 804 1981 867 Currus
2030 811 2091 865 et
2129 803 2400 884 Equites
2431 821 2547 865 eum

460 905 755 969 aniverso
780 905 1099 968 Emereitu
1124 905 1544 967 Pharaonw
1581 906 1752 964 Exod
1767 905 1991 966 :·X1v2
2031 908 2059 963 1
2078 910 2136 963 7.
2170 909 2201 964 l
2221 907 2261 965 8
2318 906 2424 963 23.
2453 902 2544 963 25.

468 1010 580 1066 26.
623 1009 747 1066 28:
802 1014 866 1066 et
910 1005 1072 1084 apud
1105 1006 1377 1065 Eundem
1441 1048 1475 1080 „
1496 1002 1737 1066 O'ecinit
1774 1003 1990 1064 Moses
2026 999 2086 1065 e't
2118 1001 2263 1085 filii
2306 998 2548 1065 Israelio

463 1105 796 1168 Canticum
831 1106 945 1167 Ιιοσ
967 1104 1240 1182 Jehovae
1249 1125 1279 1177 ,·
1320 1104 1636 1166 cantando
1672 1104 1931 1182 cantabo
1956 1102 2254 1179 Rhome,
2293 1102 2438 1186 quia
2455 1118 2546 1164 ex-

415 1232 421 1239 ·
462 1204 727 1267 astando
778 1203 1101 1267 exaltavit
1129 1203 1241 1280 Se,
1276 1204 1557 1284 ·Equum
1589 1211 1651 1265 et
1687 1203 1992 1283 Equitem
2034 1202 2174 1286 qiua
2203 1200 2462 1287 projecit
2494 1199 2548 1262 in

462 1324 669 1381 moere,
723 1311 784 1366 et
824 1304 1070 1366 Currus
1107 1304 1244 1387 eius
1280 1311 1343 1365 et
1384 1304 1732 1366 exercitum
1766 1303 1951 1385 eiust
1992 1304 2197 1363 Exodz
2234 1303 2374 1364 XV:
2415 1306 2467 1361 1.
2499 1303 2548 1359 4.

472 1410 502 1465 l
523 1408 583 1465 9.
626 1409 751 1483 213
808 1405 950 1481 quid
983 1423 1094 1488 per
1130 1421 1319 1481 equos
1357 1410 1422 1463 et
1455 1420 1666 1465 currus
1699 1402 2032 1464 Pharaonis
2067 1419 2181 1463 seu
2208 1402 2546 1481 Aegyptisi·

464 1505 794 1583 gnificatur‚
846 1522 1031 1582 supra
1064 1505 1288 1563 dictum
1324 1512 1418 1564 est
1429 1523 1446 1579 ;
1498 1521 1611 1580 per
1646 1506 1973 1563 exercitum
2009 1503 2141 1580 ejus
2180 1502 2549 1581 significantur

464 1608 663 1666 omnia
695 1606 851 1665 falsa
908 1608 969 1664 in
1003 1621 1224 1681 genere
1273 1610 1335 1663 et
1375 1606 1440 1662 in
1474 1606 1709 1680 speeie3
1765 1609 1832 1662 et
1862 1620 1975 1680 per
2006 1620 2173 1663 mare
2224 1601 2548 1681 significatur

364 1765 367 1768 ,
467 1705 767 1765 damnatio
805 1711 864 1764 et
898 1705 1220 1774 infernum,
1257 1703 1361 1762 ubi
1401 1720 1608 1763 omnes
1644 1709 1783 1763 sunt
1814 1705 1878 1762 in
1903 1704 2164 1781 propriu,
2209 1705 2352 1781 quia
2380 1704 2438 1759 in
2464 1715 2551 1757 na-

465 1803 648 1863 turali
679 1804 920 1863 homine
955 1810 1237 1881 separato
1284 1821 1320 1862 a
1356 1804 1683 1880 spirituali,
1740 1809 1802 1862 et
1833 1803 1970 1863 inde
2005 1805 2067 1862 in
2104 1805 2301 1862 omnis
2348 1800 2548 1879 generis

465 1902 638 1962 malis
675 1910 735 1963 et
768 1902 954 1963 falsis.
1037 1902 1243 1963 Simile
1277 1920 1389 1979 per
1424 1903 1627 1979 Equos
1663 1903 1927 1980 Aegypti
1978 1901 2354 1980 significatur
2393 1903 2450 1960 in
2475 1896 2549 1956 his

467 2003 631 2081 apud
664 2004 874 2063 Mosen
915 2000 1043 2079 „Si
1067 2001 1348 2077 ‹limem-ie,
1409 2020 1647 2081 ponam
1673 1989 1863 2082 super
1885 2017 1984 2062 me
2006 2001 2274 2081 Reyem,
2300 1994 2551 2083 ponendo

424 2174 431 2181 ,
456 2120 654 2183 pones
687 2121 878 2184 super
923 2108 983 2162 te
1013 2102 1287 2181 Reyem,
1341 2120 1522 2181 quem
1560 2099 1818 2181 eleyerit
1853 2101 2138 2163 Jehovah
2176 2102 2370 2164 Deus
2411 2105 2548 2169 tuus,

463 2201 650 2264 modo
685 2222 808 2264 non
844 2200 1222 2281 multiplicet
1261 2201 1388 2263 sibi
1423 2200 1672 2281 Equos,
1726 2221 1835 2263 nee
1869 2200 2135 2264 redueat
2166 2198 2468 2281 populum
2496 2194 2552 2256 in

462 2303 831 2385 Aeyyptum
861 2308 937 2364 ut
972 2298 1353 2381 multiplicet
1372 2300 1643 2381 Equoe“
1695 2302 1888 2361 Dent:
1924 2297 2129 2362 XVII:
2167 2306 2281 2363 14.
2319 2301 2424 2360 15.
2457 2297 2549 2370 16;

461 2405 617 2464 haec
654 2406 813 2464 dicta
848 2411 988 2464 sunt
1022 2405 1096 2462 de
1131 2403 1335 2480 Rege,
1377 2388 1520 2478 quia
1553 2419 1664 2480 per
1697 2403 1900 2480 Reges
1935 2408 2427 2478 repraesentatur
2447 2397 2551 2457 Do-

462 2507 659 2564 minus
696 2504 894 2581 quoad
928 2505 1212 2563 Divinum
1242 2502 1501 2576 Verum,
1542 2509 1602 2561 et
1637 2519 1748 2578 per
1769 2501 1971 2580 Reges
2006 2503 2144 2562 inde
2172 2501 2553 2579 significantur

465 2621 616 2663 vera
651 2622 726 2663 ex
758 2604 915 2664 bono
953 2620 991 2662 a
1023 2603 1299 2675 Domine,
1336 2603 1611 2661 videatur
1646 2592 1834 2679 supra
1877 2621 1945 2661 n:
1993 2603 2104 2678 313
2161 2608 2226 2661 et
2261 2603 2404 2680 quia
2431 2610 2553 2656 vera

467 2718 545 2761 ex
577 2702 734 2761 bono
769 2704 1034 2762 resident
1065 2704 1128 2760 iu
1162 2701 1460 2778 spirituali
1489 2701 1746 2772 homine,
1783 2708 1850 2760 ut
1882 2718 2070 2779 supra
2104 2701 2329 2772 dictum
2363 2703 2478 2771 est,
2508 2697 2556 2754 ei

464 2801 792 2861 scientifica
826 2819 980 2879 quae
1009 2810 1148 2862 sunt
1179 2800 1471 2861 'naturalis
1498 2801 1769 2873 hominis,
1810 2805 1866 2860 ei
1891 2803 2221 2860 inservient
2244 2803 2402 2860 sicut
2423 2790 2554 2855 servi

464 2917 577 2959 suo
612 2900 898 2974 Domino,
935 2901 1071 2959 iude
1100 2902 1316 2961 dicitur
1343 2901 1528 2960 modo
1554 2918 1672 2961 non
1698 2901 2058 2978 multiplicet
2083 2901 2200 2960 sibi
2224 2914 2432 2978 equoS,
2463 2908 2551 2954 nec

463 2998 716 3059 reducat
749 2998 1039 3076 populum
1069 3004 1131 3060 in
1165 3001 1510 3078 Aegyptum
1547 3007 1613 3059 ut
1645 3000 2000 3077 multiplicet
2035 3016 2241 3077 equos,
2285 3017 2396 3076 per
2428 3008 2554 3073 quae

460 3097 864 3175 significatur,
929 3099 1103 3158 modo
1151 3117 1226 3159 ne
1276 3118 1314 3158 a
1362 3100 1659 3177 spirituali
1701 3098 1937 3160 homine
1986 3100 2093 3159 fiat
2138 3097 2456 3172 naturane,
2508 3096 2555 3152 et

463 3203 659 3257 semet
691 3199 889 3275 ipsum
925 3195 1133 3276 ducat,
1191 3206 1251 3259 et
1284 3215 1395 3259 suo
1431 3201 1671 3277 proprio
1715 3198 1860 3258 fidat
1907 3206 1968 3260 et
2003 3216 2122 3258 non
2155 3200 2441 3272 Domino,
2485 3195 2553 3252 ita

470 3315 546 3358 ne
581 3314 729 3358 vera
789 3315 941 3375 quae
1004 3299 1330 3385 spiritualis
1379 3299 1635 3359 hominis
1695 3301 1963 3359 serviant
2012 3299 2303 3372 naturali,
2360 3303 2421 3358 et
2460 3307 2552 3354 non

462 3399 794 3461 scientifica
829 3416 986 3476 quae
1021 3400 1309 3459 naturalis
1344 3397 1600 3458 hominis
1637 3399 1962 3474 spirituali,
2013 3399 2130 3458 hoc
2166 3400 2323 3458 enim
2359 3410 2549 3456 secun·

462 3499 607 3560 dum
654 3499 920 3561 ordinem
972 3506 1100 3575 est,
1152 3499 1301 3560 illud
1350 3505 1555 3558 autem
1603 3505 1810 3557 contra
1844 3500 2131 3558 ordinem.
2209 3497 2436 3558 Similia
2464 3505 2552 3571 per

463 3600 668 3677 Equos
705 3595 964 3678 Aegypti
998 3599 1409 3677 significantur
1444 3598 1587 3657 alibi
1623 3600 1684 3655 in
1720 3597 1947 3669 Verbo,
1980 3604 2050 3657 ut
2081 3598 2123 3658 J
2128 3614 2319 3658 erem:
2355 3587 2551 3658 XLVI:

468 3702 532 3756 4.
568 3702 638 3758 ’9.
692 3701 924 3760 Ezechz
960 3699 1176 3759 XV11=
1221 3699 1330 3758 15.
1374 3696 1551 3775 Cap:
1589 3696 1843 3757 XXIII:
1886 3701 2000 3758 20.

625 3798 785 3856 356.
839 3799 915 3856 Et
949 3798 1168 3856 sedens
1204 3814 1388 3872 super
1421 3797 1525 3857 illo
1560 3797 1791 3857 habens
1822 3814 2058 3871 arcum,
2099 3795 2257 3873 quod
2290 3790 2554 3871 significet

266 3902 430 3966 [472]
472 3891 609 3954 inde
645 3892 974 3954 doctrinam
1035 3895 1346 3955 charitatis
1409 3901 1471 3954 et
1504 3896 1673 3972 fidei,
1732 3914 1805 3956 ex
1853 3914 1973 3974 qua
2021 3902 2324 3974 pugnatur
2372 3895 2553 3952 contra

467 3992 629 4054 mala
665 3999 727 4052 et
762 3993 919 4051 falsa
934 4036 953 4068 ,
1009 4010 1080 4052 ac
1133 3993 1505 4070 dissipantur
1554 3995 1694 4071 illa,
1750 4002 1986 4056 constat
2033 4012 2109 4056 ex
2152 3991 2552 4072 significatione

465 4090 733 4153 sedentis
763 4108 946 4167 super
972 4098 1125 4170 equo
1153 4092 1308 4168 albo,
1341 4094 1500 4171 quod
1528 4097 1607 4154 sit
1631 4094 1923 4169 Verbum,
1941 4132 1944 4133 ν
1962 4094 2037 4154 de
2067 4112 2188 4171 qua
2213 4109 2346 4152 mox
2369 4099 2550 4166 suprae

468 4200 532 4254 et
566 4211 642 4253 ex
676 4191 1103 4271 significatione
1133 4210 1338 4271 arcus,
1378 4192 1541 4271 quod
1576 4196 1654 4253 sit
1681 4195 1955 4255 doctrina
1988 4193 2293 4255 eharitatis
2328 4195 2388 4250 et
2418 4182 2554 4248 fidei,
