2791 4778
528 364 597 417 54
951 348 1442 405 APOCALYPSIS
1494 348 1925 408 EXPLICATA.
2007 349 2056 416 §.
2093 357 2222 411 315.

526 529 705 575 orum
738 510 959 588 offerre
982 507 1177 569 Deo“
1214 507 1403 568 XVI:
1440 511 1501 565 2.
1539 508 1576 567 3
1602 527 1618 581 3
1657 506 1811 566 haec
1838 506 1916 565 ad
1939 506 2269 582 discipulos
2297 506 2458 566 dicta
2482 515 2658 581 sunt,

530 621 589 672 et
624 629 736 689 per
762 608 1088 685 discipulos
1122 609 1185 667 in
1210 624 1394 667 sensu
1421 607 1717 684 spirituali
1743 610 2258 683 repraesentativa
2293 607 2656 684 intelligun-

531 722 629 773 tur
666 712 865 772 omnia
889 726 1036 768 vera
1071 715 1132 769 et
1165 707 1323 767 bona
1347 708 1686 782 Ecclesiae,
1725 707 1862 767 inde
1896 714 2066 784 patet
2103 707 2244 783 quid
2270 710 2332 766 in
2361 726 2432 767 eo
2461 725 2657 767 sensu

531 812 881 889 intelligitur
914 827 1024 886 per
1052 808 1212 886 quod
1247 808 1520 868 occident
1548 825 1671 881 eos,
1712 808 1872 885 quod
1905 825 2122 884 nempe
2159 817 2300 868 tunc
2335 808 2659 868 destruent

529 913 841 974 Ecclesiae
888 927 1036 969 vera
1070 915 1131 969 et
1165 908 1340 968 bona.
1394 908 1577 985 Apud
1611 907 1879 967 Marcum
1933 951 1972 982 „
1994 906 2078 967 In
2115 908 2663 968 consummatione

527 1010 771 1075 saeculi
813 1009 1023 1071 tradet
1049 1009 1267 1089 frater
1279 1008 1561 1088 fratrem
1587 1007 1658 1068 in
1682 1012 1958 1082 mortem,
1991 1013 2182 1087 pater
2214 1006 2460 1078 liberos,
2499 1027 2657 1068 oon-

530 1116 793 1195 suryent
829 1110 1013 1172 liberi
1048 1115 1265 1170 contra
1291 1095 1619 1188 parentes,
1674 1114 1734 1168 et
1777 1107 2054 1169 oocidmt
2089 1111 2237 1168 eos“
2288 1109 2479 1168 XIII:
2525 1113 2658 1185 123

534 1213 963 1275 consummatio
1000 1208 1228 1271 saeculi
1288 1216 1382 1269 est
1433 1209 1703 1268 ultimum
1740 1215 1978 1286 tempus
2014 1209 2353 1283 Ecclesiae,
2410 1209 2656 1285 quando

531 1315 690 1375 falsa
735 1314 1046 1373 destruent
1104 1328 1250 1370 vera
1297 1317 1358 1369 et
1402 1309 1561 1368 mala
1620 1310 1928 1369 destruent
1974 1311 2157 1384 bona;
2224 1327 2336 1386 per
2384 1310 2658 1379 fratrem,

532 1420 769 1493 patrem
804 1419 865 1472 et
896 1411 1148 1483 liberoS,
1185 1429 1303 1470 non
1329 1410 1748 1486 intelliguntur
1781 1410 1864 1467 ibi
1897 1411 2107 1480 frater,
2146 1418 2321 1485 pater
2356 1417 2417 1469 et
2451 1410 2650 1481 liberi,

535 1514 647 1575 sed
681 1514 896 1573 salsum
933 1519 993 1572 et
1028 1530 1236 1570 verum
1274 1529 1346 1570 ac
1379 1512 1599 1570 bonum
1639 1517 1699 1569 et
1732 1510 1981 1585 malum;
2038 1511 2199 1587 quod
2232 1511 2417 1568 frater
2450 1511 2655 1569 tradet

534 1615 779 1674 fratrem
822 1617 882 1673 in
908 1618 1190 1685 mortem,
1230 1612 1526 1688 significat
1564 1610 1722 1686 quod
1755 1610 1972 1670 salsum
2008 1612 2275 1670 destruet
2310 1609 2551 1684 bonum,
2589 1616 2652 1669 in

536 1717 741 1792 specie
778 1714 913 1774 sola
947 1713 1096 1771 fides
1124 1713 1503 1784 charitatem,
1541 1729 1677 1769 nam
1705 1710 1853 1770 fides
1889 1713 1949 1769 in
1975 1711 2179 1770 Verbo
2216 1711 2431 1769 dicitur
2465 1712 2657 1770 frater

538 1815 887 1888 charitatis3
927 1812 1087 1889 quod
1112 1820 1286 1889 pater
1311 1813 1508 1871 tradet
1531 1811 1753 1870 liberos
1778 1816 1842 1869 in
1867 1819 2135 1885 mortem,
2173 1811 2464 1888 significat
2491 1813 2658 1888 quod

534 1915 758 1976 bonum
793 1914 1102 1973 Ecclesiae
1150 1914 1486 1989 periturum
1516 1930 1627 1988 per
1660 1911 1818 1971 salsa
1853 1912 2023 1986 mali,
2079 1919 2256 1988 pater
2302 1919 2396 1970 est-
2429 1912 2656 1972 bonum

537 2014 887 2083 Ecclesiae,
940 2019 1001 2071 et
1045 2012 1217 2071 liberi
1262 2018 1404 2070 sunt
1452 2011 1606 2071 salsa
1641 2011 1810 2088 mali;
1864 2012 2025 2089 quod
2076 2020 2437 2088 consurgent
2479 2013 2659 2073 liberi

543 2120 752 2174 contra
789 2119 1070 2190 parentes
1120 2120 1180 2172 et
1229 2112 1500 2171 occident
1532 2112 1699 2187 illos,
1753 2113 2050 2190 significat
2099 2113 2258 2189 quod
2305 2112 2462 2171 salsa
2507 2114 2654 2172 mali

538 2213 974 2290 impugnabunt
1008 2212 1166 2272 bona
1201 2220 1261 2272 et
1296 2231 1443 2276 vera
1475 2212 1816 2288 Ecclesiae,
1856 2220 1918 2273 et
1949 2213 2260 2273 destruent
2291 2213 2411 2272 illa
2468 2214 2655 2291 Apud

536 2310 768 2375 Lucam
803 2313 1083 2392 „Homo,
1125 2313 1237 2395 qui
1264 2310 1596 2394 plantavit
1633 2312 1906 2384 vineam,
1957 2313 2142 2374 misit
2179 2332 2429 2373 servum
2465 2320 2537 2374 ut
2571 2313 2654 2374 de

533 2417 753 2495 fructu
791 2416 1010 2479 vineae
1047 2415 1274 2477 darent
1314 2412 1449 2489 illi,
1507 2415 1621 2476 sed
1658 2411 1864 2475 coloni
1884 2420 2336 2495 percusserunt
2370 2434 2525 2486 eum,
2581 2420 2648 2473 et

531 2517 872 2581 emisa-emt
914 2535 1183 2578 vacuum
1197 2536 1228 2589 ,·
1277 2515 1545 2576 addidit
1583 2514 1831 2576 mittere
1872 2513 2103 2591 alium,
2157 2521 2217 2577 et
2255 2514 2418 2576 hunc
2453 2514 2649 2573 etiam

525 2619 944 2698 percutientes
993 2617 1338 2678 emiserunt
1381 2635 1650 2677 vacuum
1663 2637 1692 2688 ;
1757 2614 2022 2676 addidit
2071 2618 2318 2678 mittero
2369 2615 2649 2690 tertium,

531 2722 595 2778 et
631 2715 795 2779 hunc
831 2715 1229 2778 vulnerantes
1263 2716 1598 2799 ejecerunt.-
1651 2721 1799 2778 tunc
1831 2715 2164 2778 Dominus
2194 2714 2411 2777 vineae
2450 2715 2649 2791 dixit,

531 2815 691 2897 quid
714 2816 1000 2898 faciam,
1056 2816 1312 2878 mittam
1350 2814 1603 2876 Filium
1656 2835 1862 2877 meum
1911 2816 2210 2878 dilectum
2223 2837 2250 2889 ;
2305 2815 2418 2876 aed
2458 2816 2648 2877 dixe-

532 2921 716 2992 rant,
753 2916 892 2977 ,Hic
923 2920 1018 2975 est
1053 2915 1324 2988 Haeres,
1360 2916 1561 2977 uenite
1596 2915 1957 2978 occidamus
1992 2917 2252 2997 Ipsum,
2294 2923 2356 2976 et
2391 2916 2647 3000 ejicien-

533 3021 629 3077 tes
661 3015 890 3098 Ipsum
928 3021 1116 3079 exta-a
1148 3018 1395 3079 vineam
1429 3016 1831 3078 occidam-unffi
1870 3018 2014 3077 XX:
2053 3023 2079 3077 1
2101 3022 2140 3077 Ο
2171 3018 2248 3076 ad
2281 3022 2392 3078 16.
2447 3018 2649 3077 Marc:

534 3116 691 3178 XII:
735 3121 772 3177 2
813 3117 891 3176 ad
932 3118 968 3176 9
982 3137 999 3194 3
1052 3117 1202 3179 haec
1238 3119 1312 3178 de
1347 3118 1624 3178 Ecclesia
1671 3118 1833 3194 apud
1865 3118 2136 3179 Judaeos
2183 3121 2457 3178 instituta
2492 3119 2654 3178 dicta

533 3225 701 3292 sunt,
772 3234 845 3277 ac
903 3235 1014 3296 per
1060 3220 1167 3278 illa
1215 3219 1576 3278 describitur
1621 3221 1931 3295 perversio
1980 3230 2042 3278 et
2086 3217 2420 3278 falsificatio
2456 3220 2653 3278 omnis

534 3319 695 3388 veri,
740 3319 900 3396 quod
933 3320 1053 3379 illis
1082 3339 1157 3380 ex
1183 3320 1408 3394 Verb0,
1446 3337 1558 3396 per
1592 3320 1938 3378 traditiones
1977 3327 2038 3379 et
2072 3338 2183 3397 per
2212 3320 2651 3396 applicationes

526 3418 609 3478 ad
642 3435 738 3495 se;
794 3420 1034 3498 singula
1082 3421 1169 3479 ibi
1218 3436 1463 3480 sensum
1500 3419 1870 3497 spiritualem
1908 3424 2235 3494 continent,
2293 3439 2429 3479 nam
2476 3423 2648 3495 quic-

531 3520 675 3597 quid
706 3520 999 3581 Dominus
1046 3521 1332 3597 loquutus
1385 3528 1503 3594 est,
1560 3520 1955 3596 spiritualiter
2000 3523 2176 3580 etiam
2224 3520 2511 3598 loquutus
2557 3526 2653 3580 est

532 3623 674 3697 quia
710 3638 786 3680 ex
810 3621 1060 3697 Divino;
1114 3638 1227 3697 per
1251 3623 1490 3680 vineam
1519 3637 1695 3695 quam
1722 3620 1899 3680 homo
1923 3621 2247 3698 plantavit,
2282 3621 2653 3698 significatur

526 3720 807 3779 Ecclesia
843 3737 1000 3796 quae
1036 3722 1099 3778 in
1127 3720 1339 3795 Veris;
1376 3737 1488 3796 per
1523 3737 1731 3779 servos
1770 3739 1919 3796 quos
1955 3729 2048 3781 ter
2083 3723 2260 3796 misit,
2298 3721 2652 3797 intelligitur

531 3818 802 3879 Verbum
836 3836 947 3896 per
976 3820 1188 3878 Mosen
1226 3826 1284 3878 et
1317 3820 1653 3897 Prophetas
1689 3821 1807 3879 illis
1836 3821 2071 3897 datum3
2109 3828 2201 3881 ter
2237 3822 2468 3896 dicitur,
2508 3823 2654 3897 quia

534 3919 653 3976 tria
686 3918 1023 3994 significant
1056 3920 1297 3996 plenum
1337 3928 1395 3980 et
1432 3921 1819 3998 completum3
1876 3922 2036 3999 quod
2080 3925 2492 3999 percusserint
2527 3938 2653 3992 θοε,

529 4017 990 4095 vulneraverint,
1020 4028 1083 4081 et
1112 4022 1415 4082 emiserint
1444 4038 1667 4082 vacuos
1695 4027 1865 4081 extra
1888 4025 2147 4094 vineam,
2172 4023 2466 4101 significat
2492 4022 2653 4098 quod

529 4118 977 4180 falsificaverint
1025 4129 1085 4184 et
1117 4125 1520 4202 perverterint
1566 4139 1712 4181 vera
1760 4140 1917 4199 quae
1951 4122 2035 4182 ibi
2046 4167 2063 4198 ,
2119 4119 2390 4184 emittere
2427 4138 2653 4182 vacuos

531 4225 700 4280 extra
739 4223 971 4290 vincam
1006 4224 1304 4303 significat
1340 4223 1503 4300 quod
1538 4222 1981 4299 deprivaverint
2015 4223 2281 4284 Verbum
2318 4226 2445 4285 suis
2481 4223 2654 4283 bonis
