2791 4778
413 357 648 412 CAPUT
689 356 1034 423 QmNTUM.
1711 367 1714 370 >
1803 357 2011 413 vnns=
2055 371 2108 420 9,
2269 373 2375 423 129

246 527 308 580 ct
358 535 479 595 per
529 523 737 595 gentes
799 519 976 577 etiam
1024 516 1108 575 ibi
1156 516 1568 594 significantur
1614 535 1821 578 omnes
1859 523 1961 596 qui
1996 520 2071 578 ab
2100 519 2380 583 Ecclesia

242 620 527 692 Domini,
581 634 693 694 per
728 618 986 695 populos
1028 618 1116 676 illi
1152 619 1255 694 qui
1291 617 1366 675 ab
1403 618 1682 677 Ecclesia
1713 619 1916 695 Ipsius
1953 621 2271 697 spirituali,
2317 631 2378 683 et

244 737 357 798 per
396 725 613 796 gentes
659 717 749 776 illi
790 719 894 794 qui
946 717 1021 776 ab
1058 717 1336 778 Ecclesia
1370 718 1575 796 Ipsius
1615 720 1896 795 coelesti,
1953 720 2379 800 Hierosolyma

244 837 364 899 quo
395 821 646 879 venient
674 825 767 877 est
790 816 1079 877 Ecclesia.
1138 817 1318 895 Apud
1351 819 1647 878 Davidem
1687 818 1942 894 „Pone-9
1968 840 2065 881 me
2088 820 2160 881 in
2185 829 2378 903 eaput

239 919 567 1002 yentium,
636 914 930 997 Populus
989 937 1170 998 quem
1228 936 1354 978 non
1417 938 1741 993 noveram,
1809 921 2082 982 servient
2139 920 2316 984 Mihi
2336 926 2371 956 “

240 1022 490 1083 Psalm:
526 1017 773 1078 XVHI:
816 1022 946 1077 44:
1001 1019 1162 1094 apud
1194 1020 1469 1081 Eundem
1521 1063 1557 1093 „
1580 1017 1862 1080 Jehovah
1911 1020 2199 1103 subjiciet
2238 1022 2373 1090 Po-

232 1119 432 1203 pulo-9
487 1118 606 1179 sub
641 1136 787 1194 noe,
843 1125 903 1178 et
944 1117 1177 1179 Gentes
1216 1120 1331 1180 eub
1359 1118 1560 1198 pedes
1596 1127 1851 1181 nostros
1868 1142 1888 1180 .·
1929 1128 2156 1200 reynat
2187 1121 2378 1184 Deus

244 1240 441 1302 super
469 1217 726 1293 Gentes,
768 1218 1098 1299 spontanei
1109 1217 1509 1298 Populorum
1536 1221 1902 1299 conyreyati
1927 1224 2124 1283 sunt“
2150 1223 2375 1284 Psalm:

242 1320 520 1383 XLVII:
563 1318 690 1396 [4.]
741 1323 801 1378 9.
861 1323 977 1380 1οε
1036 1320 1198 1397 apud
1244 1320 1512 1378 Eundem
1547 1363 1602 1395 ,υ
1629 1319 1741 1380 Ad
1779 1321 2272 1400 coynoeoendum
2308 1324 2380 1385 in

244 1430 418 1485 terra
454 1420 630 1480 inter
663 1438 876 1481 omnes
908 1417 1140 1483 Gentes
1181 1417 1285 1480 sal
1290 1426 1455 1480 utem
1495 1426 1673 1483 tuam
1684 1466 1702 1497 ,
1746 1421 2197 1503 confitebuntur
2229 1422 2380 1486 Tibi

245 1520 495 1602 Populi
530 1519 724 1581 Deus
736 1565 753 1594 ,
810 1516 1214 1581 laetabuntur
1259 1527 1320 1580 et
1364 1517 1737 1603 jubilabunt
1781 1520 2041 1598 Gentes,
2095 1541 2163 1583 eo
2210 1523 2379 1604 quod

229 1622 664 1706 judicaturus
717 1638 784 1679 ee
826 1617 1112 1699 Populos
1167 1619 1573 1697 rectitudine,
1644 1629 1703 1683 et
1756 1620 1989 1683 Gentes
2022 1622 2093 1683 in
2142 1629 2382 1686 terram

246 1723 570 1784 ducturus
604 1724 720 1781 es“
786 1721 1022 1780 Psalm:
1061 1721 1322 1781 LXVII:
1368 1723 1429 1781 3.
1473 1725 1535 1781 4.
1582 1725 1650 1782 5:
1695 1722 1858 1799 apud
1886 1723 2154 1783 Eundem
2189 1723 2378 1801 „Me-

246 1832 449 1885 mento
478 1822 612 1883 mei
646 1820 930 1882 Jehovalz
967 1821 1037 1881 in
1081 1818 1459 1900 beneplacito
1499 1820 1742 1901 Populi
1781 1823 1904 1898 tui,
1961 1832 2035 1886 ut
2072 1820 2269 1887 laeter
2306 1825 2380 1887 in

247 1924 500 2005 qaudio
542 1920 847 1983 Gentium
883 1925 1188 1982 tuarum“
1228 1921 1469 1982 Psalm:
1514 1922 1670 1983 CVI:
1705 1928 1765 1982 4.
1806 1926 1878 1983 5:
1919 1925 2082 2003 apud
2106 1925 2379 1988 Eundem

252 2023 657 2105 „Confitebor
700 2021 849 2083 Tibi
886 2022 1052 2082 inter
1096 2018 1327 2082 Gentes
1361 2021 1675 2100 Domine,
1709 2022 2001 2103 psallam
2030 2024 2181 2086 Tibi
2213 2026 2379 2087 inter

251 2121 594 2207 Populo-W
649 2123 886 2182 Psalm:
927 2122 1127 2181 LVII:
1174 2124 1230 2180 8.
1279 2127 1339 2184 9.
1380 2127 1488 2183 10.
1543 2124 1780 2184 Psalm:
1818 2125 2053 2185 CVIII:
2099 2129 2159 2184 2.
2198 2128 2258 2186 3.
2292 2129 2372 2202 43

251 2229 309 2283 in
342 2226 440 2285 his
479 2224 630 2284 locis
671 2226 851 2282 etiam
896 2223 1107 2300 populi
1146 2230 1203 2280 et
1239 2231 1451 2300 gentes
1492 2226 1896 2297 nominantur,
1949 2242 2061 2301 per
2096 2243 2246 2302 quos
2281 2229 2377 2285 in-

253 2327 604 2404 telliguntur
632 2340 837 2385 omnes
874 2325 977 2401 qui
1008 2326 1068 2382 in
1094 2326 1253 2383 veris
1293 2331 1351 2381 et
1376 2325 1549 2384 bonis
1577 2332 1746 2400 sunt3
1784 2328 1957 2404 ipsae
1988 2327 2168 2383 etiam
2192 2341 2376 2385 voces

259 2445 417 2503 quae
453 2427 729 2486 dicuntur
774 2426 847 2484 de
901 2425 1176 2502 popuIiS,
1232 2432 1372 2483 sunt
1409 2442 1593 2486 voces
1643 2444 1798 2502 quae
1844 2427 2272 2502 praedicantur
2305 2426 2378 2486 de
2420 2436 2580 2500 [429]

266 2529 456 2601 veris,
504 2534 566 2586 et
597 2544 751 2604 quae
788 2525 861 2584 de
898 2526 1177 2602 gentibus
1230 2533 1372 2584 sunt
1409 2542 1587 2585 voces
1645 2543 1802 2600 quae
1839 2526 2269 2603 praedicantur
2304 2526 2380 2587 de

269 2627 482 2684 bonis:
520 2627 676 2701 quod
708 2645 825 2685 non
867 2627 969 2684 alii
1003 2644 1114 2703 per
1152 2627 1379 2686 Gentes
1418 2626 1842 2701 intelligantur,
1885 2629 2063 2686 etiam
2098 2634 2269 2703 patet
2305 2646 2382 2687 ex

270 2744 363 2802 ec,
404 2725 559 2803 quod
593 2744 627 2784 a
659 2727 896 2787 Davide
947 2726 1051 2784 illa
1086 2726 1246 2786 dicta
1281 2726 1425 2801 sint,
1484 2729 1584 2804 qui
1622 2731 1890 2803 gentium
1927 2727 2383 2788 Cananaearum

263 2827 452 2886 hostis
482 2827 611 2885 fuit.
649 2828 831 2904 Apud
858 2828 1081 2885 Lucam
1123 2871 1160 2901 „
1187 2824 1497 2888 Viderunt
1520 2823 1691 2888 oculi
1716 2828 1841 2888 mei
1867 2825 2155 2890 salutare
2179 2836 2382 2903 tuum,

258 2927 428 3007 quod
452 2928 873 3007 praeparasti
917 2932 1066 2986 ante
1086 2927 1332 3007 faeiem
1372 2927 1655 2989 omnium
1691 2926 2086 3009 Populorum
2097 2975 2116 3005 ,
2172 2926 2383 2991 lumen

258 3028 327 3089 in
356 3025 799 3090 revelationem
832 3027 1181 3089 Gentium“
1224 3028 1303 3086 II:
1343 3030 1453 3087 30.
1500 3030 1607 3087 31.
1644 3030 1757 3087 32.
1797 3029 1978 3107 Apud
2008 3030 2383 3109 Zephaniam

260 3172 296 3203 ‚,
318 3127 671 3207 Reliquiae
737 3125 982 3208 Pop-uli
1042 3129 1166 3189 mei
1215 3127 1768 3207 depraedabuntur
1815 3148 1918 3190 eos
1937 3174 1955 3205 ‚
2017 3137 2079 3191 et
2129 3128 2384 3192 residui

258 3227 493 3290 Gentis
530 3248 703 3293 meae
744 3227 1226 3291 haereditabunt
1261 3231 1411 3288 eos“
1450 3229 1544 3289 II:
1593 3232 1651 3287 9.
1707 3230 1888 3306 Apud
1923 3231 2134 3290 Mosen
2171 3228 2382 3307 „Cum

256 3328 381 3391 duo
406 3327 555 3411 filii
593 3330 664 3390 in
688 3338 862 3392 utero
890 3326 1274 3405 colliderent,
1317 3328 1519 3391 abivit
1542 3329 1818 3390 Rebecca
1843 3328 1934 3390 ad
1958 3328 2382 3409 quaerendum

257 3428 598 3504 Jehovam,
653 3431 759 3492 eui
808 3428 986 3491 dimit
1024 3429 1335 3505 Jelzovah,
1406 3428 1573 3491 duae
1614 3428 1846 3491 Gentes
1905 3428 1977 3487 in
2031 3435 2207 3490 utero
2250 3435 2379 3503 tuo,

259 3536 318 3591 et
365 3531 498 3592 duo
541 3528 785 3610 Populi
837 3549 921 3591 εει·
968 3529 1314 3591 visceribus
1374 3530 1510 3590 tuis
1568 3530 2033 3609 separabuntur
2050 3530 2086 3560 “
2148 3526 2379 3586 Genes:

261 3627 464 3691 XXV:
509 3634 621 3690 22.
675 3636 797 3692 23:
855 3638 915 3690 et
951 3630 1114 3709 apud
1147 3631 1415 3691 Eundem
1457 3628 1818 3704 „Memento
1846 3626 2095 3688 dierum
2119 3622 2379 3703 saeculi,

259 3748 451 3807 quum
492 3730 946 3794 haereditatem
998 3730 1181 3791 daret
1222 3728 1614 3792 Alci-seimus
1653 3728 1989 3802 Gentibus,
2045 3746 2240 3808 quum
2278 3745 2378 3787 se-

251 3838 515 3907 pararet
530 3828 715 3911 filios
741 3831 1037 3906 hominis,
1081 3830 1412 3893 constituit
1438 3830 1739 3891 terminos
1763 3826 2160 3909 Populorum
2170 3828 2380 3913 juxta

260 3947 587 3993 nunierum
601 3929 898 4014 filiorum
914 3929 1236 3993 Israe·li3“
1260 3931 1757 3992 DeuterXXII:
1784 3935 1844 4008 83
1873 3949 1985 4010 per
2005 3930 2158 3991 filios
2180 3932 2377 3990 homi-

261 4031 352 4087 nis
389 4033 582 4092 simile
613 4034 986 4110 significatur
1013 4032 1174 4110 quod
1205 4050 1317 4109 per
1341 4031 1624 4109 populos,
1666 4049 1880 4110 nempe
1909 4034 2009 4110 qui
2035 4035 2095 4091 in
2126 4035 2287 4090 veris
2318 4036 2380 4092 et

263 4126 428 4189 bonis
465 4133 879 4210 spiritualibus
916 4141 1080 4207 sunt,
1123 4151 1309 4211 quare
1347 4132 1423 4191 de
1460 4132 1578 4190 illis
1616 4132 1850 4205 dicitur,
1900 4151 2082 4211 quum
2120 4148 2376 4209 separa-

261 4234 352 4285 ret
383 4230 534 4293 filios
570 4233 854 4311 hominis,
895 4235 1197 4295 constituit
1233 4235 1515 4293 terminos
1556 4233 1914 4309 populorum
1950 4233 2124 4310 juxta
2167 4245 2376 4288 nume-

365 4345 791 4402 Swedenborg‚
838 4350 1026 4401 apocal.
1060 4350 1171 4402 oxpl.
1210 4350 1270 4389 11.
2030 4333 2064 4386 9
