2791 4778
468 365 577 422 414
915 353 1408 410 APOCALYPSIS
1449 351 1885 409 EXPLICATA.
1960 352 2007 419 §.
2062 361 2196 414 403.

466 514 835 595 significatur
868 514 1164 589 Ecclesia,
1204 520 1266 573 et
1301 531 1414 591 per
1449 513 1709 585 esurire,
1758 528 1893 571 cum
1931 509 2006 571 de
2039 510 2314 587 Domino,
2351 513 2561 590 signifi-

465 625 639 678 catur
665 615 1010 675 desiderare
1047 615 1271 674 bonum
1304 616 1365 672 in
1399 613 1707 687 Ecclesia,
1763 611 2038 671 videatur
2071 627 2256 688 supra
2291 630 2360 672 n:
2402 614 2562 675 386:

469 720 575 796 qui
612 733 730 775 non
772 718 913 791 scit,
980 714 1121 791 quid
1162 714 1456 791 significat
1502 713 1681 786 ficus,
1752 718 1813 772 et
1855 712 2015 789 quod
2042 729 2174 788 ¹per
2206 711 2374 771 illam
2405 713 2567 774 ficum

465 818 775 878 intellecta
809 819 889 875 stt
920 816 1197 875 Ecclesia
1238 814 1401 892 apud
1434 814 1597 872 illam
1641 812 1937 883 Gentem,
1987 831 2106 872 non
2142 812 2310 871 aliud
2344 814 2562 891 cogitat,

471 937 651 997 quam
704 917 865 994 quod
908 917 1025 977 hoc
1075 916 1295 974 sactum
1344 916 1422 974 sit
1466 932 1504 973 a
1558 914 1817 974 Domino
1869 931 1945 973 ex
1997 913 2400 990 indignatione
2444 916 2568 991 quia

471 1021 750 1092 esurivit,
807 1024 869 1076 at
906 1017 1020 1076 hoc
1075 1033 1194 1075 non
1240 1015 1376 1074 ideo
1423 1015 1646 1074 factum
1698 1020 1819 1087 est,
1876 1012 1985 1073 sed
2034 1020 2099 1071 ut
2151 1014 2565 1090 significaretur

474 1118 635 1196 quod
678 1116 841 1177 Gens
872 1112 1131 1177 Judaica
1166 1116 1305 1175 talis
1350 1121 1514 1175 esset
1525 1136 1543 1191 ;
1591 1115 1790 1175 omnia
1822 1115 1982 1173 enim
2016 1113 2312 1173 Mil-acula
2341 1114 2559 1174 Domini

472 1218 785 1279 involvunt
838 1224 897 1277 et
944 1217 1279 1294 significant
1330 1216 1478 1275 talia
1529 1232 1683 1291 quae
1732 1214 1902 1274 Coeli
1955 1221 2015 1275 et
2065 1214 2376 1274 Ecclesiae
2419 1197 2571 1290 sunt,

471 1319 631 1379 unde
664 1318 773 1377 illa
804 1318 1097 1377 Miracula
1131 1318 1373 1375 fuerunt
1397 1317 1635 1392 DIvina,
1673 1314 1951 1374 videatur
1985 1333 2055 1373 n:
2113 1317 2327 1375 7337.
2372 1316 2561 1376 8364.

478 1420 662 1481 9051
715 1418 815 1478 fin.
902 1419 1180 1478 Ecclesia
1212 1433 1502 1493 perversa
1548 1433 1660 1474 seu
1706 1417 1883 1476 homo
1918 1411 2231 1475 Ecclesiae
2266 1404 2566 1493 perversus
2676 1431 2677 1502 j

475 1519 677 1599 quoad
713 1520 1046 1578 naturalem
1093 1534 1203 1577 seu
1244 1518 1554 1576 externum
1602 1534 1778 1576 suum
1819 1516 2120 1575 hominem
2171 1517 2352 1575 etiam
2401 1518 2569 1593 signi·
2676 1575 2677 1584 ,

472 1621 685 1682 fleatur
733 1638 843 1696 per
887 1619 1064 1678 ficum
1126 1617 1289 1693 apud
1336 1616 1636 1678 Davidem
1709 1609 1987 1693 „Dedit
2039 1613 2313 1695 pluvias
2372 1634 2571 1679 eorum

472 1719 855 1801 ,qrandinem
866 1763 883 1793 ,
937 1719 1151 1798 iynem
1196 1716 1624 1797 flammarum
1671 1717 1744 1779 in
1797 1723 1970 1779 terra
2016 1735 2232 1778 eorum
2244 1736 2276 1789 ,·
2345 1723 2404 1777 et
2434 1736 2572 1797 per-
2676 1739 2677 1750 ¹

474 1819 679 1881 cussit
725 1818 916 1878 vitem
966 1836 1180 1879 eorum
1228 1823 1289 1877 et
1331 1818 1538 1899 ficum
1600 1836 1815 1879 eorum
1831 1861 1849 1894 ,
1930 1817 2248 1898 consreyit
2308 1819 2575 1880 arborem
2676 1829 2677 1836 ’

473 1917 730 1981 termini
763 1920 1025 1979 eorum“
1078 1917 1219 1978 CV:
1272 1920 1382 1979 32.
1435 1919 1557 1996 335
1622 1919 1773 1978 haec
1807 1918 1880 1979 de
1916 1919 2197 1996 Aegypto
2235 1918 2399 1978 dicta
2431 1923 2575 1991 sunt,

472 2038 585 2098 per
632 2037 809 2097 quam
857 2018 1225 2095 significatur
1276 2018 1568 2078 naturalis
1607 2019 1784 2079 homo
1838 2021 1938 2095 qui
1984 2021 2045 2078 in
2090 2020 2262 2079 salsis
2299 2026 2365 2079 et
2399 2019 2579 2088 malis,

475 2138 548 2181 ac
589 2138 700 2197 per
732 2122 949 2194 vitem,
1014 2119 1194 2180 ficum
1241 2127 1302 2179 et
1348 2119 1622 2180 arborem
1665 2116 1900 2179 termini
1946 2120 2359 2198 significantur
2397 2120 2580 2179 omnia

473 2221 813 2297 Ecclesiae,
868 2238 979 2297 per
1015 2223 1199 2283 vitem
1237 2221 1474 2280 interna
1519 2237 1629 2280 seu
1675 2220 2014 2297 spiritualia
2050 2222 2212 2299 ejuS‚
2269 2237 2380 2297 per
2412 2220 2581 2280 ficum

477 2329 726 2382 externa
772 2338 882 2380 seu
935 2321 1235 2379 naturalia
1283 2321 1448 2400 ejuS,
1513 2327 1574 2381 et
1628 2339 1740 2399 per
1790 2321 2065 2380 arborem
2116 2322 2358 2381 termini
2414 2306 2582 2380 omne

476 2426 839 2501 cognitivum
878 2429 938 2482 et
986 2424 1437 2499 perceptivum,
1509 2440 1621 2500 per
1654 2425 1972 2481 terminum
2023 2423 2394 2499 significatur
2441 2421 2581 2480 ulti·

473 2542 666 2598 mum,
720 2526 782 2583 in
823 2523 983 2600 quod
1017 2525 1302 2583 interiora
1361 2522 1640 2581 desinunt
1686 2529 1752 2582 et
1791 2525 1859 2591 iu
1911 2540 2030 2600 quo
2083 2541 2158 2582 ea
2201 2522 2384 2582 simul
2432 2526 2580 2597 sunt,

276 2608 436 2700 [6181
478 2632 540 2686 et
579 2642 691 2703 per
730 2625 978 2684 arbores
1013 2624 1381 2700 cognitiones
1423 2630 1484 2693 et
1521 2625 1967 2701 perceptiones3
2024 2641 2179 2700 quae
2218 2625 2419 2682 omnia
2454 2624 2588 2700 quia

476 2743 769 2802 perversa
804 2726 1046 2784 fuerunt
1082 2731 1144 2784 et
1178 2724 1312 2784 ideo
1361 2724 1673 2803 damnata,
1729 2723 1946 2783 dicitur
1988 2724 2147 2802 quod
2190 2740 2488 2802 percussa
2531 2728 2589 2782 et

475 2827 811 2897 confracta,
862 2843 974 2902 per
1025 2843 1179 2900 quae
1231 2824 1602 2901 significatur
1649 2826 1891 2884 exitium
1944 2833 2003 2884 et
2044 2825 2380 2900 damnati03
2435 2819 2587 2900 quod
2676 2872 2677 2875 η

476 2941 552 2984 ex
586 2924 755 2984 salsis
795 2925 937 2983 mali
971 2942 1128 3000 quae
1170 2943 1244 2986 ex
1280 2942 1483 2986 amore
1520 2924 1755 2999 mundi,
1811 2925 2179 3002 significatur
2211 2942 2325 3002 per
2350 2924 2586 3002 pluvias
2676 2946 2677 2949 ¹

477 3041 684 3084 eorum
718 3023 1095 3101 grandinem,
1148 3027 1347 3101 ignem
1380 3026 1752 3086 flammarum
1785 3028 1847 3085 in
1881 3032 2042 3085 terra
2082 3043 2304 3099 eorum,
2342 3024 2580 3102 pluviae

477 3131 545 3184 ut
577 3124 802 3201 grando
840 3124 1175 3200 significant
1207 3124 1363 3184 falsa
1398 3127 1568 3198 mali,
1625 3133 1684 3186 et
1715 3128 1872 3204 ignis
1898 3127 2270 3185 flammarum
2299 3123 2583 3203 significat

479 3242 743 3285 amorem
779 3224 1000 3284 mundi.
1080 3224 1262 3307 Apud
1295 3226 1535 3286 Nahum
1596 3269 1636 3301 „
1658 3225 1892 3288 Omnia
1937 3226 2335 3287 munimenta
2371 3230 2489 3286 tua
2519 3227 2580 3285 ut
2676 3208 2677 3283 J

468 3327 639 3408 ficus
668 3344 809 3388 cum
836 3325 1197 3406 primitiis,
1251 3345 1410 3406 quae
1443 3326 1507 3387 si
1543 3332 2028 3403 commoventur,
2072 3325 2380 3388 decidunt
2405 3342 2579 3405 super

477 3447 550 3488 οε
588 3426 1013 3489 comedenti8“
1048 3427 1161 3488 111:
1208 3431 1290 3488 12
1310 3447 1327 3504 ;
1364 3427 1517 3489 haec
1553 3427 1628 3486 de
1665 3428 1816 3487 urbe
1851 3430 2231 3506 sanguinum,
2268 3444 2380 3505 per
2418 3441 2578 3504 quam

469 3529 845 3606 'significatur
880 3529 1148 3589 doctrina
1181 3531 1243 3588 in
1278 3546 1399 3605 qua
1425 3545 1572 3588 vera
1604 3526 1924 3588 falsificata
1961 3537 2024 3589 et
2061 3529 2222 3588 bona
2257 3527 2576 3587 adulterata

480 3636 652 3707 sunt3
703 3630 858 3690 haec
895 3622 1542 3707 comparatur'ficubus
1591 3646 1726 3689 cum
1777 3631 2090 3705 primitiis„
2144 3646 2300 3705 quae
2338 3630 2393 3688 si
2434 3642 2576 3688 com-

478 3738 828 3800 moventur,
865 3729 1147 3791 decidunt
1185 3748 1371 3807 super
1406 3747 1473 3790 os
1513 3729 1912 3806 comedentis,
1966 3736 2028 3790 et
2068 3747 2181 3807 per
2213 3729 2333 3788 hoc
2367 3724 2574 3805 signifl⁶

483 3837 680 3905 catur,
709 3884 712 3887 .
742 3830 902 3908 quod
933 3830 1095 3891 bona
1142 3831 1224 3890 ibi
1275 3849 1393 3890 non
1430 3832 1591 3891 bona
1631 3831 1780 3906 sint,
1843 3837 2146 3907 utcunque
2185 3835 2485 3907 apparent
2524 3827 2573 3883 ut

479 3930 657 4003 bona,
705 3940 766 3990 et
801 3929 962 4005 quod
994 3948 1114 3989 non
1148 3932 1547 4006 recipiantur,
1614 3937 1674 3991 et
1711 3932 1766 3990 si
1803 3933 2172 4008 recipiuntur
2205 3930 2403 3989 solum
2436 3927 2568 3988 reci·

478 4030 719 4102 piantur
763 4030 1049 4086 memoria
1097 4036 1159 4086 et
1192 4046 1309 4087 non
1359 4031 1569 4108 corde;
1634 4030 1794 4107 quod
1832 4031 2111 4090 decidant
2152 4030 2291 4089 dum
2329 4044 2567 4089 commo·

480 4130 712 4197 ventur,
765 4125 1059 4199 significat
1092 4127 1252 4200 quod
1287 4145 1406 4187 non
1440 4130 1599 4189 bona
1637 4134 1757 4190 sint
1785 4135 2026 4192 tametsi
2061 4136 2354 4209 apparent
2379 4136 2447 4189 ut
2477 4129 2565 4188 bo·

479 4233 583 4283 na,
637 4223 778 4290 quia
825 4227 965 4280 sunt
1010 4225 1336 4301 primitiae3
1395 4235 1455 4286 et
1502 4246 1687 4306 super
1723 4248 1791 4292 os
1844 4232 2241 4303 comedentis,
2295 4227 2568 4309 significat
