2791 4778
394 370 627 426 CAPUT
670 370 1012 437 QUINTUM.
1717 370 1927 426 VERS:
1971 381 2027 432 2.
2073 382 2125 433 3.
2284 382 2352 434 13

226 550 419 610 supra
471 550 540 590 n:
585 532 749 599 257,
798 533 883 589 ita
917 546 1154 606 quoque
1190 545 1473 605 prorem,
1527 531 1666 606 quia
1700 530 1812 589 hoc
1850 538 1943 589 est
1978 531 2157 607 plene
2195 539 2259 592 et
2295 535 2356 591 in

227 639 439 692 totum.

394 733 552 790 301.
610 730 787 790 Vers:
832 733 894 789 2.
934 731 992 790 3.
1044 728 1141 789 Et
1174 726 1317 788 vidi
1353 725 1674 809 Angelum
1696 728 1939 810 sortem
1967 728 2358 810 praedican-

222 839 356 892 tem
380 849 522 892 voce
561 848 831 909 mayna,
869 829 1014 907 quic
1051 833 1146 888 est
1188 825 1263 888 di
1261 847 1432 908 ymas
1465 828 1713 907 aperire
1753 826 1985 891 librum
2025 835 2085 890 et
2123 826 2360 893 solvere

225 928 466 1012 eiyilla
510 930 664 1013 ιῇιιε.
759 929 856 990 Et
902 946 1079 989 nemo
1122 927 1340 1007 potuit
1398 928 1468 988 in
1506 925 1721 1003 Coelo,
1771 947 1881 990 nec
1929 949 2121 1010 super
2164 934 2354 1003 tem-a,

223 1050 423 1111 neque
475 1032 590 1092 sub
647 1034 851 1107 terra,
919 1027 1167 1107 aperire
1229 1024 1463 1088 librum
1509 1046 1619 1088 nec
1657 1027 1964 1108 inspicere
2026 1048 2187 1091 eam.
2283 1031 2360 1089 Ε(

223 1132 357 1194 vidi
392 1126 685 1208 Angelum
722 1131 935 1189 sortem
969 1127 1415 1205 praedicantem
1451 1144 1600 1188 voce
1637 1146 1886 1206 magna,
1926 1129 2226 1206 significat
2259 1131 2358 1189 in-

225 1230 457 1290 fluxum
491 1230 733 1289 Domini
766 1232 827 1288 in
866 1227 1142 1288 coelum:
1200 1230 1331 1304 quis
1371 1234 1464 1286 est
1501 1228 1715 1305 dignus
1755 1231 1990 1305 aperire
2043 1230 2261 1289 librum
2299 1237 2361 1290 et

229 1331 474 1391 solvere
511 1330 708 1406 sigilla
744 1330 909 1406 ejus,
965 1328 1261 1417 signifieat
1294 1344 1434 1385 num
1459 1327 1630 1386 'ullus
1667 1327 1752 1386 ibi
1787 1329 1922 1388 talis
1961 1335 2070 1399 est,
2108 1335 2173 1388 ut
2207 1331 2361 1390 sciat

228 1436 294 1490 et
328 1432 626 1507 percipiat
686 1435 878 1488 status
928 1430 1090 1491 vitae
1129 1429 1429 1487 omnium:
1486 1433 1546 1487 et
1580 1444 1755 1487 nemo
1805 1431 2001 1505 potuit
2049 1431 2111 1487 in
2147 1427 2356 1505 Coele,

231 1547 353 1589 nec
392 1546 575 1606 super
609 1535 801 1598 terra,
852 1544 1047 1604 neque
1100 1527 1212 1587 sub
1247 1534 1437 1602 terra,
1494 1529 1730 1603 aperire
1765 1528 1980 1586 librum
2018 1545 2128 1588 nec
2161 1530 2356 1605 inspi-

233 1645 380 1688 cere
419 1646 571 1703 eum,
610 1629 903 1704 significat
936 1629 1474 1687 manifestationem
1511 1626 1671 1703 quod
1705 1646 1779 1688 ne
1807 1628 1994 1687 hilum
2024 1627 2242 1705 aliquis
2284 1629 2360 1687 de

234 1736 406 1788 statu
441 1731 602 1788 vitae
644 1731 901 1788 omnium
949 1730 1008 1786 10
1054 1728 1347 1788 communi
1400 1733 1458 1785 et
1504 1728 1868 1804 singulorum
1914 1730 1977 1787 in
2010 1728 2361 1804 particulari

235 1847 314 1888 ex
349 1846 420 1889 se
461 1831 614 1888 sciat
652 1834 712 1888 et
746 1829 1060 1905 percipiat.

400 1932 558 1988 302.
613 1929 689 1986 Et
715 1929 836 1988 vidi
864 1927 1162 2004 Angelum
1199 1927 1412 1985 fortem
1446 1926 1893 2001 praedicantem
1929 1945 2078 1991 voce
2116 1945 2359 2004 magna,

238 2030 401 2107 quod
452 2028 747 2105 significet
799 2029 1270 2105 explorationem
1326 2043 1402 2084 ex
1449 2025 1674 2085 influxu
1709 2027 1951 2086 Domini
1994 2030 2054 2086 in
2093 2027 2360 2101 Ocelum,

235 2135 471 2190 constat
523 2146 597 2187 ex
634 2128 1063 2205 significatione
1101 2121 1317 2203 Angcli
1365 2126 1566 2198 forde,
1626 2126 1784 2203 quod
1833 2129 1911 2186 sit
1952 2126 2229 2201 Coelum,
2286 2126 2360 2186 de

237 2248 359 2306 qua
394 2230 694 2304 sequitur-3
751 2235 812 2287 et
869 2246 943 2287 ex
1004 2226 1441 2302 significatione
1505 2227 1858 2300 praedicare
1926 2245 2100 2299 voce,
2123 2244 2357 2305 magna,

239 2329 402 2407 quod
439 2332 516 2388 sit
552 2328 883 2405 exploratio
923 2346 995 2387 ex
1030 2327 1257 2385 influxu
1291 2325 1558 2401 Domini,
1600 2326 1930 2403 exploratio
1966 2343 2183 2405 nempe
2220 2345 2362 2385 num

241 2431 460 2505 aliquis
497 2431 649 2487 scire
684 2431 876 2505 possit
910 2435 1103 2488 status
1133 2429 1292 2487 vitae
1330 2428 1590 2485 omnium
1626 2429 1688 2484 in
1716 2426 1884 2485 coelo
1924 2432 1984 2486 et
2017 2429 2271 2486 interra
2305 2429 2368 2485 in

244 2530 537 2588 communi
577 2534 637 2586 et
669 2530 730 2584 in
765 2528 1132 2603 particulari,
1174 2544 1310 2585 nam
1347 2526 1421 2585 de
1452 2542 1526 2585 ea
1550 2543 1617 2585 re
1651 2526 1749 2584 hic
1788 2528 2000 2603 agitur3
2037 2526 2151 2586 hoc
2178 2527 2365 2602 signi-

241 2627 456 2687 ficatur
483 2645 593 2702 per
616 2626 985 2702 praedicare,
1021 2643 1091 2686 ac
1124 2626 1380 2685 influxus
1412 2627 1656 2685 Domini
1681 2643 1794 2702 per
1821 2641 2032 2685 vocem
2067 2643 2364 2703 magnam3

241 2744 359 2805 per
396 2743 603 2786 vocem
639 2729 822 2796 enim,
876 2744 1007 2785 cum
1055 2726 1126 2784 de
1164 2726 1454 2800 Domino,
1511 2725 1879 2803 significatur
1929 2742 2102 2785 omne
2137 2725 2366 2786 Verum

240 2826 467 2900 Verbi,
508 2826 814 2885 doctrinae
852 2832 912 2886 et
945 2825 1083 2886 fidei
1118 2825 1192 2884 ab
1228 2826 1404 2902 Ipso3
1462 2832 1522 2885 et
1559 2843 1691 2888 cum
1729 2826 1802 2885 (16
1833 2824 2015 2894 Coelo
2053 2832 2113 2886 et
2144 2826 2359 2886 Eccle-

236 2930 363 2998 sia,
421 2930 607 2986 omnis
647 2929 926 3003 cogitatio
965 2934 1025 2986 et
1060 2926 1295 2984 affectio
1331 2926 1489 2999 inde,
1530 2932 1590 2984 et
1625 2928 1766 3002 quia
1800 2941 1991 2996 omne,
2028 2925 2188 3002 quod
2229 2926 2358 2985 An-

240 3028 365 3106 geli
401 3030 458 3086 in
499 3026 711 3097 Coelo,
750 3033 811 3086 et
844 3027 1113 3085 homines
1149 3028 1209 3084 in
1245 3025 1464 3101 quibus
1503 3032 1595 3084 est
1628 3025 1930 3101 Ecclesia,
1970 3026 2132 3101 quod
2156 3042 2364 3085 verum

241 3134 307 3188 et
340 3126 561 3186 bonum
598 3133 720 3200 est,
778 3128 1041 3203 cogitant
1078 3131 1137 3184 et
1175 3142 1291 3201 quo
1328 3124 1685 3199 afficiuntur,
1743 3132 1944 3184 est-ex
1978 3126 2205 3185 influxu
2230 3124 2362 3185 Do-
2403 3130 2564 3192 [351]

236 3228 415 3301 mini,
455 3226 588 3285 ideo
625 3228 675 3284 is
713 3243 825 3303 per
851 3242 1062 3285 vocem
1099 3242 1372 3301 magnam
1408 3225 1504 3283 hic
1533 3225 1926 3301 significatur3
1964 3231 2168 3284 notum
2205 3227 2363 3285 enim

238 3333 365 3401 est,
406 3326 563 3402 quod
598 3342 773 3384 nemo
808 3327 1002 3401 possit
1038 3342 1113 3383 ex
1142 3327 1342 3383 amore
1379 3324 1518 3383 boni
1548 3324 1699 3383 affici
1726 3324 1912 3398 bone,
1956 3329 2017 3383 et
2053 3342 2126 3385 ex
2161 3341 2364 3383 amore
2435 3331 2450 3347 ’

239 3429 374 3485 veri
409 3428 674 3502 cogitare
709 3442 916 3483 verum
969 3442 1044 3483 ex
1080 3440 1178 3499 se,
1235 3423 1344 3482 sed
1380 3424 1538 3499 quod
1584 3423 1646 3481 id
1681 3425 1888 3482 influat
1935 3440 1968 3481 e
2005 3423 2203 3494 coelo,
2251 3422 2366 3482 hoc

242 3531 367 3601 est,
422 3542 535 3602 per
571 3524 806 3584 coelum
845 3542 881 3582 a
915 3525 1202 3596 Domino,
1258 3530 1317 3581 et
1354 3524 1493 3599 quia
1537 3525 1622 3582 ita
1658 3529 1783 3593 est,
1833 3539 1945 3600 per
1989 3538 2198 3580 vocem
2233 3540 2365 3580 ma-

239 3642 418 3701 gnam
455 3624 827 3702 significatur
862 3623 1121 3682 influxus
1156 3622 1431 3681 Domini:
1471 3622 1630 3699 quod
1665 3622 1803 3681 Vox
1837 3623 1898 3679 in
1933 3620 2137 3679 Verbo
2173 3623 2365 3697 signi-

239 3723 384 3782 ficet
416 3742 624 3782 verum
659 3723 880 3792 Verbi,
918 3722 1220 3781 doctrinae
1259 3728 1319 3780 et
1349 3721 1524 3794 fidei,
1581 3729 1702 3779 tum
1743 3737 1914 3781 omne
1951 3723 2367 3781 annuntiatum

248 3838 326 3879 ex
351 3822 572 3897 Verbo,
607 3823 887 3881 videatur
920 3838 1105 3897 supra
1139 3840 1208 3879 n:
1243 3823 1406 3896 261,
1448 3827 1508 3880 6(
1542 3822 1603 3878 10
1639 3821 1913 3882 ΑιιοΑΝιε
1953 3818 2366 3882 Connsssmus

245 3938 317 3977 n:
354 3922 566 3980 3563.
606 3923 816 3979 6971.
861 3922 1074 3981 8813.
1114 3923 1337 3979 9926:
1380 3927 1440 3980 6(
1476 3919 1633 3997 quod
1668 3920 1961 3997 significet
1995 3920 2397 3982 affectionem⁴

243 4020 374 4079 veri
420 4024 480 4077 6(
525 4018 667 4078 boni
713 4022 1095 4094 interiorem,
1162 4026 1224 4080 6(
1282 4018 1421 4079 inde
1459 4020 1906 4097 cogitationem,
1974 4038 2060 4080 nt·
2105 4023 2369 4082 10454.

244 4117 427 4195 Quod
460 4111 731 4195 Angelus
781 4119 953 4178 fortis
1003 4119 1300 4196 significet
1350 4119 1617 4194 coelum,
1675 4125 1770 4179 est
1820 4122 1962 4197 quia
2010 4119 2370 4180 Universum

240 4218 489 4279 Coelum
529 4218 884 4296 Angelicum
932 4236 1132 4280 coram
1176 4220 1435 4279 Domino
1485 4215 1577 4279 est
1626 4221 1782 4279 sicut
1829 4235 1984 4277 unus
2020 4217 2215 4277 Homo
2263 4223 2367 4276 aut
