2791 4778
366 330 602 386 CAPUT
641 331 950 389 SEXTUM.
1707 333 1918 389 VERS:
1967 344 2056 393 13.
2215 345 2325 397 409

227 491 528 552 adducens
592 510 783 571 cuper
845 509 956 552 voe
1015 498 1284 573 yentem-
1316 514 1349 552 e
1409 492 1749 573 lonqinquo
1766 538 1785 568 ,
1859 512 2017 572 quae
2056 492 2328 575 comedet

224 610 468 653 messem
511 596 695 653 tuam
709 638 724 666 ,
764 598 824 651 et
846 609 1083 671 panem
1118 600 1329 669 tuum,
1368 593 1640 655 comedet
1661 590 1847 675 filios
1883 597 2027 654 tuoe
2062 597 2122 652 et
2136 590 2326 674 filiae

224 698 357 753 tuas
374 738 393 768 ‚
458 691 736 753 comedet
773 711 1030 772 yreqem
1072 701 1252 755 tuum
1296 700 1357 754 et
1409 699 1764 755 amentum
1804 700 2005 769 tuum,
2055 692 2328 754 comedet

215 785 392 853 'vitem
418 797 604 854 tuam
629 793 900 873 etflcum
927 797 1107 854 tuam
1118 798 1152 827 “
1179 794 1256 853 V:
1287 784 1348 883 [1
1370 784 1457 882 5.]
1496 799 1525 853 1
1548 800 1606 871 75
1633 801 2009 872 pergentem
2036 812 2067 853 e
2092 793 2324 870 longin-

224 882 321 970 quo
375 894 751 971 significatur
784 893 1006 951 malum
1051 898 1393 973 oppositum
1431 896 1588 955 bono
1627 895 1902 970 coelesti,
1955 912 2066 972 per
2120 912 2152 952 e
2188 892 2321 952 lon-

222 996 423 1072 ginquo
459 994 838 1071 significatur
876 993 1107 1053 distans
1144 1012 1215 1056 ac
1262 1003 1558 1055 remotum
1609 1014 1646 1053 a
1689 996 1860 1054 bonis
1898 1001 1958 1054 et
1998 996 2193 1063 veriS‚
2249 1012 2320 1054 ac

218 1097 576 1171 oppositum3
661 1110 814 1170 quae
876 1095 1148 1156 comedet
1203 1112 1463 1156 messem
1523 1103 1685 1156 tuam
1749 1102 1810 1154 et
1856 1113 2075 1173 panem
2135 1102 2321 1171 tuum,

220 1194 497 1272 significat
548 1194 709 1272 quod
758 1195 1031 1255 destruet
1066 1199 1262 1256 omnia
1295 1214 1442 1256 vera
1486 1203 1547 1256 et
1588 1197 1746 1256 bona
1783 1213 1895 1272 per
1937 1214 2094 1278 quae
2128 1198 2321 1254 nutri-

217 1298 283 1355 tio
317 1295 659 1372 spiritualis
671 1315 688 1370 ;
745 1312 898 1370 quae
938 1296 1212 1357 comedet
1244 1297 1401 1357 filios
1438 1305 1572 1355 tuos
1618 1304 1676 1355 et
1710 1297 1863 1355 filias
1897 1303 2052 1370 tuas,
2092 1297 2319 1372 signifi-

216 1403 297 1454 cat
324 1413 531 1455 omnes
584 1395 931 1454 affectiones
977 1400 1106 1456 veri
1143 1404 1204 1456 et
1236 1398 1377 1456 boni
1414 1398 1756 1475 spirituales
1770 1417 1786 1472 3
1843 1414 2000 1474 quae
2051 1396 2325 1455 comedet

215 1513 434 1573 gregem
478 1502 654 1554 tuum
694 1503 753 1553 et
788 1502 1121 1556 armentum
1162 1506 1357 1572 tuum,
1412 1498 1708 1575 signifieat
1743 1515 1888 1559 vera
1939 1502 1999 1556 et
2030 1496 2188 1554 bona
2224 1500 2319 1554 in·-

215 1603 367 1655 terna
404 1604 465 1657 et
502 1605 756 1655 externa
770 1617 786 1669 ;
845 1614 1001 1672 quae
1038 1598 1313 1659 comedet
1363 1602 1546 1658 vitem
1593 1605 1757 1658 tuam
1804 1604 1864 1657 et
1911 1598 2088 1656 ficum
2134 1603 2318 1669 tuam,

214 1696 498 1773 significat
566 1700 654 1755 sic
706 1697 1017 1759 Ecclesiae
1071 1702 1368 1758 internum
1423 1708 1483 1759 et
1531 1706 1859 1760 externum.
1949 1696 2131 1774 Apud
2188 1696 2320 1755 Ho-

212 1798 434 1857 scheam
475 1795 714 1871 „Siout
749 1817 909 1858 uva-9
959 1798 1030 1859 in
1069 1796 1311 1860 deserto
1338 1799 1552 1862 inveni
1577 1797 1914 1873 Israelem,
1972 1798 2142 1859 sieut
2170 1797 2314 1877 pri-⁶

212 1897 488 1959 mitivum
531 1898 606 1958 ‘in
656 1899 790 1977 ficu
845 1898 914 1959 in
962 1900 1151 1961 initio
1198 1898 1339 1961 vidi
1381 1907 1608 1981 patres
1659 1908 1899 1962 vestros
1921 1902 1958 1934 “
2013 1899 2135 1958 IX:
2198 1901 2318 1973 10;

212 2014 309 2072 per
343 1998 635 2058 Israelem
692 2007 751 2058 et
791 2018 901 2077 per
948 2001 1154 2077 p‘atres
1202 2001 1286 2061 ibi
1328 2019 1446 2060 non
1487 2002 1897 2077 intelliguntur
1942 2007 2150 2075 patres
2202 2002 2313 2057 tri-

211 2096 382 2158 buum
417 2117 490 2158 ex
529 2099 668 2159 filiis
707 2099 954 2176 Jacobi,
1011 2101 1120 2161 scd
1157 2104 1257 2177 qui
1307 2101 1382 2159 ab
1433 2101 1698 2177 Antiqua
1729 2100 2002 2159 Ecclesia
2052 2099 2315 2172 suerunt,

214 2201 344 2273 quia
378 2200 465 2260 illi
498 2203 563 2259 in
586 2201 763 2274 bono,
804 2202 1077 2260 videatur
1103 2204 1164 2261 in
1209 2202 1486 2262 Aacmrs
1525 2200 1944 2261 Couzs'rmus
1993 2218 2061 2258 n:
2107 2198 2316 2257 6050.

221 2300 421 2358 6075.
455 2302 662 2361 6846.
710 2304 920 2360 6876.
969 2304 1179 2361 6884.
1228 2304 1438 2361 7649.
1484 2303 1706 2377 8055;
1766 2302 1907 2377 quia
1941 2298 2030 2358 illi
2063 2301 2123 2357 in
2157 2297 2316 2356 bono

223 2398 482 2476 fuerunt,
536 2405 700 2462 attin
747 2404 1041 2481 principio
1093 2406 1153 2461 in
1188 2406 1533 2481 ignorantia
1577 2404 1706 2463 veri
1753 2420 1864 2479 per
1906 2401 2067 2478 quod
2119 2408 2317 2457 tamen

217 2497 461 2578 bonum3
499 2502 722 2563 ,dicitur
769 2505 926 2563 sicut
976 2521 1123 2563 uvas
1160 2507 1220 2563 in
1257 2504 1497 2564 deserto
1549 2506 1749 2563 inveni
1782 2501 2107 2574 Israelem3
2165 2503 2321 2560 sicut

212 2597 364 2660 ficus
404 2604 462 2661 in
512 2606 679 2664 initio
733 2605 853 2663 vidi
905 2614 1112 2681 patres
1161 2611 1435 2676 vesti-08,
1501 2624 1652 2663 uvae
1712 2602 2044 2680 significant
2097 2601 2319 2660 bonum

149 2721 166 2735 ³
211 2702 544 2778 spirituale,
600 2705 905 2764 desertum
954 2706 1249 2782 significat
1294 2707 1693 2781 ignorantiam
1732 2704 1895 2777 veri,'
1952 2703 2319 2780 primitivum

207 2803 261 2858 iu
301 2802 412 2865 ficu
440 2791 740 2882 significat
774 2805 993 2865 bonum
1030 2806 1303 2866 naturale
1335 2824 1410 2865 ex
1436 2806 1594 2865 bono
1622 2804 1919 2881 spirituali
1953 2806 2012 2861 in
2047 2803 2314 2862 infantia.

209 2902 373 2979 Apud
418 2906 650 2964 Lucam
709 2950 746 2981 „
762 2905 1037 2982 Quando
1102 2905 1255 2967 haee
1321 2905 1534 2967 omnia
1586 2904 1903 2985 incipiunt
1947 2903 2134 2986 fieri,
2202 2923 2316 2965 su-

208 3003 419 3081 spic-ite
467 3013 532 3067 et
574 3003 778 3069 tollite
816 3007 1035 3086 capita
1073 3015 1322 3069 vestra.-
1375 3014 1436 3069 et
1475 3006 1655 3068 dimit
1684 3003 2102 3086 parabolam,
2172 3024 2315 3085 spe-

208 3107 355 3165 atate
391 3107 601 3187 ficum
653 3114 716 3168 et
768 3126 978 3168 omne-9
1018 3108 1272 3169 arbores
1286 3153 1304 3178 ,
1381 3107 1634 3187 quando
1675 3106 2111 3186 promam-int
2150 3105 2314 3190 jam,

205 3203 469 3268 videntes
511 3227 556 3268 a
590 3207 888 3269 vobismet
913 3208 1084 3288 ipsis
1107 3207 1495 3288 coquo-scetis
1533 3206 1702 3288 quod
1711 3208 1860 3290 jam
1876 3225 2077 3287 prope
2100 3212 2315 3267 aestas

205 3302 311 3381 eit,
356 3309 452 3370 sic
492 3313 557 3368 et
607 3327 717 3368 vos
756 3308 1008 3386 quando
1045 3307 1344 3370 videritis
1381 3307 1496 3369 hoe
1515 3307 1696 3389 fieri,
1751 3306 2101 3386 coquosoite
2146 3305 2315 3384 quod

198 3422 376 3485 prope
426 3409 522 3470 sit
565 3426 833 3489 reynum
882 3408 1065 3469 De2·“
1128 3409 1315 3469 XXI:
1378 3412 1490 3468 28.
1555 3411 1665 3466 29.
1722 3409 1835 3466 30.
1888 3408 1999 3466 31.
2085 3405 2310 3463 Matth:

204 3501 436 3569 XXIV:
496 3513 610 3568 22.
665 3510 862 3568 Marc:
915 3509 1105 3569 XIII:
1160 3511 1271 3569 28.
1316 3510 1442 3585 293
1515 3510 1710 3583 agitur
1766 3505 1849 3564 ibi
1903 3504 1976 3563 de
2032 3520 2312 3563 consum-

205 3610 447 3668 matione
502 3610 786 3683 saeculis
818 3627 971 3685 quae
1014 3617 1106 3669 est
1143 3609 1414 3670 ultimum
1450 3607 1788 3674 Judicium,
1843 3609 1904 3664 et
1954 3620 2312 3663 enumeran-

202 3710 285 3764 tur
325 3711 501 3786 signa
549 3727 705 3787 quae
766 3710 1168 3786 praecedunt,
1243 3727 1399 3787 quae
1457 3706 1865 3783 intelliguntur
1911 3722 2022 3782 per
2075 3703 2313 3780 quando

201 3801 339 3866 haec
374 3814 574 3881 omnia
608 3811 900 3888 incipiunt
932 3810 1091 3885 fieri3
1150 3809 1309 3887 quod
1356 3826 1516 3871 nova
1549 3807 1824 3867 Ecclesia
1869 3812 2010 3864 tunc
2062 3805 2310 3863 inchoa-

203 3908 351 3983 tura,
426 3928 583 3988 quae
652 3912 712 3970 in
764 3913 933 3970 initio
984 3917 1231 3970 externa
1279 3912 1422 3983 crit,
1478 3908 1844 3986 significatur
1890 3923 2000 3984 per
2041 3909 2313 3981 spectate

202 4002 366 4067 ficum
402 4019 464 4070 et
500 4027 708 4072 omnes
744 4010 990 4071 arbores
1029 4028 1166 4071 cum
1198 4012 1626 4088 protruserint3
1678 4009 1831 4067 haec
1868 4005 2160 4084 parabola
2203 4021 2321 4066 seu¹

203 4105 512 4171 similitudo
558 4112 719 4172 dicta
766 4117 890 4182 est,
966 4113 1107 4187 quia
1169 4111 1320 4171 ficus
1371 4109 1670 4187 significat
1727 4107 2063 4168 Ecclesiam
2112 4113 2314 4167 exter-

203 4218 356 4283 nam,
414 4219 471 4272 et
497 4212 744 4274 arbores
782 4210 1121 4288 significant
1159 4212 1526 4288 cognitiones
1566 4212 1692 4270 veri
1731 4216 1792 4269 et
1822 4208 1963 4268 boni
1983 4229 1998 4284 3
2043 4191 2349 4286 Regnum·
