2791 4778
358 350 579 408 CAPUT
625 349 945 407 SEXTUM.
1739 349 1949 407 VERS=
1994 359 2047 413 8.
2203 362 2310 414 331

224 512 403 575 ramis
428 518 806 592 pepererunt
858 509 1066 572 omnia
1094 510 1249 592 fera
1294 509 1484 591 aym}
1549 515 1612 570 et
1648 510 1720 572 in
1753 511 1976 573 umbra
2021 509 2158 593 ejus
2192 510 2311 572 ha·

221 614 477 675 bitarunt
524 632 739 673 omnes
776 618 993 692 yentes
1027 631 1338 692 magnae:
1392 611 1600 673 omnio
1639 613 1825 673 arbor
1858 611 1930 674 in
1962 611 2140 673 horto
2175 610 2316 673 Dei

226 734 333 775 non
366 733 494 793 par
534 714 680 794 suit
727 710 837 774 illi
881 713 951 773 in
988 710 1518 792 pulchritudine“
1577 714 1829 773 XXXI:
1886 717 1921 771 2
1966 713 2042 771 ad
2081 714 2149 789 93
2204 731 2315 789 per

217 815 568 875 Pharaonem
631 822 692 874 et
746 815 1089 891 Aegyptum
1146 814 1243 872 hic
1297 814 1667 890 significatur
1715 813 2106 873 scientificum
2155 812 2315 887 quod

218 916 484 975 naturalis
544 916 831 987 hominis,
889 922 947 974 et
996 932 1111 991 per
1157 913 1493 974 Aschurem
1544 915 1833 974 rationale
1880 916 1977 974 cui
2015 913 2311 973 scientifi-

217 1033 329 1075 cum
359 1019 641 1091 inservit3
696 1016 876 1092 hujus
914 1017 1248 1074 crescentia
1299 1033 1413 1091 per
1449 1033 1594 1077 vera
1634 1016 1964 1076 scientifica
2008 1021 2067 1072 et
2102 1016 2308 1090 cogni-

213 1120 380 1176 tiones
438 1117 797 1175 describitur
843 1134 954 1192 per
1006 1116 1251 1175 cedrum
1297 1118 1358 1174 in
1412 1116 1675 1190 Libano,
1740 1133 1851 1192 per
1906 1132 2082 1192 quam
2133 1117 2313 1175 etiam

212 1217 482 1277 rationale
541 1217 936 1293 significatur:
1003 1234 1115 1293 per
1160 1233 1350 1292 aquas
1413 1235 1568 1293 quae
1618 1233 1890 1276 creseere
1940 1216 2106 1274 illam
2141 1216 2307 1275 fece·

210 1325 332 1376 runt
382 1317 795 1395 significantur
843 1335 1023 1392 vera3
1114 1324 1174 1377 et
1236 1334 1347 1394 per
1402 1335 1603 1377 ramos
1667 1317 2034 1393 significatur
2096 1324 2310 1375 exten-

211 1421 313 1493 sio,
365 1419 567 1495 qualis
607 1426 700 1478 est
743 1420 1122 1495 cogitationis
1169 1418 1482 1476 rationalis
1525 1418 1779 1476 hominis
1793 1438 1809 1493 3
1865 1417 2000 1476 inde
2038 1423 2313 1476 constare

209 1527 385 1596 potest
425 1519 574 1595 quid
609 1519 978 1596 significatur
1021 1537 1132 1595 per
1171 1519 1330 1595 quod
1364 1521 1427 1576 in
1472 1520 1654 1577 ramis
1700 1519 1832 1594 ejus
1881 1516 2314 1576 nidificaverint

210 1637 393 1680 omnes
437 1636 588 1678 aves
632 1619 960 1691 coelorum,
1018 1620 1129 1677 sub
1171 1621 1352 1677 ramis
1392 1620 1523 1695 ejus
1571 1621 1917 1696 pepererint
1953 1619 2141 1677 omnis
2183 1617 2313 1675 fera

210 1725 345 1797 agri,
418 1728 482 1779 et
530 1723 589 1778 in
631 1720 839 1778 umbra
890 1721 1019 1796 ejus
1075 1719 1478 1779 habitaverint
1525 1737 1730 1778 omnes
1778 1729 1988 1795 gentes
2041 1734 2312 1794 magnae,

209 1822 351 1898 quod
385 1838 609 1897 nempe
646 1838 791 1880 vera
827 1820 1140 1879 rationalia
1182 1828 1243 1878 et
1289 1821 1626 1896 spiritualia
1663 1823 1850 1879 omnis
1888 1821 2156 1897 generiS,
2215 1818 2307 1876 as-

156 1952 169 1965 ·
205 1923 479 1983 sectiones
516 1924 668 1994 veri,
712 1929 770 1979 et
804 1920 990 1996 bona3
1044 1938 1155 1996 per
1180 1937 1325 1979 aves
1364 1923 1522 1979 enim
1558 1922 1858 1980 coelorum
1898 1920 2309 1995 significantur

207 2039 336 2081 vera
387 2021 710 2081 rationalia
748 2028 807 2080 et
851 2021 1185 2098 spiritualia
1236 2024 1425 2081 omnis
1462 2024 1731 2098 generis3
1787 2039 1897 2096 per
1932 2021 2119 2079 feram
2163 2020 2311 2078 affe-

207 2126 422 2182 ctiones
467 2125 631 2193 veri,
702 2140 812 2197 per
865 2139 1077 2198 parere
1134 2122 1501 2198 significatur
1557 2121 1987 2196 multiplicare,
2043 2137 2113 2178 ex
2162 2120 2310 2179 afse·

205 2223 489 2283 ctionibus
530 2224 682 2282 enim
719 2225 847 2281 veri
895 2222 960 2280 fit
1012 2224 1200 2282 omnis
1239 2234 1449 2298 partus
1501 2219 1832 2297 spiritualis
1875 2237 1983 2278 sen
2019 2219 2310 2295 multipli-

205 2328 382 2395 catio,
435 2331 494 2383 et
545 2341 654 2401 per
707 2331 919 2400 gentes
960 2340 1208 2401 magnas
1257 2322 1665 2401 significantur
1711 2321 1868 2379 bona
1885 2341 1900 2396 3
1957 2319 2116 2396 quod
2167 2336 2311 2380 aves

204 2426 526 2501 significent
550 2428 961 2502 cogitatione8‚
1010 2422 1354 2495 rationalia,
1392 2422 1823 2482 intellectualia
1864 2428 1923 2480 et
1958 2420 2309 2498 spiritualia,

207 2526 294 2582 ita
338 2543 501 2599 vera,
563 2544 696 2585 nam
756 2529 955 2584 omnia
1007 2528 1385 2601 cogitationis
1436 2531 1576 2583 sunt
1626 2524 1723 2582 vel
1783 2541 1930 2582 vera
1984 2519 2085 2581 vel
2138 2521 2308 2594 falsa,

199 2625 471 2687 videatur
523 2646 595 2685 n:
663 2628 826 2686 745.
898 2628 1056 2686 776.
1121 2629 1282 2686 866.
1351 2628 1514 2685 988.
1585 2628 1745 2683 991.
1818 2625 2029 2683 3219.
2102 2624 2313 2682 5149.

207 2731 239 2784 7
252 2730 429 2785 441:
487 2729 642 2805 quod
683 2745 897 2805 parere
934 2727 1227 2804 significet
1276 2726 1675 2803 multiplicare
1712 2743 1858 2783 vera
1906 2730 1965 2783 et
2010 2724 2199 2795 bona,
2254 2730 2313 2781 et

198 2828 444 2903 quodid
481 2831 561 2887 sit
595 2837 804 2906 partus
843 2828 1202 2905 spiritualis,
1251 2846 1322 2886 n:
1368 2830 1581 2888 3860.
1631 2829 1842 2886 3868.
1890 2826 2112 2900 93255
2153 2824 2312 2901 quod

199 2937 400 3004 gentes
444 2930 783 3005 significent
815 2930 951 2988 illos
991 2932 1091 3004 qui
1131 2932 1191 2987 in
1237 2929 1437 3003 bonis,
1495 2934 1556 2986 et
1601 2928 1736 2986 inde
1778 2926 2079 2985 abstracte
2131 2926 2308 3001 bona,

194 3047 259 3087 n:
332 3033 543 3090 1059.
606 3032 813 3089 1159.
878 3032 1088 3088 1258.
1150 3032 1360 3089 1260.
1426 3032 1635 3088 1416.
1705 3029 1909 3087 1849.
1969 3029 2195 3100 6005;
2254 3033 2315 3086 et

195 3145 374 3206 supra
422 3149 492 3189 n:
559 3133 717 3191 175.
772 3132 948 3190 331:
1015 3130 1172 3207 quod
1223 3130 1460 3188 Pharao
1512 3137 1572 3188 et
1622 3130 1939 3206 Aegyptus
1977 3128 2315 3205 significent

198 3234 581 3291 scientificum
634 3236 695 3291 in
750 3239 1001 3308 utroque
1056 3248 1273 3300 sensu,
1342 3231 1499 3289 bono
1555 3238 1615 3288 et
1658 3230 1846 3301 male,
1911 3229 2188 3288 videatur
2241 3247 2309 3286 n:

199 3334 404 3391 1164.
465 3336 678 3394 1165.
743 3335 950 3392 1186.
1010 3335 1220 3390 1462.
1288 3333 1498 3391 5700.
1560 3334 1770 3390 5702.
1826 3331 2037 3388 6015.
2098 3330 2307 3388 6651.
2364 3389 2378 3396 ,

199 3434 405 3491 6679.
452 3436 663 3495 6683.
706 3437 920 3493 6692.
983 3435 1194 3491 7296.
1242 3434 1453 3492 9340.
1493 3434 1717 3491 93913
1777 3436 1836 3489 et
1877 3429 2037 3502 quod
2072 3428 2313 3486 Aschur

196 3533 485 3607 significet
523 3535 815 3594 rationale
861 3537 919 3592 in
957 3540 1211 3609 utroque
1250 3550 1465 3607 sensu,
1516 3552 1586 3590 n:
1649 3533 1807 3589 119.
1878 3529 2095 3586 1186:
2153 3526 2314 3600 quod

192 3634 507 3710 Aegyptus
546 3635 840 3711 significet
889 3651 1093 3692 verum
1146 3634 1563 3707 scientificum,
1621 3637 1680 3689 et
1726 3626 1963 3688 Aschur
1998 3625 2307 3700 rationale,

193 3739 253 3791 et
292 3735 448 3809 quod
484 3753 657 3795 omne
696 3735 987 3794 rationale
1027 3733 1280 3792 hominis
1320 3741 1605 3793 nascatur
1640 3748 1749 3807 per
1785 3726 2143 3801 scientifica,
2199 3742 2309 3785 seu

194 3834 357 3908 quod
387 3836 535 3896 haec
571 3838 902 3896 inserviant
935 3835 1053 3908 illi,
1110 3841 1175 3892 ut
1211 3852 1397 3910 supra
1432 3834 1653 3893 dictum
1693 3839 1811 3904 est,
1853 3834 2129 3887 constare
2166 3833 2306 3905 pot-

194 3941 293 3992 est
331 3951 397 3993 ex
429 3938 524 3996 his
563 3938 727 4015 apud
752 3937 996 4014 Esajam
1035 3933 1165 4009 „In
1201 3934 1307 3994 die
1341 3931 1456 3995 illo
1484 3933 1607 3994 erit
1634 3930 1862 3994 semita
1897 3947 1978 3989 ea:
2014 3929 2312 4010 Aeyypto

189 4032 264 4092 in
298 4034 675 4113 Aachurem,
737 4042 812 4099 ut
846 4037 1059 4098 veniat
1104 4033 1362 4096 Aechur
1407 4033 1478 4095 in
1523 4035 1924 4115 Aegyptum,
1982 4038 2041 4092 et
2089 4030 2310 4111 ..4699-

178 4139 344 4211 ptus
393 4137 462 4198 in
517 4138 873 4201 Aschurem
888 4183 907 4214 ,
1000 4138 1400 4215 serviamque
1458 4133 1733 4196 Jehovae
1797 4131 2108 4213 Aeyyptiz·
2170 4149 2312 4192 cum
2353 4128 2515 4196 [564]

191 4231 512 4301 Aschure:
563 4240 635 4304 in
671 4240 779 4302 die
812 4236 930 4301 illo
954 4238 1076 4301 ενίι
1117 4233 1333 4302 Israel
1370 4234 1548 4298 trina
1580 4235 1876 4316 Aeyypto
1909 4239 1970 4294 et
2008 4231 2310 4305 Aachuri,
