2791 4778
413 366 528 419 256
851 351 1349 411 ArocArLPsrs
1390 351 1829 412 EmecATA.
1900 355 1948 422 ς.
1990 363 2121 415 375.

412 522 490 578 sit
545 518 606 576 in
657 514 830 574 bonis
890 523 953 575 et
1012 517 1175 576 veris
1238 515 1468 574 ultimis
1520 530 1633 574 seu
1689 516 1869 592 primi
1927 512 2181 592 gradus3
2268 512 2422 572 bona
2477 520 2533 575 et

411 634 557 678 vera
602 616 811 701 ultima
874 632 986 676 seu
1048 618 1225 692 primi
1300 614 1523 691 gradus
1585 620 1724 674 sunt
1787 615 1990 691 qualia
2047 616 2421 674 continentur
2478 617 2535 674 in

411 733 599 777 sensu
651 716 864 776 literae
908 715 1124 791 Verbi,
1179 720 1552 793 quapropter
1602 718 1702 792 qui
1751 719 1813 774 in
1876 715 1978 775 illo
2040 731 2226 773 sensu
2277 721 2533 791 manent,

414 824 476 879 et
536 817 673 876 inde
718 816 944 875 faciunt
1002 815 1115 876 sibi
1174 817 1535 888 doctrinam,
1592 822 1654 875 et
1704 817 1913 874 vivunt
1964 814 2299 874 secundum
2359 815 2533 891 illam,

412 924 476 978 in
531 917 703 976 bonis
755 923 817 976 et
871 920 1031 977 veris
1093 917 1317 977 ultimis
1379 921 1552 991 sunt3
1606 916 1696 975 illi
1732 918 2010 992 quoniam
2047 934 2168 975 non
2210 915 2418 975 vident
2448 917 2534 974 in-

415 1020 667 1088 teriora,
714 1036 790 1077 ex
825 1034 1012 1077 causa
1048 1018 1207 1094 quod
1257 1036 1374 1077 non
1417 1033 1570 1091 pure
1618 1017 1963 1093 spirituales
2002 1022 2171 1086 sunt,
2224 1016 2387 1075 sicut
2418 1010 2531 1076 An-

414 1120 534 1197 geli
569 1121 946 1197 superiorum
996 1118 1330 1194 coelorum,
1385 1120 1498 1179 sed
1542 1116 1891 1193 spirituales
1938 1115 2286 1190 naturaleS,
2356 1133 2536 1194 usque

413 1225 475 1280 in
511 1218 683 1280 coelo
717 1224 860 1277 sunt
894 1218 1004 1277 sed
1038 1221 1098 1276 in
1133 1218 1368 1293 ultimo;
1437 1236 1575 1279 nam
1619 1217 1780 1277 bona
1825 1224 1888 1276 et
1927 1234 2074 1276 vera
2112 1233 2272 1293 quae
2317 1216 2533 1277 hause-

416 1326 553 1380 runt
590 1337 664 1378 ex
699 1335 883 1378 sensu
918 1317 1129 1379 literae
1171 1318 1394 1395 Verbi,
1449 1326 1508 1379 et
1534 1325 1675 1376 sunt
1703 1318 1866 1394 apud
1891 1316 2059 1392 illos,
2115 1319 2180 1375 in
2217 1333 2285 1377 se
2323 1316 2536 1378 habent

415 1421 575 1480 bona
599 1415 672 1479 ‘et
705 1435 851 1478 vera
884 1420 1170 1478 interiora
1195 1437 1352 1496 quae
1383 1426 1524 1479 sunt
1551 1435 1767 1477 sensus
1795 1416 2124 1496 spiritualis
2150 1417 2370 1489 Verbi,
2405 1434 2529 1478 cor-

416 1519 785 1598 respondent
846 1521 1037 1595 enim‚
1104 1524 1164 1579 et
1219 1536 1331 1596 per
1387 1518 1980 1595 correspondentiam
2033 1536 2221 1576 unum
2282 1519 2531 1578 faciunt:

417 1625 537 1681 sint
581 1638 692 1698 pro
730 1618 1035 1696 exemp103
1091 1622 1306 1695 quiex
1355 1637 1540 1680 sensu
1587 1619 1801 1678 literae
1855 1617 2043 1678 Verbi
2091 1618 2284 1679 credit
2305 1663 2324 1693 ,
2386 1619 2534 1695 quod

414 1722 588 1781 Deus
622 1723 941 1794 irascatur,
1003 1720 1358 1780 condemnet
1409 1727 1469 1781 et
1516 1719 1757 1797 dejiciat
1805 1721 1865 1778 in
1908 1720 2206 1778 infernum
2254 1719 2398 1779 illos
2445 1721 2534 1796 qui

417 1820 579 1881 male
606 1823 841 1894 vivunt,
877 1819 993 1878 hoc
1029 1823 1270 1880 tametsi
1301 1822 1363 1879 in
1399 1839 1467 1881 se
1502 1838 1620 1880 non
1652 1837 1860 1880 verum
1898 1825 2022 1892 est,
2060 1822 2349 1896 quoniam
2376 1820 2534 1879 Deus

417 1936 713 1996 nusquam
748 1922 1055 1995 irascitur,
1102 1938 1215 1982 nec
1252 1922 1607 1983 condemnat
1648 1920 1948 1979 hominem
1999 1926 2064 1979 et
2105 1919 2319 1997 dejicit
2352 1922 2418 1980 in
2447 1923 2532 1979 in-

416 2021 675 2094 fernum,
730 2036 922 2096 usque
959 2026 1159 2081 tamen
1192 2022 1306 2081 hoc
1355 2021 1519 2099 apud
1551 2021 1688 2081 illos
1727 2023 1833 2097 qui
1876 2021 2032 2080 bene
2067 2023 2315 2091 vivunt,
2371 2028 2432 2081 et
2461 2022 2537 2080 ita

420 2121 668 2181 credunt
703 2123 842 2196 quia
875 2120 1146 2180 Verbum
1179 2124 1241 2180 in
1274 2122 1451 2182 litera
1486 2126 1571 2182 sic
1608 2120 1765 2194 dicit,
1820 2139 1858 2180 a
1894 2121 2152 2180 Domino
2190 2129 2535 2198 acceptatur

418 2228 487 2281 ut
520 2239 758 2294 verum,
803 2223 1084 2297 quoniam
1123 2239 1332 2287 verum
1373 2226 1534 2282 intus
1569 2225 1630 2281 in
1666 2239 1738 2282 eo
1771 2222 1953 2296 latet,
2005 2220 2182 2299 quod·
2204 2223 2391 2280 etiam
2424 2239 2531 2299 pa·

420 2329 505 2384 tet
556 2340 755 2384 coram
802 2321 1053 2398 Angelis
1103 2323 1523 2398 interioribus,
1578 2325 1821 2381 tametsi
1849 2324 1972 2410 ipsi
2021 2323 2083 2380 id
2131 2339 2253 2381 non
2299 2323 2531 2382 vident:

418 2428 498 2486 sit
533 2428 711 2485 etiam
741 2440 850 2501 pro
879 2423 1168 2500 exemp10,
1209 2425 1310 2500 qui
1339 2424 1528 2485 credit
1564 2423 1724 2500 quod
1755 2423 2090 2501 longaevus
2127 2423 2249 2496 fiat,
2290 2427 2349 2484 si
2386 2429 2537 2483 amat

417 2532 652 2604 patrem
700 2532 762 2584 et
813 2531 1092 2599 matrem,
1170 2524 1502 2584 secundum
1550 2530 1944 2602 praeceptum
1991 2523 2297 2601 decalogi,
2372 2542 2444 2584 ac
2488 2526 2538 2584 si

419 2633 582 2685 amat
625 2626 762 2684 illos
805 2631 1162 2701 propterea,
1212 2631 1272 2684 et
1317 2624 1473 2709 bene
1522 2626 1702 2700 vivit,
1755 2627 1808 2683 is
1867 2630 2217 2702 acceptatur
2267 2625 2533 2684 similiter

420 2727 579 2783 sicut
612 2709 966 2784 credidisset
1005 2726 1203 2801 ipsum
1243 2741 1487 2798 verum,
1540 2726 1733 2784 nescit
1765 2727 1922 2785 enim
1961 2725 2123 2801 quod
2151 2742 2263 2801 per
2307 2736 2532 2801 patrem

421 2830 483 2883 et
517 2830 765 2883 matrem
800 2825 1169 2902 intelligatur
1201 2827 1262 2883 in
1297 2841 1581 2901 supremo
1616 2841 1800 2885 sensu
1834 2826 2131 2885 Dominus
2167 2830 2231 2883 et
2263 2819 2530 2903 Regnum

416 2923 620 3000 Ipsius
631 2967 651 2997 ,
695 2941 807 3000 per
845 2932 1077 3000 patrem
1107 2926 1432 2995 Dominus,
1485 2933 1546 2984 et
1579 2943 1689 3003 per
1730 2933 1979 2986 matrem
2015 2926 2291 3003 Regnum
2316 2925 2523 3003 Ipsius,

421 3031 482 3084 et
527 3023 686 3100 quod
723 3041 834 3100 per
869 3024 1213 3102 prolongari
1262 3026 1389 3085 dies
1447 3042 1559 3085 seu
1607 3027 1936 3103 longaevus
1990 3026 2121 3084 fieri
2175 3026 2526 3102 significetur

419 3124 563 3186 felix
596 3126 658 3181 in
693 3129 1037 3202 aeternum3
1091 3126 1366 3186 similiter
1399 3128 1462 3185 in
1496 3126 1657 3186 mille
1694 3126 1865 3186 aliis:
1919 3127 2071 3186 haec
2102 3125 2267 3185 dicta
2300 3133 2440 3186 sunt
2469 3129 2524 3183 ut

421 3228 646 3286 sciatur
682 3224 824 3300 quid
858 3227 1211 3303 intelligitur
1244 3244 1356 3303 per
1380 3227 1549 3286 bona
1568 3234 1630 3286 et
1652 3245 1799 3286 vera
1835 3229 2132 3286 exteriora
2160 3234 2221 3286 et
2245 3244 2359 3304 per
2384 3226 2524 3285 bona

421 3333 482 3387 et
515 3342 662 3386 vera
693 3328 980 3385 interiora
1018 3327 1232 3401 Verbi,
1285 3329 1428 3403 quia
1460 3344 1570 3404 per
1610 3330 1869 3388 triticum
1907 3333 1967 3387 et
2012 3326 2302 3387 hordeum
2349 3327 2519 3404 signi-

217 3442 379 3507 [515]
417 3428 670 3499 ficantm
704 3428 864 3486 bona
910 3434 970 3487 et
1007 3444 1155 3486 vera
1200 3430 1532 3497 exteriora,
1584 3427 1699 3488 hoc
1745 3434 1868 3503 est,
1924 3441 2078 3506 quae
2133 3432 2273 3486 sunt
2323 3440 2519 3488 sensus

416 3528 629 3591 literae
682 3528 897 3601 Verbi,
952 3533 1016 3586 at
1059 3544 1173 3605 per
1216 3527 1418 3587 oleum
1467 3534 1529 3586 et
1577 3531 1780 3586 vinum
1828 3528 2239 3605 significantur
2284 3528 2441 3587 bona
2471 3529 2520 3585 et

417 3649 563 3691 vera
597 3630 909 3702 interiora,
964 3627 1077 3686 hoc
1116 3634 1239 3701 est,
1297 3645 1453 3704 quae
1490 3635 1631 3687 sunt
1679 3645 1898 3688 sensus
1948 3628 2278 3705 spiritualis
2328 3626 2517 3712 Verbi.

417 3729 596 3805 Quod
628 3748 739 3807 per
765 3731 1023 3788 triticum
1061 3734 1121 3788 et
1152 3727 1446 3787 hordeum
1483 3729 1892 3805 significentur
1928 3728 2089 3788 bona
2136 3734 2197 3788 et
2230 3746 2383 3792 vera
2423 3744 2520 3787 ex·

415 3829 663 3903 teriora,
718 3845 830 3887 seu
863 3829 1022 3887 bona
1049 3836 1110 3887 et
1138 3846 1286 3888 vera
1311 3845 1527 3888 sensus
1562 3829 1773 3889 literae
1810 3829 2025 3904 Verbi,
2083 3834 2178 3887 est
2214 3831 2361 3906 quia
2396 3830 2525 3889 sunt

416 3929 631 3986 messis
667 3930 828 4003 agri,
869 3934 929 3989 et
966 3946 1085 3987 non
1120 3931 1453 3990 inserviunt
1492 3931 1623 3989 esui
1661 3935 1986 4008 antequam
2021 3928 2171 3988 fiunt
2208 3946 2429 4007 paueat,
2463 3942 2528 3986 ac

415 4042 528 4104 per
564 4043 755 4103 panes
790 4028 852 4083 in
886 4027 1090 4086 Verbo
1127 4031 1533 4106 significantur
1576 4030 1737 4089 bona
1784 4031 2097 4100 interiora,
2154 4031 2240 4089 ita
2279 4047 2395 4108 per
2427 4029 2529 4088 tri-

415 4128 599 4185 ticum
644 4131 705 4186 et
736 4124 1029 4185 hordeum
1062 4128 1208 4189 talia
1244 4148 1318 4189 ex
1355 4131 1573 4207 quibus
1610 4131 1716 4190 illa
1748 4131 1935 4206 bona,
1998 4129 2144 4190 talia
2181 4132 2367 4191 etiam
2402 4133 2532 4189 sunt

414 4226 574 4288 bona
610 4233 671 4289 et
708 4242 856 4287 vera
890 4242 1104 4287 sensus
1143 4229 1358 4290 literae
1399 4231 1624 4290 Verbi:
1666 4231 1824 4308 quod
1859 4237 2061 4293 autem
2092 4246 2206 4309 per
2241 4229 2444 4293 oleum
2477 4233 2535 4291 et
