2791 4778
413 327 647 394 CAPUT
690 326 1009 385 sExTUM.
1741 326 1948 381 VERS:
1997 337 2085 399 14.-
2262 339 2371 393 439

257 491 396 551 dum
439 491 822 548 incrementa.
904 487 1087 563 Apud
1119 485 1364 563 Esaiam
1408 484 1573 560 „Ira
1602 483 1877 547 Jehovae
1910 492 2128 547 contra
2163 506 2373 549 omnes

255 596 500 671 yemes,
556 593 614 647 et
652 586 1173 649 excandescentia
1209 592 1427 648 contra
1470 604 1710 650 omnem
1754 587 2098 652 eoeercitum
2133 606 2368 665 earum,

256 690 508 751 devovit
559 707 697 764 eas,
769 687 1051 751 tradidit
1099 706 1208 747 eas
1268 686 1359 746 ad
1406 688 1882 757 mactationem,
1952 688 2050 748 ita
2101 693 2174 749 ut
2225 707 2369 750 con-

242 791 424 872 fossi
469 809 689 850 earum
723 788 1184 872 projiciantur,
1257 793 1317 847 et
1373 787 1762 850 cadaverum
1806 807 2025 849 earum
2080 788 2372 852 ascendet

240 899 441 973 putor
451 911 479 963 ,·
533 895 591 949 et
633 888 974 969 liquescent
1025 894 1266 948 montes
1318 909 1358 949 a
1420 889 1733 969 sanyuine
1765 891 2030 950 earam“
2061 889 2369 950 XXXIV:

257 998 314 1054 2.
361 995 436 1067 33
494 992 644 1050 haec
686 991 847 1050 dicta
883 996 1023 1050 sunt
1059 990 1131 1049 de
1163 988 1382 1049 Ultimo
1424 991 1693 1065 Judicio,
1752 999 1810 1050 et
1844 1008 1952 1067 per
1987 993 2136 1064 iram
2172 989 2368 1050 Jeho-

250 1111 366 1152 vae
434 1099 647 1152 contra
707 1108 911 1151 omnes
975 1098 1216 1165 genteS,
1282 1098 1342 1148 et
1392 1109 1502 1167 per
1557 1091 2113 1162 excandescentiam
2162 1089 2365 1167 Ipsius

255 1200 468 1253 contra
502 1210 734 1251 omnem
773 1194 1094 1254 exercitum
1127 1208 1362 1262 earum,
1404 1192 1769 1267 significatur
1794 1194 2067 1250 interitus
2098 1198 2161 1250 et
2194 1191 2361 1250 dam-

252 1298 411 1353 natio
453 1297 710 1357 omnium
757 1295 947 1369 quiin
982 1292 1153 1350 malis
1195 1300 1254 1349 et
1290 1294 1429 1352 inde
1465 1293 1633 1351 falsis
1670 1301 1811 1351 sunt
1851 1310 1925 1349 ex
1960 1294 2269 1369 proposito
2308 1301 2366 1351 et
2406 1287 2562 1348 [634]

254 1413 325 1454 ex
362 1395 548 1454 corde
561 1413 577 1469 3
631 1401 841 1470 gentes
877 1394 1211 1469 significant
1247 1394 1406 1452 mala
1439 1393 1574 1462 illa,
1638 1399 1698 1452 et
1726 1376 2033 1452 ‘exercitus
2072 1393 2366 1469 significat

254 1498 456 1555 omnia
495 1493 649 1552 falsa
695 1489 868 1569 i'nde3
926 1493 1085 1568 quod
1120 1493 1437 1552 damnandi
1484 1501 1623 1552 sunt
1663 1502 1722 1553 et
1763 1493 1923 1570 quod
1961 1496 2212 1569 perituri
2264 1496 2365 1569 qui

246 1599 310 1655 in
344 1596 486 1668 illis,
526 1594 892 1670 significatur
918 1611 1034 1670 per
1071 1593 1308 1653 devovit
1344 1611 1467 1667 eas»,
1508 1601 1569 1653 et
1603 1595 1844 1653 tradidit
1881 1611 1985 1652 eas
2020 1594 2095 1653 ad
2132 1599 2362 1651 macta-

254 1698 475 1758 tionem
489 1716 507 1770 3
560 1695 858 1753 damnatio
896 1712 1100 1753 eorum
1155 1696 1255 1770 qui
1303 1697 1555 1771 perituri
1605 1714 1715 1772 per
1769 1695 1942 1769 salsa,
1997 1694 2364 1771 significatur

256 1814 363 1872 per
407 1795 568 1871 quod
606 1796 864 1854 confossi
911 1812 1112 1853 eorum
1164 1796 1577 1872 projicientur,
1636 1798 1891 1856 confossi
1930 1798 1987 1854 in
2025 1795 2226 1853 Verbo
2270 1793 2360 1850 di-

259 1906 472 1955 cuntur
510 1899 613 1972 qui
652 1899 957 1973 perierunt
993 1888 1104 1971 per
1153 1895 1336 1966 salsa,
1390 1904 1450 1955 et
1492 1898 1704 1974 projici
1738 1896 2030 1973 significat
2065 1895 2362 1969 damnar13

259 1996 557 2056 damnatio
606 2014 809 2055 eorum
860 2004 960 2071 qui
995 1998 1245 2071 perituri
1280 2016 1389 2072 per
1429 1997 1615 2069 mala,
1666 1997 2033 2073 significatur
2067 2014 2176 2071 pcr
2207 1995 2364 2072 quod

260 2098 617 2157 cadaverum
655 2115 858 2155 earum
901 2096 1186 2155 ascendet
1221 2108 1430 2173 putor,
1484 2096 1781 2155 cadavera
1815 2099 1876 2155 in
1912 2095 2113 2153 Verbo
2151 2096 2360 2153 dicun-

262 2205 359 2256 tur
396 2201 497 2273 qui
541 2200 847 2274 perierunt
880 2216 991 2273 per
1027 2197 1213 2269 mala,
1269 2204 1328 2256 et
1375 2205 1551 2273 putor
1598 2195 1889 2273 significat
1925 2194 2361 2258 damnationem

268 2316 500 2370 eorum3
552 2298 982 2374 quodmontes
1031 2297 1364 2374 liquescent.
1417 2300 1705 2374 sanguine
1764 2314 2000 2370 earum,
2070 2294 2363 2372 signifieat

277 2397 615 2473 quoddmala
647 2418 909 2458 amorum
950 2399 1110 2475 apud
1146 2400 1280 2459 illos
1310 2400 1479 2458 salsis
1515 2400 1736 2458 referta
1774 2401 1919 2473 sint,
1957 2404 2186 2457 montes
2225 2405 2363 2455 sunt

271 2499 424 2556 mala
460 2518 722 2563 amorum
760 2502 854 2558 sui
877 2508 949 2558 et
985 2500 1216 2572 mundi,
1275 2503 1520 2578 sanguis
1560 2508 1653 2560 est
1689 2501 1922 2558 salsum.
1979 2497 2157 2575 Apud
2195 2498 2356 2554 Eun—

266 2598 395 2658 dem
450 2644 486 2673 „
513 2598 786 2662 Vastabo
829 2605 1070 2660 montes
1118 2607 1177 2661 et
1213 2599 1429 2672 colles,
1487 2606 1544 2660 et
1583 2620 1821 2660 omnem
1865 2599 2116 2661 herbam
2149 2615 2362 2659 eorum

261 2700 645 2780 arefaciam,
713 2706 772 2760 et
809 2720 1048 2779 ponam
1082 2700 1328 2778 flavios
1374 2702 1443 2761 in
1495 2699 1779 2775 insulas,
1854 2706 1913 2760 et
1959 2706 2195 2778 stayna
2244 2717 2360 2757 ew-

263 2801 556 2862 siccab0“
617 2801 824 2861 XLII:
886 2806 1005 2879 153
1060 2820 1169 2876 per
1204 2810 1444 2860 vastare
1492 2811 1721 2860 montes
1757 2809 1818 2880 ‘et
1860 2803 2077 2877 colleS,
2132 2801 2360 2877 signifi-

257 2910 426 2961 catur
486 2902 740 2978 perdere
795 2921 966 2962 omne
1019 2903 1239 2961 bonum
1294 2905 1512 2960 amoris
1559 2906 1618 2960 in
1667 2884 2023 2973 Dominum,
2096 2909 2156 2964 et
2222 2919 2365 2979 erga

257 3005 628 3079 proximum3
693 3022 802 3079 per
855 3005 1157 3062 arefacere
1207 3021 1441 3062 omnem
1490 3003 1771 3073 herbam,
1822 3005 2191 3082 significatur
2225 3004 2362 3063 inde

254 3104 512 3180 perdere
550 3107 746 3171 omnia
787 3121 969 3174 vera,
1038 3104 1224 3162 herba
1264 3105 1559 3180 significat
1612 3124 1759 3164 vera
1800 3124 1874 3164 ex
1911 3107 2066 3164 bono
2104 3122 2359 3163 nascen-

172 3188 177 3193 ’
256 3207 372 3280 tia;
415 3222 526 3281 per
561 3222 783 3281 ponere
820 3207 1032 3264 fluvios
1071 3206 1127 3262 in
1163 3204 1421 3278 insulaS‚
1467 3212 1526 3263 et
1562 3210 1867 3265 exsiccare
1904 3214 2134 3282 stagna,
2174 3207 2364 3282 signi--

252 3304 471 3364 ficatur
529 3304 855 3364 annihilare
906 3323 1134 3364 omnem
1186 3305 1554 3364 intellectum
1609 3314 1668 3364 et
1717 3309 2159 3383 perceptionem
2215 3308 2361 3379 veri,

254 3399 423 3465 fluvii
458 3405 795 3482 significant
828 3406 1276 3482 intelligentiam
1315 3423 1469 3481 quae
1506 3387 1790 3477 estve-ri,
1847 3405 2079 3463 insulae
2119 3405 2220 3462 ubi
2246 3421 2365 3462 non

253 3505 681 3582 intelligentia,
735 3514 951 3582 stagna
985 3506 1320 3582 significant
1354 3507 1798 3581 perceptionem
1838 3507 1988 3573 veri,
2023 3504 2362 3564 intellectus

254 3609 385 3666 veri
423 3614 515 3664 est
551 3624 623 3664 ex
660 3607 794 3666 luce
837 3608 996 3680 veri,
1035 3609 1345 3683 perceptio
1383 3613 1579 3663 autem
1621 3607 1747 3662 veri
1778 3612 1870 3662 est
1911 3622 1983 3662 ex
2020 3604 2217 3662 calore
2253 3620 2364 3662 seu

254 3724 460 3766 amore
502 3709 647 3765 veri.
739 3707 918 3783 Apud
956 3707 1224 3765 Eundem
1275 3704 1489 3779 „Ecce
1526 3704 1754 3774 Jacob,
1797 3704 1993 3784 posui
2041 3708 2100 3763 te
2136 3704 2205 3764 in
2241 3704 2361 3763 tri-

255 3804 471 3867 bulam
525 3804 795 3868 tribulae
829 3807 1092 3868 recentis
1120 3804 1461 3883 praeditae
1495 3802 1764 3878 aculeis,
1830 3804 2091 3866 tritures
2127 3811 2366 3865 montes

255 3906 317 3966 et
355 3912 672 3981 conteras,
727 3914 785 3968 et
837 3904 1025 3968 colles
1066 3906 1231 3966 sicut
1263 3903 1555 3984 ‚clumam
1579 3923 1816 3986 ponas,
1865 3904 2192 3984 disperyes
2242 3924 2363 3981 eos,

257 4015 331 4081 ut
367 4012 588 4068 ventus
625 4009 884 4088 auferat
921 4026 1053 4078 eos,
1112 4011 1170 4066 et
1200 4003 1483 4085 procella
1522 4006 1793 4088 dissipet
1843 4010 1989 4066 eos“
2032 4006 2207 4067 XLI:
2258 4008 2362 4066 15.

265 4111 385 4185 1-63
439 4126 550 4186 per
589 4109 885 4169 Jacobum
923 4108 1275 4184 intelligitur
1323 4106 1600 4169 Ecclesia
1637 4117 1884 4168 externa
1921 4108 2117 4185 quoad
2144 4107 2364 4168 bonnm

259 4216 318 4267 et
352 4228 592 4282 verum,
653 4216 712 4268 et
758 4209 893 4268 inde
933 4226 1171 4285 quoque
1207 4209 1430 4267 bonum
1468 4214 1528 4267 et
1565 4227 1771 4268 verum
1808 4215 2148 4287 externum,
2212 4209 2368 4286 quod
