2791 4778
507 381 618 432 2⁷0
925 370 1415 425 APOCALYPSIS
1457 371 1891 430 EXPLICATA.
1973 371 2019 438 §0
2060 380 2176 433 375.

506 529 719 589 nobilis
773 534 868 587 est
913 546 1124 588 verum
1169 529 1486 607 spirituale
1537 547 1613 588 ex
1657 529 1909 589 coelesti
1953 545 2062 588 seu
2094 545 2286 588 verum
2325 545 2386 589 ex
2408 529 2529 591 bono

499 630 719 688 amoris
732 648 748 705 ;
803 645 914 703 per
961 646 1114 688 uvas
1152 647 1303 705 quas
1352 632 1732 705 exspectavit
1771 635 1837 688 ut
1882 629 2141 705 faceret,
2201 628 2530 706 significantur

500 730 659 787 bona
698 729 1038 798 charitatis,
1090 747 1246 805 quae
1288 737 1429 788 sunt
1453 730 1611 788 bona
1638 732 1828 801 vitae,
1877 736 1936 789 et
1972 747 2084 806 per
2114 728 2395 788 labruscas
2425 744 2532 806 quas

502 830 644 889 fecit
688 829 1095 905 significantur
1143 830 1303 888 mala
1353 831 1634 905 opposita
1678 830 1854 888 bonis
1902 830 2240 903 charitatis»,
2304 845 2398 887 seu
2422 828 2538 886 mala

500 933 679 989 vitae.
773 924 954 1004 Apud
1013 929 1353 988 Hoscheam
1400 928 1529 1004 „In
1570 928 1676 988 die
1722 927 1840 989 illo
1879 928 2238 990 exaudiam
2265 924 2469 999 Coelos,
2497 931 2538 989 et

497 1030 570 1090 hi
609 1027 957 1090 eoeaudient
991 1033 1230 1089 terram
1244 1073 1263 1098 ‚
1321 1034 1381 1089 et
1423 1036 1595 1089 term
1625 1028 1930 1090 exaudiet
1955 1030 2348 1108 frumentum
2369 1034 2419 1088 et
2436 1045 2536 1087 mu-

499 1136 673 1191 stum
711 1134 772 1188 et
810 1125 1043 1197 oleum,
1094 1134 1152 1188 et
1190 1127 1340 1188 haec
1389 1126 1739 1189 exaudient
1778 1127 2109 1190 Iisreelem
2122 1149 2152 1201 ;
2199 1135 2258 1188 et
2297 1125 2539 1187 seminabo

496 1249 637 1289 eam
680 1227 854 1288 Mihi
913 1227 984 1288 in
1025 1232 1245 1290 terra“
1303 1229 1395 1289 II:
1453 1233 1564 1287 21.
1613 1233 1725 1314 22.
1769 1231 1856 1288 23
1889 1250 1906 1306 3
1961 1230 2117 1289 haec
2160 1229 2314 1288 dicta
2353 1225 2542 1285 suntde

496 1330 669 1389 Nova
703 1328 978 1411 Ecclesia
1016 1346 1053 1386 a
1102 1329 1357 1388 Domino
1393 1329 1813 1403 instauranda,
1880 1336 1942 1388 et
1966 1347 2084 1406 per
2112 1327 2382 1387 exaudire
2415 1323 2540 1384 intel·

495 1430 700 1505 ligitur
749 1428 991 1487 obedire
1042 1433 1101 1486 et
1153 1431 1455 1505 recipere,
1524 1446 1787 1505 sequens
1826 1437 1884 1489 et
1931 1432 1992 1488 in
2032 1429 2239 1488 ordine
2281 1425 2541 1486 succedens

498 1529 839 1588 obedientia
868 1535 929 1587 et
950 1530 1217 1603 receptio
1242 1531 1329 1587 ita
1360 1528 1735 1604 describitur3
1768 1529 1928 1606 quod
1965 1529 2143 1589 Coeli
2176 1526 2446 1604 recepturi
2463 1526 2544 1582 sint

499 1647 535 1686 a
583 1628 872 1702 Domine,
922 1628 1276 1705 intelligitur
1325 1645 1437 1705 per
1473 1629 1790 1688 exaudiam
1829 1629 2087 1706 Coelos;
2149 1627 2304 1704 quod
2337 1623 2546 1713 Ecclesia

498 1734 818 1804 receptura
853 1731 931 1787 sit
967 1745 998 1786 e
1038 1728 1257 1803 Coelis,
1298 1731 1385 1787 ita
1426 1746 1538 1804 per
1575 1728 1791 1788 Coelos
1830 1748 1867 1788 a
1901 1730 2198 1804 Domino,
2262 1724 2545 1800 intelligitur

495 1844 607 1904 per
652 1826 810 1902 quod
846 1826 1014 1886 Coeli
1050 1829 1368 1888 exaudient
1404 1836 1651 1902 terram3
1710 1830 1869 1905 quod
1903 1829 2129 1888 bonum
2177 1835 2238 1888 et
2267 1841 2447 1886 verum
2472 1838 2544 1880 re·

495 1932 811 2002 cepturum
861 1928 941 1984 sit
983 1928 1057 1985 ab
1118 1929 1422 2003 Ecclesia,
1480 1929 1832 2005 intelligitur
1867 1947 1978 2004 per
2029 1928 2198 2006 quod
2231 1934 2381 1986 terra
2409 1938 2545 1982 exau·

495 2025 617 2085 diet
653 2026 1011 2085 frumentum
1050 2034 1110 2086 et
1156 2035 1416 2088 mustum
1464 2035 1524 2088 et
1560 2029 1786 2104 oleum3
1842 2036 2112 2089 mustum
2149 2034 2242 2088 est
2285 2041 2461 2084 verum
2495 2033 2546 2078 ao

495 2126 691 2185 oleum
722 2132 816 2185 est
848 2126 1097 2203 bonum3
1137 2134 1198 2186 et
1233 2129 1392 2204 quod
1426 2129 1515 2186 illi
1551 2128 1627 2186 ab
1663 2129 1963 2201 Ecclesia,
2004 2130 2175 2206 apud
2213 2143 2352 2204 quos
2376 2125 2541 2182 bonurn

495 2234 555 2284 et
588 2244 797 2284 verum
834 2234 956 2300 est,
1012 2228 1149 2287 inde
1185 2230 1487 2305 recepturi
1524 2232 1672 2304 sint,
1726 2229 2083 2305 intelligit-ur
2117 2247 2231 2306 per
2266 2224 2409 2303 quod
2436 2222 2545 2279 haec

493 2327 815 2386 exaudient
852 2327 1193 2406 Iisreelem3
1249 2329 1407 2405 quod
1452 2346 1572 2387 non
1603 2334 1795 2404 terra,
1867 2331 1999 2408 ejus
2039 2331 2414 2412 frumentum,
2445 2337 2541 2379 mu·

489 2435 646 2486 stum
696 2435 756 2487 et
800 2429 998 2487 oleum
1041 2428 1439 2505 intelligatur,
1495 2430 1605 2489 sed
1649 2430 1923 2489 Ecclesia
1972 2447 2107 2490 cum
2162 2431 2290 2507 ejus
2335 2426 2476 2484 bonis
2504 2422 2546 2476 et

488 2531 681 2600 veris,
734 2535 936 2604 patet,
994 2547 1131 2587 nam
1177 2529 1391 2588 dicitur
1427 2531 1736 2589 seminabo
1771 2530 2085 2590 Iisreelem
2138 2530 2284 2589 Mihi
2325 2529 2544 2585 interra.

489 2628 671 2704 Apud
713 2630 956 2705 Esaiam
1003 2628 1243 2703 „Dabo
1280 2629 1351 2688 in
1387 2627 1631 2691 deserto
1677 2629 1931 2691 cedrum
1969 2630 2269 2704 schittae,
2325 2632 2380 2686 et
2415 2637 2546 2700 myr-

489 2730 626 2785 tum
666 2733 724 2786 et
752 2730 1033 2789 arborem
1069 2726 1217 2804 olei,
1247 2748 1491 2808 ponam
1525 2729 1596 2789 in
1629 2728 1978 2791 solitudine
2009 2731 2294 2803 abietem,
2346 2720 2546 2785 taedam

488 2832 549 2885 et
583 2824 869 2887 buoeum“
905 2829 1080 2888 XLI:
1130 2832 1249 2904 193
1290 2829 1444 2889 haec
1481 2829 1555 2888 de
1589 2832 2019 2891 instauratione
2048 2831 2359 2892 Ecclesiae
2391 2841 2424 2881 a
2449 2821 2546 2880 Do-

488 2927 646 2983 mino
684 2926 846 3001 apud
880 2936 1091 3003 gentes
1141 2930 1300 2989 dicta
1340 2936 1504 3005 sunt3
1563 2936 1622 2988 et
1656 2948 1766 3005 per
1803 2931 2105 2991 desertum
2146 2937 2209 2992 et
2243 2946 2349 3007 per
2378 2922 2544 2983 solitu-

288 3034 450 3095 [524]
494 3025 689 3083 dinem
727 3026 1093 3101 significatur
1128 3030 1231 3088 ubi
1264 3032 1432 3105 prius
1469 3047 1586 3088 non
1619 3030 1838 3089 bonum
1879 3033 2019 3107 quia
2052 3050 2175 3090 non
2202 3044 2396 3093 verum
2409 3043 2424 3100 3
2467 3030 2547 3096 per

487 3124 729 3186 cedrum
766 3126 1052 3203 schittae,
1110 3135 1366 3206 myrtum
1405 3138 1465 3188 et
1499 3127 1773 3189 arborem
1821 3131 1938 3189 olei
1977 3131 2342 3207 significatur
2374 3126 2545 3183 bonum

486 3225 799 3301 spirituale
858 3233 918 3285 et
969 3229 1260 3297 coeleste;
1331 3246 1402 3287 ac
1446 3246 1559 3305 per
1605 3230 1899 3299 abietem,
1962 3231 2205 3289 taedam
2261 3236 2318 3288 et
2365 3226 2545 3282 buxum

481 3324 848 3402 significatur
880 3327 1103 3386 bonum
1140 3335 1201 3386 ct
1236 3347 1441 3388 verum
1471 3330 1608 3388 inde
1635 3332 1697 3388 in
1729 3330 2018 3405 naturali,
2055 3347 2169 3406 per
2204 3334 2542 3400 unamquam-

393 3456 406 3460 -
484 3429 576 3484 vis
616 3428 770 3485 enim
817 3427 1090 3486 arborem
1129 3428 1353 3504 aliquid
1387 3429 1530 3487 boni
1568 3436 1627 3487 et
1661 3432 1791 3488 veri
1820 3429 2130 3488 Ecclesiae
2171 3434 2234 3488 in
2268 3424 2453 3487 Verbo
2481 3417 2543 3475 si·
2660 3447 2663 3568 ⁴

484 3527 812 3605 gnificatur,
855 3534 914 3585 et
945 3527 1051 3586 illa
1084 3527 1395 3586 Ecclesiae
1427 3548 1583 3605 quae
1618 3537 1759 3589 sunt
1791 3531 1851 3588 in
1888 3529 2188 3606 spirituali
2214 3546 2322 3589 seu
2354 3528 2539 3583 interno

482 3628 717 3687 homine
755 3627 1162 3705 significantur
1196 3645 1307 3704 per
1342 3628 1586 3688 cedrum
1616 3630 1891 3701 schittae,
1930 3636 2189 3706 myrtum
2230 3636 2289 3688 et
2323 3623 2546 3686 arborem
2662 3671 2663 3720 1

483 3728 620 3803 olei3
664 3736 725 3787 et
744 3728 848 3787 illa
868 3727 1180 3787 Ecclesiae
1214 3745 1369 3809 quae
1407 3732 1634 3788 suntin
1661 3729 1917 3789 naturali
1953 3746 2063 3789 seu
2091 3736 2331 3789 externo
2353 3717 2541 3783 homine

481 3841 593 3901 per
628 3827 912 3898 abietem,
962 3827 1200 3888 taedam
1238 3834 1298 3886 et
1330 3827 1572 3888 buxum.
1655 3828 1838 3906 Apud
1871 3828 2167 3888 Davidem
2214 3798 2542 3916 „[Jeh0val²]
2660 3879 2661 3916 ¹

481 3919 726 3983 Pastor
762 3945 970 4002 meus,
1023 3946 1148 3988 non
1193 3927 1458 4003 carebo,-
1491 3928 1563 3989 in
1584 3928 1858 4008 pascuis·
1883 3927 2103 3989 herbae
2141 3928 2359 3989 cubare
2387 3911 2540 3998 favisst
2658 3941 2663 4070 J

479 4037 610 4092 me,
665 4021 754 4081 ad
779 4042 981 4101 aquas·
1015 4027 1297 4106 quietum
1324 4025 1586 4089 deducet
1617 4047 1746 4099 me,
1788 4027 2086 4107 dispones
2125 4034 2271 4088 ante
2295 4041 2385 4085 me
2405 4032 2539 4079 men·
2654 4071 2659 4150 ἱ

482 4136 625 4179 sam
660 4138 871 4181 coram
918 4124 1203 4187 inimicis
1239 4127 1437 4199 mei-53
1479 4128 1930 4208 pinquefacies
1971 4124 2101 4188 oleo
2142 4132 2327 4207 caput
2357 4129 2536 4182 meum,
2658 4153 2659 4156 ¹

468 4215 772 4299 poculum
821 4239 1027 4283 meum
1076 4225 1470 4286 abundabit“
1543 4228 1778 4286 Psalm:
1834 4228 2086 4288 XXIII:
2146 4231 2203 4285 1.
2250 4232 2308 4287 2.
2347 4225 2412 4296 53
2455 4225 2540 4292 1¹0¹
2652 4165 2663 4320 μ

2658 4419 2663 4462 l
