2791 4778
489 336 560 387 90
912 322 1403 379 APOCALYPSIS
1452 321 1886 381 EXPLICATA.
1967 322 2015 392 §-
2059 329 2189 385 826.

487 485 742 545 hominis
755 526 774 552 ‚
823 481 1068 543 arbores
1104 484 1504 561 cognitiones,
1556 481 1827 542 Libanus
1862 497 2075 543 verum
2118 488 2182 542 et
2222 481 2449 543 bonum
2494 487 2649 562 spi-

456 583 736 657 rituale,
802 581 1106 643 desertum
1163 582 1528 668 desiderium
1589 584 1719 643 veri
1765 589 1836 642 ut
1882 582 2021 643 inde
2067 581 2292 642 bonum
2309 624 2328 655 ,
2358 592 2649 663 'montes

485 685 647 743 bona
680 682 930 759 amorIs3
982 683 1134 743 haee
1169 685 1370 744 omnia
1404 682 1683 742 dicuntur
1718 689 1962 742 eantare
1979 726 1999 758 ,
2048 698 2417 760 personare.
2442 685 2639 762 jubi-

485 784 615 844 lare
626 828 645 859 ,
683 781 943 843 clamare
981 789 1041 843 et
1073 782 1394 861 plaudere,
1437 801 1619 859 quum
1655 782 1760 841 illa
1795 799 1830 843 e
1859 782 2029 843 coelo
2064 788 2239 858 sunt,
2281 789 2424 843 tunc
2463 786 2648 845 enim

487 883 774 962 gaudium
801 882 1063 943 coeleste
1099 886 1161 944 in
1192 883 1311 943 illis
1341 887 1453 956 est,
1494 888 1556 943 et
1587 899 1700 960 per
1725 882 1830 942 illa
1854 885 1916 943 in
1942 882 2220 958 homine3
2256 900 2399 942 nam
2432 882 2637 945 homo

486 1001 605 1045 non
637 985 700 1042 in
734 981 988 1043 coelesti
1038 983 1259 1061 gaudio
1308 987 1440 1054 est,
1494 984 1608 1042 nIsi
1655 981 1759 1042 illa
1805 1000 1964 1060 quae
2000 982 2164 1062 apud
2196 982 2399 1059 illum,
2460 1002 2639 1062 quae

485 1091 628 1145 sunt
660 1100 809 1143 vera
855 1089 917 1143 et
948 1081 1136 1159 bona,
1192 1085 1312 1144 sint
1347 1100 1381 1142 e
1418 1083 1619 1157 coelo,
1673 1081 1812 1143 inde
1857 1082 2143 1161 gaudium
2206 1082 2406 1145 cordis
2458 1084 2642 1162 quod

489 1201 634 1246 vere
662 1183 948 1262 gaudium
962 1227 980 1260 ‚
1019 1191 1081 1244 et
1113 1184 1398 1261 gaudium
1431 1181 1685 1244 hominis
1716 1183 1882 1260 apud
1914 1201 2094 1261 quem
2126 1183 2259 1243 illa:
2295 1183 2436 1244 inde
2467 1202 2634 1246 eon-

487 1290 650 1344 stare
683 1290 921 1361 potest‚
972 1283 1129 1344 unde
1185 1292 1280 1345 est
1321 1282 1483 1361 quod
1532 1282 1605 1344 de
1640 1282 1759 1343 illis
1810 1283 2005 1344 simile
2052 1284 2287 1343 dicatur
2328 1285 2501 1361 quod
2555 1285 2634 1345 de

486 1385 754 1457 homine,
790 1399 1006 1461 nempe
1042 1385 1186 1467 quia
1219 1386 1281 1444 in
1311 1383 1433 1444 illis
1471 1389 1565 1445 est
1602 1382 1885 1461 gaudium
1922 1388 1985 1444 et
2015 1400 2130 1463 per
2161 1383 2269 1444 illa
2300 1383 2471 1461 apud
2508 1385 2627 1446 ho-

489 1485 739 1543 minem=
791 1481 913 1543 tale
948 1484 1232 1560 gaudium
1288 1491 1386 1545 est
1418 1486 1481 1543 in
1517 1485 1678 1544 omni
1710 1484 1869 1544 bono
1912 1484 2214 1562 spirituali
2247 1491 2312 1544 et
2343 1484 2630 1557 coelesti.

488 1590 549 1644 et
583 1582 724 1642 inde
760 1582 923 1660 apud
943 1583 1081 1644 illos
1120 1584 1284 1662 apud
1323 1600 1473 1662 quos
1508 1583 1613 1644 illa
1645 1584 1806 1645 bona
1830 1590 2001 1661 sunt3
2039 1585 2231 1644 influit
2261 1586 2425 1645 enim
2454 1584 2626 1648 Coe-

490 1788 554 1843 et
585 1781 724 1842 inde
758 1800 905 1843 vera
940 1800 1094 1860 quae
1131 1784 1208 1843 ab
1240 1784 1386 1862 Ipso
1423 1784 1588 1863 apud
1620 1784 1952 1861 hominem,
2009 1791 2069 1847 et
2101 1802 2213 1864 per
2260 1784 2367 1844 illa
2400 1789 2464 1846 in
2501 1786 2619 1849 ho-

487 1985 646 2044 bona
703 1988 764 2043 et
809 1983 948 2044 inde
990 2001 1139 2045 vera
1190 1990 1333 2044 sunt
1385 2002 1541 2063 quae
1596 2002 1672 2045 ex
1715 1985 1946 2046 influxu
2005 2004 2040 2047 e
2094 1986 2266 2047 coelo
2315 1986 2615 2065 exultant,

477 2082 770 2162 jubilant,
821 2091 1175 2162 personant,
1216 2091 1460 2146 cantant
1478 2130 1497 2161 ,
1542 2085 1842 2163 psallunt,
1882 2087 1999 2147 hoe
2036 2093 2160 2162 est,
2213 2086 2510 2165 gaudent,
2553 2097 2615 2149 et

484 2184 622 2245 inde
659 2201 761 2245 eor
783 2184 1055 2246 hominis.
1093 2184 1391 2263 Quoniam
1417 2188 1623 2246 variae
1652 2185 1996 2249 affectiones
2022 2188 2165 2247 boni
2199 2194 2262 2247 et
2285 2190 2419 2248 veri
2442 2198 2608 2265 sunt,

486 2293 547 2347 et
580 2285 854 2364 singulae
887 2288 1281 2347 conveniente
1329 2302 1479 2346 sono
1515 2302 1583 2346 se
1620 2287 1833 2363 edunt,
1887 2288 2023 2348 ideo
2070 2290 2132 2348 in
2177 2287 2384 2349 Verbo
2438 2291 2614 2351 varia

482 2392 1008 2448 instrumentorum
1045 2404 1271 2465 genera
1305 2395 1725 2463 memorantur,
1763 2389 2052 2466 Imprimis
2087 2389 2251 2468 apud
2284 2389 2603 2467 Davidem,

482 2505 593 2566 per
628 2504 781 2565 quae
817 2488 1043 2549 similes
1074 2488 1419 2550 affectiones
1447 2487 1872 2567 significantur3
1903 2492 2005 2568 qui
2029 2491 2196 2551 novit
2224 2506 2465 2551 sensum
2496 2491 2604 2551 in-

482 2595 716 2648 ternum
741 2588 949 2663 Verbi,
981 2596 1042 2648 et
1068 2590 1245 2651 simul
1270 2592 1801 2650 instrumentorum
1828 2590 1912 2651 ibi
1937 2593 2606 2668 nominatorumsonoS,

481 2690 535 2747 is
570 2688 726 2751 seire
760 2695 964 2765 potest
996 2707 1294 2772 quaenam
1329 2689 1565 2750 affectio
1601 2689 1689 2751 ibi
1723 2674 2093 2770 signifieatur
2128 2697 2190 2750 et
2223 2691 2602 2769 deser-ibium

482 2785 699 2864 Angeli
733 2787 847 2849 hoe
882 2792 1080 2850 solunt
1114 2807 1190 2851 ex
1225 2791 1358 2850 sola
1389 2793 1790 2857 nominatione
1824 2792 2066 2852 illorum
2103 2797 2164 2850 et
2197 2790 2376 2852 simul
2426 2810 2502 2854 ex
2539 2811 2607 2854 re

483 2889 610 2947 suis
645 2888 895 2949 vocibus
940 2889 1024 2949 ibi
1057 2888 1394 2968 descripta,
1459 2905 1594 2949 eum
1626 2891 1804 2952 homo
1838 2891 1987 2970 legit
2015 2880 2320 2969 ¹Verbum3
2374 2901 2444 2954 ut
2489 2911 2602 2972 pro

262 2962 325 3035 ’ᾗ
482 2988 779 3066 exemplo,
819 2988 983 3067 apud
1007 2989 1305 3050 Davidem
1342 3031 1379 3064 „
1394 2987 1626 3050 Omnes
1648 2990 1876 3075 populi
1901 2989 2179 3072 clanyite
2201 3010 2423 3069 manu,
2453 3012 2604 3056 con·

479 3087 669 3150 oinite
703 3087 851 3150 Deo
885 3107 1028 3150 voce
1071 3095 1298 3151 cantus
1311 3107 1342 3162 ,·
1383 3089 1671 3151 ascendit
1709 3090 1901 3155 Deus
1938 3111 2080 3155 oum
2118 3089 2433 3175 alanqore,
2482 3093 2599 3156 Je-

474 3187 680 3250 ῘιουαῙι
714 3208 857 3250 cam
892 3208 1035 3250 voce
1074 3189 1409 3263 buccinae,-
1463 3190 1671 3253 canite
1712 3190 1880 3267 Deo,
1922 3195 2130 3254 canite
2153 3192 2330 3274 Reqz·
2363 3202 2603 3267 nostro,

470 3290 626 3369 quia
691 3288 845 3352 Rex
900 3289 1110 3350 omnis
1168 3295 1373 3363 tem-qe
1415 3290 1641 3368 Deus,
1713 3292 1921 3356 canite
1977 3291 2219 3355 maskil
2245 3295 2282 3326 “
2358 3294 2597 3358 Psalm:

474 3389 740 3451 XLVII:
796 3393 857 3449 2.
918 3392 977 3450 6.
1036 3395 1094 3449 7.
1137 3395 1198 3451 8.
1246 3392 1318 3451 9:
1386 3391 1549 3470 apud
1592 3393 1865 3455 Eundem
1909 3392 2286 3470 „Viderunt
2330 3415 2600 3476 ‚qo-essue

474 3498 618 3554 tuoe
631 3537 649 3569 ,
717 3488 910 3551 Deus
920 3533 939 3565 ‚
1002 3509 1269 3570 yreseue
1324 3490 1465 3553 Dei
1533 3493 1658 3553 mei
1672 3539 1688 3569 ‚
1750 3501 2196 3574 prooessemmt
2247 3501 2593 3574 cantantes,

462 3597 616 3670 post
630 3587 987 3671 pulsantes,
1018 3590 1090 3652 in
1114 3590 1320 3652 medio
1347 3592 1675 3676 viminum
1702 3595 2330 3676 tympanizantium“
2369 3597 2595 3660 Psalm:

272 3709 434 3774 [407]
475 3690 774 3753 LXVIII:
818 3692 928 3751 25.
973 3694 1084 3750 26.
1130 3695 1215 3752 27
1237 3713 1254 3765 ς
1308 3694 1469 3770 apud
1506 3695 1774 3765 Eundem
1825 3693 2160 3772 „Juhz'late
2194 3694 2342 3767 Deo
2384 3700 2595 3762 robori

470 3796 706 3865 nostro,
738 3788 1083 3853 acclamate
1105 3790 1253 3854 Deo
1280 3790 1524 3870 Jacobi,
1553 3792 1842 3858 emollite
1852 3803 2129 3873 cantum,
2157 3803 2220 3857 et
2242 3796 2393 3859 date
2421 3806 2590 3882 tym-

252 3894 257 3905 ‘
459 3908 736 3971 panum,
774 3889 1090 3953 citharam
1103 3891 1468 3977 jucundam
1502 3914 1647 3957 cum
1682 3894 1914 3973 nablia,
1957 3895 2235 3978 olanyite
2273 3898 2345 3960 in
2385 3917 2592 3961 mense

216 3918 329 4125 aff*
471 3989 731 4052 buccina
753 3986 815 4026 (Γ
842 3992 1080 4053 Psalmt
1117 3993 1421 4056 LXXXI:
1464 4000 1528 4058 2.
1584 3998 1645 4056 3.
1687 4000 1762 4057 4:
1819 3998 1979 4076 apud
2028 3997 2302 4059 Eundem
2352 3997 2584 4075 „Lau-

470 4088 621 4154 date
654 4090 874 4155 Deum
910 4111 1055 4156 oum
1090 4091 1386 4175 olanyore
1430 4095 1755 4173 buccinae,
1795 4116 1935 4161 cum
1981 4097 2190 4160 nablio
2232 4106 2294 4162 et
2318 4099 2589 4173 cithara,

468 4210 613 4255 oum
652 4199 950 4277 tympano
993 4200 1053 4255 et
1088 4193 1338 4270 chorea,
1382 4213 1526 4256 oum
1552 4195 1801 4276 fidibus
1839 4204 1900 4258 et
1924 4217 2183 4281 emano,
2225 4218 2369 4262 oum
2410 4219 2582 4283 cym-

486 1683 613 1743 lum
648 1699 785 1744 oum
819 1698 934 1742 suo
968 1683 1221 1760 gaudio,
1258 1685 1372 1745 hoc
1413 1691 1538 1760 est,
1574 1681 1871 1745 Dominus
1906 1702 2016 1763 per
2052 1685 2320 1760 eoelum,
2356 1687 2424 1745 in
2454 1686 2625 1748 bona
2749 1723 2751 1726 -

487 1884 738 1960 minem,
793 1887 856 1944 et
885 1885 1101 1944 nonin
1133 1884 1432 1946 hominem
1479 1892 1786 1963 expertem
1835 1886 1956 1946 illis
2007 1893 2113 1946 aut
2163 1901 2457 1964 vacuum3
2513 1888 2622 1949 illa
2749 1907 2751 1958 ς
