2791 4778
437 339 672 398 CAPUT
728 339 1080 409 QUINTUMr
1889 342 2104 397 VERS:
2152 354 2204 405 1.
2366 356 2397 407 5

278 502 681 579 praecedente
716 502 825 577 IV,
892 502 992 562 ubi
1029 503 1235 579 agitur·
1258 501 1331 562 de
1371 500 1613 562 Throno
1677 508 1736 562 et
1784 501 1857 561 de
1908 499 2167 562 Sedente
2215 519 2400 581 super

278 603 401 678 illo,
441 620 596 679 quae
622 603 939 663 videantur
973 601 1277 678 explicata
1312 619 1350 661 a
1382 620 1446 661 n:
1492 603 1631 661 258
1672 602 1749 660 ad
1781 604 1952 677 2953
1991 607 2052 660 et
2085 609 2400 679 praeterea

281 703 446 781 apud
479 702 851 762 Matthaeum
888 700 1217 778 „Quando
1255 701 1492 763 venerit
1513 697 1737 763 Filius
1775 698 2051 762 hominis
2090 700 2160 763 in
2181 698 2399 782 yloria

278 822 436 873 oua,
485 807 546 863 et
582 820 793 863 omnes
827 802 1038 862 sancti
1073 798 1316 880 Anyeli
1358 820 1503 864 oum
1532 799 1714 881 Ipso,
1756 806 1904 862 tuno
1939 799 2175 863 sedebit
2208 820 2399 883 cuper

284 901 537 964 Thr-ono
568 899 819 982 ylariae
857 904 1058 963 suast
1112 901 1319 962 XXV:
1363 904 1475 962 31.
1530 901 1687 979 Capx
1722 900 1899 961 XIX:
1943 902 2054 961 28.
2094 905 2215 962 29:
2270 910 2397 963 tum

279 1003 444 1080 apud
468 1002 846 1062 Ezechielem
885 1000 1138 1081 „Super
1161 998 1555 1081 Expansum
1588 996 1755 1081 quod
1791 1019 1982 1080 super
2005 1001 2211 1080 capite-
2237 999 2393 1064 0}ae-

276 1103 577 1164 ruborum
601 1101 793 1181 quasi
815 1091 1112 1181 aspectus
1141 1097 1389 1181 lapidis
1407 1100 1719 1181 sapphiri,
1750 1097 2113 1163 similitudo
2132 1100 2394 1178 ΊῚινοηί,

271 1208 336 1262 et
376 1220 566 1281 super
599 1198 1033 1264 similitudine
1061 1199 1305 1262 Throm·
1339 1199 1706 1263 similitudo
1749 1206 2043 1279 aspectus
2085 1200 2396 1264 Hominis

277 1321 468 1382 super
518 1299 633 1363 illo
689 1301 1015 1362 &demist
1079 1302 1137 1360 I:
1196 1304 1315 1360 26.Δ
1373 1302 1532 1379 Cap:
1577 1301 1659 1361 X:
1705 1305 1777 1361 1:
1836 1308 1895 1360 et
1941 1302 2103 1378 apud
2147 1302 2391 1380 Esajam

278 1447 318 1478 ,‚
342 1402 498 1463 Vidi
535 1402 895 1463 Dominum
938 1400 1266 1463 Sedentem
1303 1421 1496 1482 super
1531 1400 1783 1463 Thr-ono
1818 1398 1951 1462 alto
1989 1406 2049 1462 et
2081 1398 2245 1462 elato
2262 1447 2279 1477 ‚
2334 1408 2395 1464 et

266 1502 568 1583 fimbriae
592 1500 818 1581 Ipsius
852 1484 1182 1581 implentes
1213 1499 1595 1581 Ἰέῃῳῑίιηι(ί
1624 1502 1715 1561 VI
1729 1524 1743 1560 ε
1780 1506 1840 1562 1.
1879 1501 2033 1577 Quia
2057 1519 2167 1578 per
2194 1502 2392 1563 Thro-

276 1620 421 1661 num
449 1602 815 1678 significatur
843 1602 1112 1673 Coelum,
1139 1608 1198 1661 et
1224 1619 1337 1678 per
1363 1601 1683 1662 Sed-entem
1709 1619 1895 1680 super
1915 1602 2155 1662 Throno
2177 1602 2390 1662 Domi-

275 1719 390 1761 nus
428 1701 626 1778 quoad
658 1702 945 1761 Divinum
978 1702 1180 1780 Ipsius
1217 1703 1278 1760 in
1306 1702 1525 1777 Coelo,
1563 1702 1697 1762 ideo
1735 1702 1956 1761 dictum
1994 1706 2089 1763 est
2112 1718 2299 1779 supra
2331 1706 2393 1762 in

278 1801 488 1878 Capite
512 1801 672 1879 111[:
697 1805 732 1860 2
750 1802 851 1880 1]·;
893 1846 930 1877 ,,
955 1801 1222 1865 Ϋίηοεπε
1251 1800 1413 1862 dabo
1439 1801 1501 1861 ez‘
1525 1800 1736 1863 cedere
1760 1800 2014 1862 Mecum
2038 1801 2108 1862 in
2137 1799 2392 1863 Thr-ono

270 1904 454 1962 meo“
489 1920 603 1980 per
638 1902 797 1986 quod
832 1902 1220 1979 significatur,
1279 1902 1438 1978 quod
1476 1903 1586 1961 erit
1620 1904 1680 1960 in
1718 1901 1901 1963 Coelo
1938 1902 2041 1963 ubi
2074 1903 2391 1973 Dominus,

270 2001 546 2062 videatur
605 2019 792 2079 supra
841 2022 912 2062 n:
958 2005 1096 2063 253
1115 2021 1132 2077 3
1203 2017 1273 2059 ac
1310 2002 1446 2062 ideo
1481 2002 1643 2063 infra
1676 2004 1736 2061 in
1769 2002 1883 2062 hoe
1921 2000 2136 2080 Capite
2174 2001 2389 2063 dicitur

276 2145 316 2176 „
337 2099 497 2163 Vidi
532 2106 591 2161 et
624 2119 754 2162 ecoe
786 2102 857 2163 in
890 2101 1098 2163 medio
1141 2098 1386 2163 Thmom·
1426 2099 1688 2181 Aynum
1730 2104 2050 2163 stantem“
2084 2102 2273 2163 Vere:
2319 2105 2388 2162 6:

275 2209 336 2261 et
368 2205 429 2260 in
459 2200 671 2280 Capite
698 2202 922 2262 XXII:
965 2199 1312 2277 „Ostendit
1335 2199 1792 2279 milzifluvium
1825 2220 2024 2282 aquae
2060 2202 2241 2269 vivae
2276 2220 2391 2262 eco-

270 2307 515 2362 euntem
561 2320 640 2363 eoe
691 2300 941 2363 Throno
986 2302 1128 2362 Dei
1168 2307 1230 2362 et
1263 2300 1448 2382 Aqm‘
1468 2304 1503 2335 ‘⁶'
1560 2302 1749 2362 Vers:
1813 2305 1882 2378 13
1935 2320 2048 2379 per
2085 2302 2391 2362 Thronum

270 2402 390 2462 Dei
427 2410 487 2460 et
514 2403 671 2479 Agni
702 2403 1047 2481 intelligitur
1076 2401 1323 2462 Coelum
1353 2411 1415 2463 et
1439 2404 1730 2463 Dominus
1763 2403 1850 2462 ibi
1882 2401 2082 2479 quoad
2104 2403 2394 2461 Divinum
2468 2458 2474 2464 .

270 2488 506 2560 Bonum
541 2508 601 2560 et
629 2503 823 2578 quoad
850 2504 1131 2561 Divinum
1159 2502 1405 2577 Verum,
1443 2504 1613 2563 Deus
1640 2503 1724 2561 ibi
1752 2508 1846 2562 est
1870 2503 2163 2561 Dominus
2193 2502 2392 2579 quoad

272 2601 555 2659 Divinum
574 2601 802 2660 Bonum
835 2610 899 2686 et¹
919 2604 1127 2677 Agnus
1166 2603 1361 2677 quoad
1387 2604 1672 2663 Divinum
1696 2602 1959 2662 Verum:
2009 2600 2389 2678 distinguit-ur

271 2700 371 2759 hic
408 2702 563 2759 inter
596 2707 946 2785 utrumque,
1003 2704 1142 2778 quia
1178 2709 1316 2761 sunt
1352 2706 1454 2779 qui
1488 2705 1779 2780 recipiunt
1811 2701 1948 2779 plus
1984 2719 2169 2760 unum
2208 2719 2388 2779 quam

269 2800 558 2874 alterum,
613 2803 711 2877 qui
745 2804 1038 2878 recipiunt
1070 2801 1354 2861 Divinum
1383 2804 1614 2863 Verum
1649 2805 1709 2862 in
1741 2803 1898 2862 bono
1933 2801 2022 2860 illi
2055 2801 2381 2875 salvantur,

266 2902 370 2976 qui
406 2907 609 2960 autem
644 2904 941 2979 recipiunt
975 2902 1259 2972 Divinum
1296 2902 1555 2979 Verum,
1596 2904 1755 2981 quod
1791 2909 1887 2962 est
1920 2902 2209 2976 Verbum,
2263 2919 2390 2961 non¹

265 3003 327 3060 in
373 3000 563 3072 bono,
606 3002 695 3060 illi
729 3020 847 3062 non
883 3002 1224 3081 salvantur,
1283 3006 1564 3078 quoniam
1612 3020 1786 3062 omne
1832 3003 2119 3061 Divinum
2153 3001 2383 3062 Verum

266 3106 361 3161 est
407 3102 469 3158 in
502 3102 688 3176 bono,
745 3110 956 3163 et.non
992 3101 1169 3176 alibi,
1228 3119 1413 3177 quare
1463 3105 1565 3179 qui
1606 3120 1724 3162 non
1783 3103 2081 3178 recipiunt
2127 3101 2278 3160 illud
2323 3104 2383 3160 in

262 3200 454 3275 bon0,
512 3201 599 3262 illi
633 3189 913 3279 rejiciunt
945 3202 1094 3260 illud
1130 3209 1190 3261 et
1223 3208 1447 3278 negant
1480 3203 1630 3262 illud
1640 3248 1673 3279 ‚,
1714 3204 1767 3261 si
1799 3219 1918 3260 non
1950 3200 2153 3277 palam
2188 3217 2383 3280 usque

265 3303 481 3374 tacite,
515 3308 575 3361 et
609 3304 663 3361 si
699 3319 814 3361 non
851 3320 955 3361 ore
992 3318 1187 3377 usque
1217 3301 1426 3377 corde,
1465 3320 1604 3362 nam
1640 3318 1744 3362 cor
1771 3318 1974 3361 eorum
2011 3308 2104 3361 est
2138 3301 2379 3375 malum,

266 3408 327 3460 et
373 3402 596 3462 malum
640 3402 864 3478 rejicit:
918 3403 1187 3478 recipere
1235 3401 1517 3460 Divinum
1554 3402 1784 3462 Verum
1842 3403 1903 3458 in
1950 3400 2136 3476 b0n0,
2194 3406 2287 3460 est
2320 3403 2383 3459 in

262 3500 419 3561 bono
457 3502 795 3573 charitatis,
846 3519 985 3561 nam
1022 3503 1123 3578 qui
1155 3503 1218 3558 in
1252 3500 1354 3560 illo
1391 3508 1531 3560 sunt
1565 3504 1608 3560 ii
1641 3502 1956 3578 recipiunt.

422 3605 586 3661 298.
643 3601 820 3679 Quod
846 3602 1116 3670 Dextra,
1152 3616 1285 3659 eum
1323 3600 1398 3660 de
1424 3600 1710 3676 Domino,
1751 3600 2046 3677 significet
2081 3605 2142 3658 et
2170 3597 2381 3659 Omni-

264 3705 590 3776 potentiam
628 3709 687 3761 et
714 3700 1222 3774 Omniscientiam,
1264 3707 1357 3760 est
1392 3703 1534 3779 quia
1568 3702 1645 3760 ad
1679 3701 1952 3760 dextrum
1985 3701 2048 3758 in
2076 3698 2257 3760 Coelo
2289 3707 2384 3760 est

263 3798 579 3873 Meridies,
617 3807 677 3861 et
710 3802 788 3860 ad
822 3804 1126 3860 sinistrum
1161 3800 1249 3857 ibi
1281 3806 1376 3860 est
1413 3798 1780 3878 SeptentriO,
1835 3805 1895 3859 et
1928 3817 2038 3876 per
2071 3800 2383 3860 Meridiem

264 3899 632 3975 significatur
665 3900 949 3960 Divinum
977 3900 1204 3961 Verum
1237 3902 1300 3960 in
1332 3901 1491 3971 luce,
1528 3907 1589 3962 et
1621 3917 1734 3979 per
1760 3899 2239 3977 Septentrionem
2265 3901 2380 3961 Di-

262 3999 470 4057 vinum
503 3998 728 4059 Verum
772 4003 834 4059 ln
880 4000 1122 4076 umbra3
1180 4007 1240 4060 et
1289 4003 1431 4079 quia
1479 4004 1666 4062 omnis
1702 4003 1982 4061 Potentia
2035 4006 2128 4060 est
2159 4000 2381 4061 Divino

264 4098 439 4158 Bono
488 4116 602 4175 per
634 4100 917 4163 Divinum
952 4100 1210 4178 Verum,
1264 4101 1402 4161 ideo
1448 4118 1561 4178 per
1603 4101 1901 4177 dextram,
1957 4117 2092 4159 cum
2135 4100 2209 4159 de
2245 4102 2376 4159 Do-

263 4200 457 4275 mino,
513 4199 882 4279 significatur
929 4200 1401 4281 Omnipotentia5
1458 4208 1517 4261 et
1564 4205 1704 4279 quia
1742 4204 1930 4264 omnis
1990 4199 2381 4277 intelligentia
