2791 4778
401 222 510 280 504
852 209 1349 267 APOCALYPSIS
1392 209 1831 270 EXPLICATA.
1907 210 1954 279 §.
2010 219 2142 273 412.

397 367 701 451 oolleqero
758 368 945 452 filios
1004 367 1286 432 Israelis
1348 389 1539 450 super
1592 377 1829 431 terram
1891 388 2107 442 suam,
2191 372 2346 429 tunc
2404 389 2552 432 non

397 470 780 533 abscondam
833 469 1120 550 amplius
1165 472 1382 551 jacies
1447 490 1621 530 meas
1672 472 1750 530 ab
1803 471 1921 543 iis,
1998 470 2155 548 quia
2198 469 2548 548 effundam

394 571 696 653 spiritum
757 591 963 633 meum
1021 592 1214 651 super
1265 569 1450 653 filios
1501 569 1826 633 Israelis“
1870 571 2187 631 XXXIX:
2247 574 2362 630 28.
2408 574 2532 630 29.

394 673 578 750 Apud
612 673 912 733 Davidem
947 672 1136 746 „Non
1184 673 1422 751 sprevit
1460 692 1650 751 neque
1687 677 2154 741 aversanam
2190 670 2533 731 miseriam

395 770 704 849 Israelis,
760 792 950 852 neque
983 772 1387 833 abscondidit
1409 771 1623 853 facies
1663 792 1819 832 suas
1854 773 1933 832 ab
1969 791 2065 846 ea,
2120 771 2230 831 sed
2263 771 2525 849 quando

398 872 702 936 clamavit
744 872 834 935 ad
878 873 1136 952 Ipsum,
1188 873 1574 934 exaudivit“
1631 874 1864 933 Psalm:
1921 873 2141 932 XXII:
2183 877 2302 947 253
2354 872 2512 930 dici-

394 977 587 1034 turin
621 975 713 1032 his
753 975 927 1049 lucie,
986 974 1147 1049 quod
1197 974 1509 1049 Jfflrnvah,
1565 974 1679 1033 hoc
1730 983 1851 1049 est,
1909 974 2199 1032 Dominus
2250 972 2526 1031 occultet

395 1082 456 1134 et
491 1074 823 1134 abscondat
871 1076 1057 1133 facies
1114 1093 1253 1133 suas
1303 1083 1551 1151 propter
1602 1077 1946 1150 iniquitates
2002 1081 2061 1133 et
2108 1080 2387 1149 peccata,
2450 1090 2528 1131 ae

396 1183 643 1252 rogatur
677 1194 752 1236 ne
791 1176 1055 1234 occultet
1095 1183 1154 1234 et
1189 1176 1536 1248 abscondat,
1578 1194 1714 1235 cum
1745 1183 1940 1234 tamen
1977 1192 2270 1249 nusquam
2309 1174 2527 1232 occul-

399 1283 486 1334 tat
524 1283 583 1334 et
628 1276 967 1348 abscondit,
1036 1294 1250 1352 nempe
1287 1278 1570 1336 Divinum
1627 1294 1801 1334 suum
1852 1277 2084 1334 Bonum
2122 1293 2192 1334 ac
2228 1275 2526 1333 Divinum

397 1393 569 1435 suum
607 1375 866 1451 Verum,
923 1385 1016 1436 est
1061 1379 1216 1436 enim
1259 1377 1553 1435 Dominus
1601 1381 1735 1452 ipse
1770 1377 2027 1435 Divinus
2067 1377 2250 1435 Amor
2287 1380 2346 1434 et
2379 1377 2528 1450 ipsa

392 1476 834 1547 Misericordia,
889 1494 958 1535 ac
1003 1478 1134 1536 vult
1183 1480 1442 1535 omnium
1492 1478 1781 1547 salutem,
1836 1495 2021 1553 quare
2076 1484 2168 1535 est
2222 1492 2524 1552 praesens

398 1575 560 1652 apud
596 1594 801 1635 omnes
842 1586 901 1634 et
935 1578 1232 1653 singulo-⁴3,
1287 1577 1465 1635 etiam
1505 1578 1666 1654 apud
1702 1579 1835 1637 illos
1866 1583 1965 1653 qui
2002 1580 2061 1635 in
2098 1576 2523 1651 iniquit-atibus

394 1683 455 1736 et
488 1679 755 1752 peccatis
793 1684 960 1749 sunt,
1025 1695 1135 1753 per
1173 1695 1350 1751 quam
1387 1682 1793 1753 praesentiam
1831 1679 1932 1736 dat
1965 1678 2082 1736 illis
2121 1677 2375 1736 liberum
2411 1693 2517 1735 re-

391 1777 648 1853 cipIendi
682 1775 919 1852 Ipsum,
974 1777 1087 1835 hoc
1120 1785 1237 1851 est,
1292 1796 1502 1836 verum
1540 1786 1602 1837 et
1636 1779 1855 1838 bonum
1891 1779 1966 1837 ab
2002 1779 2180 1854 Ipso,
2237 1794 2424 1852 quare
2462 1779 2520 1834 si

389 1894 465 1936 ex
500 1877 691 1936 libero
730 1877 969 1953 volunt,
1011 1881 1189 1937 etiam
1226 1881 1551 1955 recipiunt3
1609 1898 1795 1938 causa
1831 1880 1991 1956 qnod
2036 1898 2109 1936 ex
2146 1878 2361 1949 libero,
2422 1884 2523 1937 est

388 1983 455 2037 ut
489 1978 647 2037 bona
686 1987 746 2037 et
783 1996 928 2036 vera
962 1987 1244 2038 maneant
1282 1980 1446 2056 apud
1495 1981 1823 2056 hominem,
1881 1998 1952 2039 ae
1992 1982 2111 2044 sint
2146 1979 2309 2055 apud
2340 1979 2516 2036 illum

388 2081 551 2139 sieut
586 2081 776 2157 ipsius
793 2098 809 2153 3
867 2080 1027 2154 quod
1065 2082 1216 2139 enim
1255 2080 1433 2139 homo
1485 2100 1558 2139 ex
1606 2082 1793 2139 libero
1841 2059 2015 2149 facit,
2076 2080 2190 2139 hoc
2238 2093 2310 2137 ex
2357 2079 2513 2138 affe-

390 2181 586 2238 ctione
623 2181 795 2254 facit,
851 2198 989 2238 nam
1025 2198 1197 2240 omne
1233 2181 1486 2240 liberum
1527 2189 1621 2240 est
1657 2183 2017 2251 affectioniS,
2058 2181 2292 2239 affectio
2331 2183 2521 2239 etiam

389 2285 483 2339 est
518 2280 796 2338 voluntas
835 2282 999 2358 ejus,
1041 2300 1224 2356 quare
1263 2283 1422 2357 quod
1458 2285 1744 2358 recipitur
1777 2286 1835 2341 in
1873 2283 2062 2341 libero
2099 2298 2207 2340 seu
2246 2298 2320 2338 ex
2358 2280 2516 2340 affe-

386 2381 581 2441 ctione
627 2381 911 2458 hominiS,
981 2381 1097 2443 hoc
1155 2384 1337 2442 intrat
1382 2382 1755 2443 voluntatem
1819 2384 1980 2461 ejus,
2052 2391 2112 2443 et
2159 2392 2509 2459 permanet3

388 2482 548 2559 quod
583 2488 722 2541 tunc
757 2491 1140 2560 permaneat,
1197 2494 1288 2543 est
1325 2487 1465 2561 quia
1492 2484 1771 2543 voluntas
1802 2492 1903 2544 est
1939 2488 2070 2561 ipse
2113 2484 2317 2555 homo,
2370 2501 2516 2542 nam

382 2586 445 2641 in
479 2583 584 2642 illa
618 2584 844 2644 residet
877 2587 1160 2662 primario
1199 2588 1320 2643 vita
1342 2587 1521 2662 ejus,
1576 2594 1637 2643 at
1670 2587 1728 2643 in
1767 2588 2124 2662 cogitatione
2172 2602 2282 2641 seu
2314 2586 2371 2640 in
2413 2586 2509 2641 in-

388 2681 637 2742 tellectu
675 2687 1029 2744 secundario
1044 2707 1059 2762 ;
1113 2687 1262 2745 haec
1299 2690 1499 2763 itaque
1540 2695 1631 2744 ost
1671 2704 1883 2755 causa,
1938 2685 2092 2762 quod
2131 2685 2309 2743 homo
2346 2687 2507 2743 reci—

380 2799 528 2859 pere
571 2782 786 2842 debeat
821 2786 1105 2845 Divinum
1133 2787 1365 2845 Bonum
1405 2794 1464 2845 et
1491 2788 1772 2845 Divinum
1814 2788 2071 2855 Verum,
2116 2802 2250 2844 cum
2291 2785 2507 2860 quibus

379 2882 674 2942 Dominus
729 2899 971 2959 semper
1034 2895 1125 2943 est
1172 2904 1463 2961 praesens
1479 2907 1497 2962 3
1548 2887 1673 2946 hoc·
1714 2906 1949 2964 quoque
1999 2887 2352 2962 intelligitur
2400 2903 2507 2962 per

380 2999 561 3057 „ecce
597 2986 696 3041 sto
749 2982 841 3042 ad
886 2984 1123 3043 ostium
1175 2992 1235 3044 et
1280 2984 1475 3063 pulso
1492 3032 1509 3062 ,
1594 2988 1657 3046 si
1706 2988 1852 3069 quis
1909 2986 2234 3047 audiverit
2300 3005 2500 3046 vocem

380 3099 616 3154 meam,
673 3074 734 3142 εἰ
777 3084 1098 3162 aperuerit
1145 3085 1410 3162 ostium,
1474 3087 1726 3149 intrabo
1767 3088 1856 3147 ad
1891 3085 2078 3147 illum
2128 3092 2189 3145 et
2242 3088 2497 3146 coenabo

381 3200 524 3244 cum
577 3178 742 3242 ἐᾶθ’(
790 3180 989 3262 Apoc:
1043 3184 1165 3244 111:
1223 3190 1345 3247 20:
1403 3207 1609 3246 verum
1651 3207 1786 3247 cum
1820 3190 1997 3247 homo
2049 3206 2124 3246 ex
2159 3188 2352 3246 libero
2387 3187 2494 3246 eli-

379 3286 467 3361 git
516 3284 772 3356 malum,
835 3295 976 3347 tune
1019 3288 1279 3347 occludit
1326 3289 1443 3348 sibi
1491 3292 1746 3363 ostium,
1818 3298 1876 3348 et
1933 3291 2019 3348 sic
2064 3307 2180 3346 non
2246 3289 2500 3347 admittit

380 3384 600 3444 bonum
650 3394 709 3445 et
745 3406 954 3448 verum
995 3390 1151 3465 quod
1189 3407 1225 3447 a
1258 3390 1515 3448 Domino
1528 3409 1544 3464 3
1588 3408 1773 3466 quare
1809 3391 2100 3450 Dominus
2129 3398 2268 3448 tunc
2307 3406 2494 3466 appa-

323 3553 329 3557 ,
378 3492 472 3544 ret
521 3493 588 3545 ut
643 3487 899 3548 absens:
967 3504 1043 3548 ex
1085 3491 1199 3549 hac
1258 3491 1614 3566 apparentia
1662 3500 1780 3565 est,
1851 3491 2009 3567 quod
2058 3491 2293 3549 dicatur
2347 3488 2498 3566 quod

377 3585 661 3646 Jehovah
707 3590 967 3648 occultet
1015 3597 1073 3648 et
1127 3589 1458 3649 abscondat
1494 3591 1677 3649 facies
1715 3609 1894 3662 suas,
1948 3591 2185 3649 tametsi
2222 3608 2346 3648 non
2396 3607 2494 3649 oc-

377 3686 563 3744 cultat
626 3694 685 3744 et
751 3688 1089 3748 abscondit:
1170 3694 1490 3764 p‘raeterea
1549 3690 1724 3749 homo
1782 3699 1919 3751 tunc
1976 3692 2172 3767 quoad
2224 3692 2495 3766 spiritum

374 3801 548 3843 suum
585 3790 802 3844 avertit
836 3805 902 3846 se
940 3806 977 3846 a
1012 3787 1299 3863 Domino,
1365 3790 1523 3849 unde
1578 3793 1756 3850 etiam
1799 3812 1914 3853 non
1965 3792 2224 3868 percipit
2277 3792 2497 3850 bonum

371 3898 483 3939 nee
520 3884 687 3944 videt
723 3902 931 3943 verum
970 3886 1128 3960 quod
1177 3904 1212 3943 a
1246 3889 1538 3965 Domin03
1591 3893 1729 3950 inde
1784 3896 1960 3951 etiam
2000 3898 2286 3968 apparet,
2345 3894 2496 3951 sieut

368 3976 663 4035 Dominus
702 3999 819 4040 non
866 3984 1070 4040 videat
1106 3984 1304 4057 illum,
1361 4006 1494 4047 cum
1548 3996 1748 4049 tamen
1802 3994 1963 4052 videt
2014 3995 2213 4052 omnia
2260 3999 2320 4051 et
2368 3994 2490 4050 sin-

373 4071 513 4146 gula
555 4075 682 4148 ejus
694 4097 711 4151 3
770 4096 842 4135 ex
880 4079 993 4138 hac
1029 4088 1384 4156 apparentia
1422 4090 1599 4147 etiam
1638 4097 1757 4165 est,
1815 4093 1975 4169 quod
2010 4093 2244 4151 dicatur
2285 4089 2490 4151 oecul-

2703 2394 2713 2551 Ὗ
