2791 4778
386 376 624 434 CAPUT
665 378 1009 445 QUINTUM.
1733 382 1948 439 VERS:
1997 395 2087 444 13.
2249 399 2356 450 159
2401 387 2402 390 ’

389 540 551 599 345.
605 540 683 597 Et
715 538 904 597 honor
959 547 1019 598 et
1054 539 1272 616 gloria,
1325 541 1487 617 quod
1524 542 1818 619 significet
1867 544 2029 621 quod
2063 545 2192 622 Ipsi
2229 548 2357 609 Soli

222 644 308 700 sit
342 656 516 699 omne
550 639 836 697 Divinum
870 639 1105 697 Bonum
1153 658 1223 698 ac
1258 640 1543 701 Divinum
1579 643 1844 719 Verum,
1900 661 1970 704 ae
2006 644 2143 727 inde
2180 665 2356 708 omne

216 742 449 800 bonum
498 742 716 798 amoris
778 755 848 797 ao
894 756 1105 797 verum
1156 739 1327 813 fidei,
1395 759 1550 818 quae
1586 743 1834 820 Angelis
1886 751 1947 805 et
1992 745 2352 823 hominibusi,

220 845 470 901 constat
517 857 592 899 ex
629 839 1060 915 significatione
1105 839 1346 899 honoris
1386 849 1447 900 et
1480 842 1740 918 gloriae,
1793 861 1931 904 cum
1964 845 2039 904 de
2074 846 2350 924 Domino,

221 941 395 1019 quod
437 942 516 999 sit
549 939 835 998 Divinum
870 940 1103 999 Bonum
1155 957 1225 998 ae
1271 941 1555 1004 Divinum
1592 944 1849 1017 Verum,
1908 945 1981 1005 de
2019 963 2140 1021 qua
2174 950 2355 1007 etiam

221 1059 420 1119 supra
452 1058 521 1100 n:
565 1042 745 1115 2883
785 1046 846 1097 et
885 1042 1027 1116 quia
1062 1058 1173 1116 per
1208 1041 1496 1100 honorem
1534 1049 1595 1102 et
1630 1044 1900 1119 gloriam,
1939 1062 2073 1105 cum
2110 1047 2184 1106 de
2219 1048 2351 1107 Do-

218 1144 424 1211 mino,
477 1143 843 1216 significatur
878 1140 1162 1198 Divinum
1205 1141 1436 1200 Bonum
1478 1154 1537 1203 et
1570 1144 1851 1202 Divinum
1888 1145 2116 1205 Verum
2128 1191 2145 1222 ,
2195 1148 2356 1220 inde,

223 1259 369 1303 eum
409 1241 495 1300 ·de
531 1241 804 1314 homine,
858 1258 968 1316 per
1015 1240 1300 1300 honorem
1352 1253 1413 1302 et
1462 1244 1709 1320 gloriam
1758 1245 2129 1321 significatur
2176 1264 2351 1309 omne

216 1344 448 1403 bonum
502 1344 722 1401 amoris
773 1347 832 1399 et
879 1358 1088 1399 verum
1127 1341 1292 1415 fidei,
1350 1360 1422 1401 ex
1460 1343 1680 1420 quibus
1732 1347 1922 1403 omnis
1958 1349 2255 1422 sapientia
2292 1355 2355 1408 et

219 1442 626 1519 intelligentia
661 1448 754 1501 est
779 1435 1024 1517 Angelis
1054 1449 1115 1500 et
1139 1441 1496 1502 hominibusi.
1552 1443 1722 1503 Haec
1749 1444 1910 1504 dicta
1939 1447 2184 1505 suntab
2210 1448 2349 1525 illis,

222 1545 334 1621 qui
368 1545 429 1602 in
463 1542 687 1601 ultimis
725 1542 878 1601 coeli
913 1548 1088 1615 sunt,
1146 1545 1247 1619 qui
1282 1545 1483 1602 sciunt
1516 1544 1666 1616 hoe,
1724 1548 1959 1605 tametsi
1997 1563 2113 1606 non
2149 1548 2354 1608 vident

223 1651 289 1706 et
333 1645 959 1720 percipiunt3·sciuut
1004 1644 1157 1701 enim
1213 1660 1421 1703 omnes
1478 1646 1577 1721 qui
1630 1632 2043 1720 ab'·Eeclesia,
2100 1651 2241 1726 quia
2276 1667 2351 1707 ex

221 1745 495 1804 doctrina
531 1749 653 1816 est,
710 1742 865 1818 quod
915 1758 1088 1801 omne
1123 1742 1343 1802 bonum
1394 1751 1455 1803 et
1489 1762 1695 1803 verum
1751 1748 1831 1803 sit
1867 1764 1903 1805 a
1935 1747 2101 1821 Deo,
2154 1754 2216 1809 et
2249 1752 2353 1826 qui

220 1848 412 1904 vitam
446 1843 662 1902 bonam
701 1850 984 1918 egerunt,
1039 1842 1128 1901 illi
1162 1846 1422 1903 retinent
1454 1844 1568 1903 hoc
1606 1852 1667 1905 et
1709 1846 1989 1921 credunt,
2030 1866 2139 1909 nec
2177 1866 2350 1910 scru-

218 1951 429 2005 tantur
463 1942 758 2020 quomodo
783 1943 898 2001 hoc
924 1943 1023 2017 fit,
1061 1942 1197 2002 inde
1236 1952 1329 2003 est
1357 1945 1517 2022 quod
1552 1945 1637 2004 illi
1664 1949 1848 2006 etiam
1887 1951 1947 2006 in
1977 1947 2162 2009 Coelo
2189 1958 2346 2023 sunt,

219 2045 561 2111 tametsiiu
598 2043 805 2102 ultimo
844 2043 1007 2119 ejus;
1061 2050 1125 2101 at
1159 2046 1261 2119 qui
1297 2046 1641 2122 spirituales
1694 2048 1837 2106 faeti
1889 2057 2054 2123 sunt,
2111 2050 2198 2108 illi
2232 2067 2351 2108 non

216 2146 399 2206 modo
436 2145 633 2203 sciunt
665 2142 774 2202 sed
811 2146 991 2203 etiam
1025 2142 1231 2202 vident
1265 2151 1327 2204 et
1359 2147 1699 2222 percipiunt
1736 2148 1895 2223 quod
1930 2152 2016 2207 ita
2049 2150 2155 2225 sit,
2208 2149 2347 2209 inde

216 2247 284 2307 hi
318 2251 462 2305 sunt
491 2246 555 2303 in
582 2243 782 2303 Coelis
819 2244 1230 2319 superioribus
1243 2265 1261 2321 3
1297 2233 1361 2304 hi
1397 2263 1531 2304 cum
1565 2249 1626 2304 in
1653 2246 1936 2306 mundum
1973 2250 2347 2325 spiritualem

218 2348 502 2418 veniunt,
542 2343 748 2404 vident
782 2360 930 2403 vera
965 2352 1027 2404 et
1060 2346 1401 2422 percipiunt
1433 2345 1538 2404 illa
1572 2347 1632 2405 in
1670 2345 1804 2406 luce
1838 2346 2045 2422 Coeli,
2086 2365 2197 2408 nee
2234 2349 2344 2409 ad-

221 2449 466 2506 mittunt
498 2463 764 2504 normam
799 2446 859 2502 in
887 2444 1110 2504 Mundo
1147 2463 1185 2503 a
1208 2445 1411 2505 multis
1441 2453 1766 2522 receptam,
1812 2447 1970 2522 quod
2004 2448 2345 2508 intellectus

227 2547 346 2606 erit
380 2545 491 2604 sub
523 2545 724 2621 aliqua
759 2545 1098 2603 obedientia
1132 2562 1318 2605 caeca
1350 2545 1490 2604 fidei
1510 2565 1527 2620 ς
1566 2545 1739 2604 aliter
1774 2545 1858 2605 illi
1896 2549 2000 2623 qui
2034 2550 2095 2605 in
2119 2548 2345 2608 ultimis

227 2644 388 2705 coeli
413 2650 564 2720 suut,
591 2647 732 2721 quia
758 2663 875 2703 non
907 2645 1105 2705 vident
1136 2653 1197 2704 et
1221 2647 1580 2722 percipiunt,
1610 2653 1851 2706 manent
1884 2649 1946 2705 in
1982 2648 2087 2706 illa
2113 2665 2341 2723 norma,

218 2744 337 2806 sed
373 2762 561 2822 usque
593 2748 965 2804 instruuntur
1000 2763 1070 2805 ac
1106 2747 1379 2804 instructi
1416 2747 1613 2805 sciunt
1645 2763 1806 2805 vera.

382 2847 541 2906 346.
584 2846 662 2904 Et
687 2844 869 2903 robur
894 2848 955 2904 in
981 2846 1228 2905 saecula
1252 2845 1649 2917 saeculorum,
1676 2846 1835 2929 quod
1863 2848 2155 2924 significet
2183 2852 2343 2926 quod

214 2946 348 3023 Ipsi
384 2945 511 3006 Soli
546 2947 625 3004 sit
658 2944 1131 3020 omnipotentia,
1171 2947 1230 3003 in
1267 2957 1606 3020 aeternum,
1646 2954 1879 3006 constat
1918 2965 1993 3008 ex
2029 2951 2334 3028 significa-

216 3048 383 3106 tione
430 3045 696 3117 roboriS,
753 3057 886 3103 eum
937 3046 1009 3104 de
1062 3046 1347 3121 Domino,
1405 3046 1562 3122 quod
1612 3049 1691 3105 sit
1737 3046 2220 3126 omnipotentia:
2278 3058 2340 3110 et

218 3148 363 3224 quia
408 3145 665 3205 Domino
701 3144 1145 3221 omnipotentia
1191 3154 1285 3204 est
1325 3164 1397 3206 ex
1434 3147 1652 3205 Divino
1686 3146 1856 3207 Bono
1911 3166 2023 3226 per
2056 3150 2340 3209 Divinum

213 3245 481 3321 Verum,
534 3245 670 3304 ideo
706 3231 1161 3305 dicitur-Honor
1201 3254 1257 3303 et
1298 3245 1508 3305 Gloria
1541 3257 1604 3306 et
1637 3247 1857 3317 Robur,
1910 3265 2023 3325 per
2055 3250 2340 3309 honorem

216 3347 376 3406 enim
402 3352 465 3405 et
488 3346 736 3422 gloriam
765 3346 1127 3421 significatur
1149 3347 1429 3404 Divinum
1450 3347 1681 3405 Bonum
1713 3357 1772 3406 et
1788 3349 2071 3408 Divinum
2090 3349 2334 3424 Verum3

217 3445 381 3523 quod
428 3448 618 3505 omnis
666 3445 942 3505 Potentia
994 3447 1070 3504 sit
1116 3446 1338 3504 Divino
1387 3446 1555 3504 Bono
1604 3464 1716 3522 per
1766 3447 2052 3506 Divinum
2088 3448 2335 3522 Verum,

214 3546 496 3605 videatur
528 3547 589 3604 in
623 3544 824 3622 Opere
861 3545 935 3605 de
975 3544 1180 3605 Coeno
1216 3565 1294 3604 m·
1321 3546 1616 3617 Inmane,
1655 3564 1725 3604 n:
1771 3547 1934 3604 231.
1969 3547 2134 3605 232.
2174 3547 2335 3606 539.

158 3712 183 3727 ‚
218 3652 278 3707 et
313 3662 500 3722 supra
533 3663 603 3704 n:
639 3646 804 3704 209.
839 3646 1001 3704 333.
1055 3645 1265 3705 Robur
1292 3646 1502 3705 ultimo
1541 3646 1638 3705 hie
1673 3646 1903 3720 dicitur,
1942 3652 2003 3705 et
2027 3646 2103 3706 ab
2130 3639 2337 3724 Ange-

212 3744 290 3806 lis
325 3744 533 3807 Ultimi
567 3744 767 3822 Coeli,
824 3747 966 3822 quia
998 3744 1235 3819 Robur,
1276 3747 1379 3805 ubi
1415 3745 1491 3805 de
1528 3747 1821 3818 Domino,
1861 3745 2076 3805 dieitur
2112 3747 2187 3807 de
2222 3747 2337 3807 Di-

213 3848 355 3905 vina
387 3846 669 3906 Potentia
710 3848 772 3904 in
824 3861 935 3904 suo
969 3845 1189 3916 Pleno,
1242 3862 1313 3905 ae
1349 3849 1411 3904 in
1447 3862 1560 3905 suo
1594 3845 1784 3906 Pleno
1825 3853 1919 3906 est
1967 3849 2028 3906 in
2063 3847 2340 3909 Ultimis:

214 3946 374 4022 quod
406 3946 688 4005 Divinum
724 3947 784 4006 in
821 3944 1057 4007 Ultimis
1095 3948 1174 4006 sit
1206 3949 1266 4006 in
1301 3962 1413 4005 suo
1454 3946 1673 4022 Pleno,
1714 3949 1799 4005 ita
1831 3948 1898 4005 in
1928 3963 2041 4008 suo
2075 3947 2332 4025 Robore,

210 4046 490 4107 videatur
548 4048 614 4105 in
657 4045 935 4106 Anems
992 4044 1410 4106 Connnswmus
1472 4065 1541 4105 n:
1590 4048 1799 4108 5897.
1861 4049 2073 4109 6451.
2119 4051 2339 4110 8603.

216 4148 432 4206 9828.
480 4148 694 4205 9836.
740 4147 1000 4207 10099.
1034 4149 1301 4222 10548;
1342 4149 1498 4205 etin
1534 4144 1735 4224 Opere
1772 4147 1848 4207 de
1884 4146 2089 4210 Cotto
2116 4167 2194 4209 m·
2221 4147 2331 4208 In-

204 4261 418 4307 rmo
454 4265 528 4305 n:
576 4247 737 4306 315.
