2791 4778
452 342 562 417 376
895 326 1386 390 APOCALYPSIS
1432 325 1867 386 EXPLICATA.
1932 326 1980 395 §.
2022 335 2144 388 400.

451 496 510 550 et
558 487 765 548 omnia
822 485 1003 545 homo
1054 484 1167 564 qui
1226 503 1416 563 super
1459 483 1758 564 faciebus
1810 489 2046 558 terrae,
2116 489 2173 543 et
2225 490 2528 544 evertentur

451 596 691 651 montes
704 632 722 662 ,
785 593 845 647 et
891 584 1119 647 cadent
1167 584 1421 665 gradus
1441 630 1456 655 ‚
1533 593 1594 646 et
1650 586 1857 646 omnia
1920 603 2144 646 miurus
2205 584 2271 644 in
2330 590 2528 645 terram

450 691 639 751 ruet“
688 686 1061 747 XXXVIII:
1108 689 1217 745 18.
1265 688 1373 744 19.
1415 688 1536 761 203
1610 703 1722 762 per
1769 686 2007 761 Gogum
2044 685 2390 761 significatur
2421 685 2526 743 cul-

453 798 550 849 tus
588 797 871 849 externus
911 787 1141 863 absque
1179 788 1440 860 interm),
1496 804 1607 862 per
1657 793 1878 845 terram
1928 786 2176 845 Israelis
2212 785 2527 861 significatur

454 889 759 965 Ecclesia3
827 887 964 948 inde
1011 894 1213 965 patet,
1283 887 1425 962 quid
1461 886 1760 963 significat
1811 887 1973 964 quod
2010 889 2071 945 in
2110 887 2203 944 die
2239 886 2334 943 illo
2369 887 2530 944 veniet

459 991 667 1068 Gogus
721 1007 906 1066 super
956 995 1176 1047 terram
1226 986 1472 1045 Israelis
1487 1007 1503 1063 3
1586 988 1748 1063 quod
1791 996 1933 1047 tunc
1991 990 2107 1047 erit
2153 994 2342 1045 terrae
2373 994 2530 1043 motus

456 1108 729 1168 magnus,
766 1089 1061 1167 significat
1095 1090 1490 1158 ,mutationem
1531 1087 1843 1147 Ecclesiae
1879 1106 1952 1146 ac
1992 1090 2379 1147 inversionem
2408 1085 2526 1161 ejus,

457 1192 654 1251 cultus
686 1192 840 1251 enim
873 1196 1155 1249 externus
1193 1206 1363 1247 omne
1397 1204 1572 1246 suum
1601 1189 1785 1247 habet
1821 1206 1896 1247 ex
1934 1189 2106 1247 cultu
2141 1191 2378 1259 interno,
2410 1184 2530 1243 adeo

457 1299 524 1350 ut
560 1292 764 1368 qualis¹
789 1292 885 1349 hic
922 1290 1061 1349 talis
1096 1289 1226 1360 ille,
1278 1306 1462 1365 quare
1500 1289 1601 1347 ubi
1653 1307 1766 1348 non
1814 1296 1906 1347 est
1958 1289 2165 1349 cultus
2201 1292 2443 1347 internus
2469 1284 2532 1342 ibi

459 1398 553 1452 est
586 1391 783 1450 cultus
822 1396 1105 1449 externus
1142 1407 1260 1448 non
1298 1389 1528 1457 cultuS,
1589 1390 1700 1448 sed
1744 1390 1919 1448 modo
1957 1398 2176 1467 gestus
2215 1395 2272 1448 et
2321 1386 2536 1463 loquela,

459 1493 741 1568 cogitatio
780 1508 934 1567 quae
971 1490 1149 1548 simul
1186 1490 1386 1559 adest,
1447 1499 1540 1549 est
1577 1510 1651 1551 ex
1686 1490 1819 1549 sola
1864 1493 2161 1551 memoria
2196 1487 2458 1559 naturali,
2490 1488 2535 1542 et

462 1593 695 1652 affectio
725 1598 816 1649 est
863 1609 936 1668 ex
979 1607 1256 1666 corpore,
1316 1590 1511 1666 qualis
1564 1600 1655 1650 est
1691 1607 1891 1650 coram
1937 1592 2185 1650 homine
2224 1609 2295 1649 ex
2339 1587 2536 1658 habitu3

457 1711 568 1771 per
620 1692 780 1769 quod
827 1692 1287 1750 contremiscent
1334 1693 1535 1768 pisces
1584 1693 1795 1761 mariS,
1875 1695 2008 1751 avis
2062 1691 2392 1762 coelorum,
2436 1687 2536 1745 fera

459 1795 612 1870 agri,
672 1798 730 1851 et
766 1808 938 1851 omne
979 1792 1194 1867 reptile
1241 1799 1489 1868 reptans
1525 1811 1710 1870 super
1751 1799 1936 1866 terra,
1999 1792 2402 1869 significantur
2432 1805 2533 1846 om-

457 1896 557 1952 nia
590 1894 873 1965 hominia,
931 1910 1067 1951 nam
1111 1909 1223 1968 per
1257 1895 1460 1969 pisces
1513 1896 1692 1952 maris
1741 1895 2165 1970 significantur
2199 1890 2465 1951 naturalia
2491 1888 2536 1943 in

307 2075 308 2078 Ἴ
460 1996 782 2069 communi,
862 2000 922 2051 et
976 1995 1037 2051 in
1098 1996 1301 2070 specie
1350 1996 1679 2054 scientifica
1731 1994 1843 2060 ibi,
1901 2013 2014 2071 per
2065 2012 2212 2053 aves
2277 1992 2536 2052 coelorum

260 2106 421 2169 [593]
462 2094 871 2172 significantur
908 2093 1339 2154 intellectualia
1372 2097 1432 2153 in
1471 2098 1792 2169 communi,
1843 2098 1901 2154 in
1938 2100 2152 2172 specie
2195 2093 2537 2171 cogitationes

462 2215 535 2257 ex
575 2198 764 2269 veris,
801 2196 898 2254 hic
925 2201 1123 2254 autem
1162 2212 1230 2253 ex
1262 2194 1464 2271 falsis3
1502 2214 1614 2272 per
1644 2197 1829 2255 feram
1868 2199 2001 2272 agri
2025 2197 2386 2273 significatur
2418 2188 2536 2247 affc-

460 2300 576 2357 ctio
606 2302 668 2356 et
695 2296 990 2373 cupiditas
1018 2295 1155 2354 falsi
1183 2304 1240 2353 et
1269 2296 1428 2370 mali,
1461 2305 1521 2355 et
1545 2315 1656 2373 per
1681 2297 1896 2372 reptile
1926 2305 2179 2373 reptans
2210 2313 2383 2373 super
2409 2298 2536 2349 terra

457 2398 825 2476 significatur
857 2397 1138 2458 sensuale
1169 2398 1328 2472 quod
1359 2405 1454 2457 est
1486 2398 1757 2457 ultimum
1790 2400 2085 2458 naturalis
2124 2417 2256 2459 cum
2291 2389 2538 2474 jucundis

459 2506 520 2559 et
553 2499 894 2559 scientificis
929 2499 1039 2572 ibi;
1090 2504 1149 2556 et
1186 2500 1326 2573 quia
1352 2517 1462 2576 per
1497 2499 1600 2557 illa
1639 2498 2049 2575 significantur
2087 2502 2281 2558 omnia
2304 2492 2535 2558 hominis,
2630 2542 2631 2551 ,

455 2600 592 2659 ideo
630 2600 876 2672 dicitur,
917 2607 977 2658 et
1013 2601 1203 2658 onmis
1230 2599 1406 2658 homo
1438 2601 1539 2675 qui
1574 2615 1760 2676 super
1794 2600 2068 2660 faciebus
2110 2609 2331 2671 terrae,
2382 2592 2537 2653 omnis

455 2699 633 2759 homo
661 2703 722 2758 in
752 2717 933 2760 sensu
963 2699 1260 2777 spirituali
1295 2707 1385 2759 est
1410 2718 1589 2758 omne
1623 2701 1876 2759 hominis
1899 2703 2098 2776 quoad
2129 2696 2537 2774 intelligentiam

460 2806 521 2859 et
548 2802 932 2875 sapientiam
973 2800 1128 2876 quod
1161 2808 1507 2859 evertentur
1542 2808 1793 2870 monteS,
1831 2801 2047 2860 cadent
2074 2802 2314 2879 graduS‚
2353 2804 2405 2856 et
2430 2810 2533 2853 om-

456 2900 551 2957 nis
588 2916 795 2959 murus
838 2902 896 2957 in
935 2908 1152 2958 terram
1202 2909 1366 2975 ruet,
1423 2901 1794 2978 significatur
1830 2903 1987 2977 quod
2033 2905 2360 2980 periturum
2395 2907 2533 2955 omne

457 2999 677 3058 bonum
713 3001 931 3057 amoris
945 3043 960 3072 ,
1014 3006 1075 3058 et
1109 3017 1280 3060 omne
1319 3021 1528 3062 verum
1567 3003 1728 3079 ejuS,
1781 3013 1841 3060 et
1878 3003 2036 3079 quod
2080 3006 2169 3062 sic
2209 3001 2424 3076 absque
2454 3009 2532 3051 re-

457 3100 734 3158 sistentia
768 3100 1130 3174 irrupturum
1180 3103 1258 3160 sit
1294 3120 1467 3160 omne
1516 3102 1738 3160 malum
1787 3110 1846 3160 et
1894 3102 2145 3176 falsum,
2200 3120 2309 3179 per
2343 3102 2531 3157 montes

457 3198 862 3276 significantur
895 3201 1053 3259 bona
1089 3204 1356 3277 amoris,'
1389 3221 1499 3279 per
1535 3203 1755 3279 gradus
1801 3221 1944 3264 vera
1978 3204 2147 3278 inde,
2203 3210 2264 3261 et
2295 3218 2397 3278 per
2427 3210 2529 3252 mu-

457 3318 587 3359 rum
639 3306 937 3374 tutamen,
1000 3309 1060 3361 et
1116 3303 1218 3361 ubi
1277 3322 1393 3362 non
1445 3311 1742 3376 tutamen,
1818 3304 1963 3363 illuc
2011 3305 2290 3379 irrumpit
2341 3299 2529 3370 absquo

456 3404 798 3462 resistentia
834 3420 1006 3462 omne
1036 3404 1256 3461 malum
1296 3411 1354 3461 et
1389 3404 1641 3463 falsum:
1698 3406 1830 3479 quis
1868 3422 1987 3464 non
2022 3405 2214 3475 videt,
2271 3399 2418 3478 quod
2441 3408 2529 3452 non

456 3504 865 3581 intelligantur
922 3507 1122 3580 pisces
1184 3506 1397 3575 marie,
1463 3521 1607 3564 aves
1672 3504 2009 3580 coelorum,
2090 3506 2222 3565 sera
2275 3502 2418 3578 agri,
2485 3497 2530 3550 et

455 3605 672 3682 reptile
723 3613 947 3678 terrae,
1020 3623 1174 3681 quae
1230 3608 1688 3664 contremiscent
1742 3622 1942 3664 coram
1991 3605 2291 3666 Jehovah.
2384 3588 2529 3673 Apud

457 3706 783 3764 Jererniam
826 3706 937 3779 „A
976 3724 1115 3766 voce
1154 3725 1343 3766 casus
1369 3703 1617 3765 Edomi
1659 3712 1716 3766 et
1755 3704 2186 3767 habitatorum
2230 3691 2528 3765 neman&

455 3804 829 3867 contremuit
873 3811 1071 3881 terra,
1140 3804 1411 3881 clamor,
1441 3825 1444 3829 ’
1480 3807 1550 3867 in
1593 3806 1767 3866 maa-i
1814 3804 1994 3886 Suph
2041 3805 2271 3867 audita
2313 3805 2400 3861 eat
2432 3806 2527 3855 2⁴0oe

456 3904 638 3987 ejus“
679 3902 913 3966 XLIX:
972 3910 1091 3981 213
1131 3925 1241 3983 per
1276 3907 1567 3967 Edomum
1607 3915 1667 3966 et
1700 3906 2070 3967 habitatores
2100 3903 2404 3965 Themanis
2434 3908 2526 3954 non

457 4006 543 4064 illi
579 4006 1019 4082 intelliguntur,
1074 4007 1183 4066 sed
1229 4007 1388 4065 mala
1441 4016 1501 4066 et
1545 4007 1699 4066 falsa
1750 4010 2030 4084 opposita
2075 4008 2242 4067 bonis
2296 4008 2350 4062 et
2396 3993 2522 4065 veris

456 4104 648 4178 Regni
686 4106 1001 4175 coelestis,
1053 4105 1189 4165 inde
1217 4123 1328 4180 per
1365 4124 1402 4164 a
1440 4125 1585 4168 voce
1615 4125 1794 4167 casus
1829 4108 2042 4167 Edomi
2083 4114 2142 4168 et
2173 4105 2525 4166 habitatorum

462 4201 785 4262 Themanis
825 4206 1178 4263 contremuit
1213 4211 1400 4283 terra,
1441 4209 1808 4283 significatur
1847 4209 2005 4287 quod
2039 4208 2304 4271 Ecclesia
2335 4196 2521 4260 mutata
