2791 4778
565 354 636 407 44
888 339 1382 396 APOCALYPSIS
1425 338 1862 399 EXPLICATA.
1933 338 1981 407 §0
2027 348 2155 401 313.
2200 347 2329 402 314.

562 503 736 581 plex,
776 508 840 560 et
877 499 1133 577 simplex
1167 497 1465 577 significat
1501 498 1661 576 quod
1696 516 1882 558 unum
1919 504 2043 572 est,
2096 505 2156 558 et
2190 504 2329 557 tunc
2366 516 2556 558 unum
2598 505 2702 560 est

565 601 803 680 quando
833 617 1045 663 verum
1083 617 1158 658 ex
1184 599 1340 659 bono
1370 604 1482 674 est,
1520 616 1630 658 seu
1656 597 1997 658 intellectus
2028 615 2102 657 ex
2133 598 2471 674 voluntate3
2514 602 2710 659 etiam

566 718 679 779 per
713 700 947 760 oculum
984 700 1256 760 dextrum
1293 698 1663 776 significatur
1693 698 2035 759 intellectus
2071 699 2244 774 boni,
2299 706 2361 758 et
2391 717 2508 776 per
2548 716 2706 760 ocu-

565 802 691 862 lum
724 802 1026 861 sinistrum
1060 799 1398 861 intellectus
1433 802 1594 874 veri,
1633 801 1736 876 qui
1774 800 1826 860 si
1860 817 2043 859 unum
2089 800 2313 859 faciunt
2349 806 2445 859 est
2479 800 2703 860 oculus

568 902 861 981 simplex,
902 903 986 961 ita
1022 901 1228 961 oculus
1265 901 1478 959 bonus.

727 1005 889 1062 314.
956 1002 1194 1079 Agnum
1230 1006 1523 1075 stantem,
1579 1001 1740 1078 quod
1793 1000 2088 1076 significet
2121 1001 2449 1060 Dominum
2493 1000 2705 1076 quoad

564 1104 845 1164 Divinum
882 1103 1257 1176 Humanum,
1311 1106 1547 1160 constat
1599 1118 1676 1161 ex
1721 1101 2155 1177 significatione
2190 1100 2381 1178 Agni,
2439 1118 2582 1160 cum
2623 1100 2701 1160 de
2789 1180 2791 1183 Ι

537 1202 841 1277 .D0min0,
900 1202 1059 1280 quod
1101 1204 1179 1262 sit
1213 1201 1355 1279 Ipse
1392 1201 1590 1277 quoad
1623 1201 1909 1260 Divinum
1945 1201 2318 1261 Humanum:
2359 1199 2520 1277 quod
2558 1201 2697 1261 Do·

565 1305 762 1362 minus
817 1302 1015 1379 quoad
1055 1302 1215 1361 Illud
1248 1301 1460 1378 Agnus
1498 1301 1757 1376 dicatur,
1817 1308 1912 1360 est
1957 1304 2097 1378 quia
2132 1302 2344 1378 Agnus
2393 1300 2701 1378 significat

566 1402 799 1461 Bonum
833 1404 1237 1476 innocentiae,
1292 1418 1363 1461 ac
1397 1402 1628 1461 Bonum
1664 1403 2039 1462 innocentiae
2076 1387 2168 1461 est
2221 1404 2421 1479 ipsum
2453 1402 2699 1460 Bonum

569 1501 737 1563 Coeli
771 1503 928 1580 quod
961 1502 1233 1580 procedit
1257 1519 1295 1560 a
1318 1502 1610 1577 Domin03
1649 1507 1709 1562 et
1742 1508 2028 1578 quantum
2057 1501 2275 1579 Angeli
2308 1502 2426 1561 hoc
2451 1502 2694 1560 Bonum

567 1605 866 1680 recipiunt
886 1649 903 1679 ,
942 1610 1171 1661 tantum
1209 1602 1434 1678 Angeli
1467 1608 1638 1661 sunt:
1690 1601 1804 1661 hoc
1837 1600 2072 1661 Bonum
2108 1609 2321 1678 regnat
2356 1601 2524 1678 apud
2561 1601 2694 1660 An·

567 1704 734 1780 gelos
770 1705 871 1780 qui
904 1706 967 1762 in
995 1703 1198 1762 Tertio
1235 1719 1346 1762 seu
1378 1701 1595 1761 Intimo
1626 1700 1810 1761 Coelo
1837 1708 1993 1777 sunt,
2034 1708 2404 1780 quapropter
2438 1701 2546 1774 illi,
2587 1703 2697 1778 qui

567 1804 668 1878 ibi,
707 1809 1004 1881 apparent
1039 1805 1193 1862 sicut
1227 1802 1496 1861 Infantes
1533 1785 1966 1863 coram'oculis
2003 1801 2256 1861 aliorum
2283 1801 2695 1879 Angelorum:

570 1900 714 1978 quid
758 1902 993 1960 Bonum
1038 1904 1445 1974 innocentiae,
1514 1910 1574 1962 et
1627 1902 1787 1978 quod
1835 1904 1896 1961 in
1948 1902 2050 1963 illo
2098 1903 2268 1961 Bono
2319 1904 2439 1978 sint
2474 1901 2700 1978 Angeli
2789 1914 2791 1921 ·

468 2070 479 2081 .
571 2000 760 2074 Coeli,
797 2001 1070 2061 videatur
1104 2004 1164 2059 in
1192 2000 1391 2078 Opere
1421 2002 1494 2062 de
1526 2002 1734 2062 Coum
1760 2021 1841 2063 Εἰ·
1867 2002 2165 2073 Inmane,
2199 2005 2259 2061 in
2285 1996 2560 2063 Articulo
2589 2001 2700 2060 ubi

569 2103 766 2178 agitur
800 2102 874 2162 de
903 2108 1062 2162 statu
1088 2102 1473 2162 Innocentiae
1499 2102 1867 2179 Angelorum
1897 2101 2082 2174 Coeli,
2117 2122 2187 2163 n:
2231 2107 2266 2162 2
2285 2105 2368 2163 76
2410 2101 2489 2160 ad
2519 2104 2700 2178 283,

569 2208 695 2260 tum
730 2220 799 2260 n:
843 2205 1004 2264 285.
1049 2206 1210 2263 288.
1257 2205 1417 2262 341.
1464 2204 1624 2264 382.
1682 2202 1960 2264 Creditur
1993 2206 2053 2263 in
2078 2203 2322 2277 Mundo,
2360 2201 2518 2280 quod
2554 2201 2693 2262 Do-

571 2304 764 2362 minus
814 2303 1045 2364 dicatur
1080 2304 1290 2380 Agnus
1347 2321 1422 2363 ex
1475 2321 1547 2363 eo
1575 2347 1592 2376 ,
1655 2304 1816 2379 quod
1864 2304 2301 2364 Holocaustum
2342 2304 2526 2382 juge,
2580 2319 2698 2362 seu

571 2404 732 2480 quod
767 2408 978 2483 quovis
1030 2406 1124 2465 die
1160 2422 1419 2482 vespere
1458 2412 1519 2465 et
1552 2423 1725 2465 mane
1762 2405 1973 2479 fiebat,
2026 2412 2188 2466 esset
2224 2423 2298 2465 ex
2335 2405 2558 2482 Agnis,
2612 2421 2694 2464 ae

569 2508 858 2583 imprimis
898 2507 1115 2567 diebus
1142 2506 1475 2581 PaschatiS,
1516 2506 1752 2581 quando
1790 2508 1971 2565 etiam
2007 2505 2434 2565 comedebatur
2458 2505 2692 2581 Agmm,

570 2613 631 2665 et
665 2608 823 2682 quod
849 2608 1143 2667 Dominus
1180 2624 1246 2666 se
1283 2606 1613 2666 sacrificari
1643 2624 1861 2683 passus
1898 2610 2003 2666 sit:
2045 2607 2156 2666 sed
2185 2607 2336 2665 haec
2364 2622 2556 2665 causa
2578 2605 2692 2666 de·-

569 2708 985 2767 nominationis
1023 2708 1101 2765 sit
1135 2725 1244 2783 pro
1280 2706 1414 2778 iuis,
1434 2708 1494 2765 in
1526 2707 1763 2781 mund0,
1804 2710 1905 2782 qui
1939 2724 2058 2766 non
2083 2708 2243 2766 ultra
2267 2723 2513 2766 sensum
2547 2706 2691 2766 lite-

571 2821 676 2864 rae
713 2805 902 2863 Verbi
955 2809 1253 2882 cogitant,
1305 2824 1513 2865 verum
1560 2808 1619 2866 in
1656 2806 1841 2866 Coelo
1904 2808 2051 2867 nihil
2105 2807 2226 2867 tale
2271 2824 2382 2884 per
2427 2806 2691 2883 Agnum,

573 2921 710 2964 cum
760 2903 834 2963 de
869 2904 1157 2981 Domino,
1208 2909 1571 2983 percipitur,
1621 2907 1729 2966 sed
1765 2924 1900 2967 cum
1937 2909 2274 2967 nominatur
2324 2923 2435 2966 seu
2469 2906 2697 2983 legitur

571 3004 785 3080 Agnus
837 3006 897 3062 in
934 3004 1161 3082 Verbo,
1213 3014 1352 3066 tnnc
1389 3008 1638 3084 Angeli‚
1691 3010 1833 3084 quia
1880 3026 2085 3068 eorum
2140 3025 2347 3067 omnes
2393 3009 2458 3066 in
2502 3023 2696 3066 sensu

574 3102 875 3179 spirituali
909 3103 1098 3163 Verbi
1131 3113 1302 3182 sunt,
1355 3110 1699 3185 percipiunt
1729 3107 1961 3167 Bonum
1995 3108 2410 3183 Innocentiae,
2459 3114 2520 3167 et
2556 3124 2699 3167 cum

572 3203 869 3261 Dominus
901 3204 989 3261 ita
1014 3212 1277 3281 vocatur,
1314 3210 1656 3285 percipiunt
1675 3208 1959 3268 Divinum
1994 3208 2335 3268 Humanum
2370 3208 2597 3285 IpsiuS‚
2634 3214 2700 3268 et

574 3301 758 3362 simul
786 3301 1016 3361 Bonum
1052 3305 1420 3367 innocentiae
1456 3308 1617 3383 qnod
1650 3307 1726 3367 ab
1751 3307 1929 3385 Ipso;
1967 3310 2111 3384 scio,
2151 3308 2311 3385 quod
2336 3324 2516 3384 aegre
2554 3324 2695 3367 cre-

577 3401 755 3461 datur
806 3402 964 3478 quod
1013 3404 1097 3463 ita
1147 3408 1253 3478 sit,
1305 3406 1415 3467 sed
1461 3423 1655 3485 usque
1706 3415 1799 3468 est
1832 3407 2076 3468 Verum.
2159 3408 2334 3484 Quod
2368 3408 2581 3485 Agnus
2629 3410 2698 3468 in

573 3501 781 3562 Verbo
819 3503 1108 3579 significet
1140 3507 1376 3567 Bonum
1411 3510 1804 3584 innocentiae,
1846 3515 1905 3568 et
1938 3508 2042 3568 ubi
2076 3507 2150 3569 de
2186 3508 2461 3582 Domino,
2500 3510 2693 3586 signi-

572 3603 714 3663 ficet
739 3601 1022 3664 Divinum
1049 3606 1391 3667 Humanum
1424 3607 1645 3685 Ipsius,
1684 3615 1958 3669 constare
1994 3614 2197 3686 potest
2231 3627 2268 3666 a
2302 3608 2694 3685 sequentibus

574 3702 671 3761 his
722 3702 897 3778 locis3
954 3705 1114 3783 apud
1159 3708 1405 3785 Esajam
1468 3754 1506 3785 „
1527 3707 1695 3770 Ecce
1727 3707 2061 3770 Dominus
2102 3706 2371 3771 Jehovih
2416 3707 2489 3768 in
2518 3707 2698 3788 forti

373 3818 533 3882 [372]
578 3800 776 3879 venit,
832 3802 1000 3865 sicut
1032 3803 1275 3867 Pastor
1303 3826 1560 3890 yreyem
1601 3827 1791 3871 suum
1814 3814 2066 3890 pascet,
2112 3809 2183 3870 in
2210 3806 2537 3870 brachium
2563 3804 2696 3869 col-

571 3899 731 3985 liqet
766 3902 1020 3984 Aynos,
1077 3905 1147 3968 in
1183 3910 1426 3989 yremio
1455 3908 1772 3991 portabit,
1830 3906 2131 3971 lactentes
2180 3905 2408 3970 leniter
2449 3906 2634 3970 ducet
2654 3910 2693 3942 ‘⁶'

569 4003 720 4066 XL:
766 4009 846 4065 ll
879 4025 893 4065 τ
945 4006 1098 4069 haec
1134 4009 1206 4070 de
1244 4010 1509 4071 adventu
1542 4010 1785 4069 Domini
1797 4031 1813 4087 3
1868 4028 1981 4089 per
2014 4027 2259 4088 gregem
2310 4026 2487 4087 quem
2538 4010 2696 4069 sicut

568 4113 782 4183 pastor
814 4115 1059 4186 pascet,
1109 4111 1519 4191 significantur
1580 4112 1682 4187 qui
1741 4112 1801 4168 in
1847 4110 2004 4205 bono
2053 4111 2363 4171 charitatis
2402 4115 2576 4186 sunt3
2632 4115 2695 4169 et

564 4224 678 4287 per
710 4226 895 4290 agnos
951 4229 1103 4292 quos
1153 4216 1216 4274 in
1248 4211 1563 4272 brachium
1614 4226 1789 4270 suum
1826 4210 2096 4290 colliget,
2127 4209 2552 4290 ‘significantur
2589 4210 2694 4287 qui
