2791 4778
391 376 602 433 eAruw
643 359 950 436 sanun.
1710 377 1920 438 vsns=
1966 387 2054 460 ις.
2213 390 2321 441 373

265 538 516 614 spirituali
546 540 812 607 homine,
866 554 940 597 ex
992 554 1109 612 quo
1149 537 1380 612 cultus,
1439 537 1615 596 datur
1652 540 1806 596 enim
1840 538 2017 597 homo
2053 539 2323 598 internus

262 646 310 698 et
339 646 628 709 externus,
679 656 788 698 seu
824 637 1158 716 spiritualis
1205 646 1265 696 et
1304 637 1626 708 naturaIiS,
1684 640 1766 695 ita
1818 655 2055 714 quoque
2104 639 2320 699 Eccle-

259 740 353 811 sia,
401 758 524 798 nam
569 740 847 799 Ecclesia
897 746 992 798 est
1036 740 1096 795 in
1143 738 1379 797 homine
1433 745 1492 796 et
1530 755 1603 796 ex
1637 739 1974 797 hominibus
2012 740 2071 796 in
2108 740 2322 815 quibus

257 839 517 916 Ecclesia3
579 842 910 901 immutatio
961 845 1021 897 et
1079 841 1385 914 perversio
1434 838 1746 897 Ecclesiae
1794 838 2167 915 significatur
2209 858 2324 916 per

256 940 382 1014 quod
412 947 699 1000 commota
734 943 812 998 sit
846 949 1008 998 terra
1049 948 1108 997 et
1140 941 1602 998 contremuerint
1640 937 1841 1015 Coeli;
1893 956 2005 1015 per
2041 940 2200 1015 quod
2228 940 2325 1000 sol

255 1047 302 1098 et
328 1041 453 1099 luna
499 1044 676 1100 atrati
724 1043 871 1115 sint,
938 1040 1307 1115 significatur
1357 1039 1519 1115 quod
1566 1051 1684 1099 non
1732 1039 1954 1098 bonum
1998 1042 2217 1099 amoris
2262 1048 2324 1100 et

253 1157 422 1199 verum
479 1141 616 1201 fidei
631 1162 648 1216 ;
719 1149 778 1200 et
830 1158 941 1217 per
1005 1140 1165 1216 quod
1216 1140 1430 1199 stellae
1485 1142 1882 1198 contraxerint
1941 1140 2325 1215 splendorem

253 1258 418 1314 suum,
472 1242 839 1319 significatur
868 1241 1031 1318 quod
1064 1258 1181 1298 non
1219 1240 1479 1318 amplius
1516 1239 1752 1316 aliquae
1791 1243 2159 1316 cognitiones
2197 1243 2325 1301 veri

252 1347 298 1399 et
327 1342 464 1401 boni.
543 1343 726 1419 Apud
772 1342 1016 1418 Esajarn
1079 1335 1394 1415 „Raram
1438 1339 1707 1400 reddam
1752 1341 1962 1401 virum
2011 1341 2324 1401 hominem

242 1461 372 1519 prae
401 1462 551 1504 auro
577 1460 778 1522 pure,
824 1446 1160 1521 propterea
1203 1442 1583 1501 commovebo
1630 1439 1868 1502 coelum
1881 1486 1900 1518 ,
1955 1450 2015 1503 et
2049 1459 2319 1502 commo-

248 1543 450 1604 vebitur
486 1551 658 1606 twa
693 1562 725 1601 e
758 1540 890 1602 loeo
932 1560 1080 1616 sue,
1130 1524 1201 1602 ’in
1228 1541 1673 1622 indiynatione
1708 1541 1983 1603 Jelzovae
2017 1542 2319 1618 Zebaoth,

247 1643 301 1703 in
336 1643 427 1704 die
468 1642 1025 1706 eoecandeecentiae
1064 1644 1201 1703 irae
1242 1642 1464 1725 Eju3“
1515 1642 1702 1702 XIII:
1754 1648 1860 1718 1⁴2.
1909 1646 2026 1717 13;
2082 1661 2191 1719 per
2228 1646 2320 1700 vi·-

246 1761 348 1802 rum
379 1746 668 1805 hominem
707 1745 1056 1821 intelligitur
1089 1744 1511 1820 intelligentia,
1570 1752 1627 1803 et
1672 1763 1782 1820 per
1820 1763 2020 1803 rarum
2071 1743 2322 1803 reddere

244 1843 380 1905 illuni
421 1865 560 1922 prae
616 1864 762 1904 auro
812 1864 963 1922 puro
1011 1846 1361 1921 intelligitur
1409 1847 1567 1921 quod
1614 1845 2009 1921 intelllgentia
2055 1847 2155 1906 vix
2190 1863 2321 1903 am-

245 1945 402 2023 plius3
475 1965 583 2023 per
648 1947 1103 2022 intelligentiam
1163 1946 1516 2022 intelligitur
1565 1947 1961 2021 intelligentia
2014 1964 2089 2005 ex
2140 1949 2320 2020 veris,

243 2063 355 2106 nam
387 2066 456 2108 ex
489 2050 651 2108 veris
702 2054 793 2106 est
834 2049 1024 2105 omnis
1072 2047 1497 2122 intelligentia3
1552 2054 1877 2122 propterea
1934 2047 2321 2107 commovebo

243 2148 442 2207 coelum
500 2156 561 2208 et
624 2147 1092 2207 commovebitur
1139 2153 1299 2205 terra
1351 2166 1381 2206 e
1427 2146 1559 2204 loco
1611 2163 1755 2218 suo,
1823 2145 2121 2220 significat
2161 2146 2319 2222 quod

244 2245 553 2326 dissipatum
594 2250 675 2306 sit
706 2249 926 2307 bonum
980 2251 1198 2306 amoris
1236 2253 1296 2305 et
1343 2264 1550 2303 verum
1603 2244 1774 2319 fidei,
1832 2252 1891 2303 et
1928 2247 2088 2320 quod
2125 2245 2319 2305 cultus
2361 2254 2519 2318 [591]

243 2347 294 2406 in
336 2353 571 2411 externis
636 2350 771 2408 inde
786 2370 802 2427 3
868 2366 977 2426 per
1027 2348 1258 2408 coelum
1314 2354 1374 2407 et
1428 2352 1647 2405 terram
1701 2345 2068 2423 significatur
2112 2346 2210 2406 hio
2255 2353 2322 2406 ut

251 2463 405 2525 supra
439 2455 729 2513 internum
780 2459 843 2510 et
890 2458 1199 2509 externum
1249 2448 1588 2520 Ecclesiae,
1662 2449 1959 2523 internum
2007 2448 2322 2507 Ecclesiae

249 2556 330 2606 est
365 2549 551 2610 bonum
594 2554 815 2609 amoris
863 2557 924 2610 et
957 2550 1177 2608 bonum
1216 2550 1384 2623 fidei,
1443 2556 1503 2606 et
1540 2538 1851 2607 exterrium
1887 2548 2018 2623 ejus
2058 2555 2152 2608 est
2185 2547 2317 2606 cul-

242 2656 324 2705 tus
354 2652 501 2727 inde,
556 2671 696 2710 nam
736 2652 911 2727 quale
950 2657 1043 2710 est
1086 2654 1380 2710 internum
1411 2651 1665 2709 hominis
1699 2648 2033 2721 Ecclesiae,
2068 2648 2187 2707 tale
2227 2655 2321 2707 est

239 2757 510 2812 externum
550 2754 719 2830 ejuS,
770 2753 885 2810 hoc
923 2770 1035 2809 non
1090 2751 1327 2811 aliunde
1382 2750 1656 2828 procedit
1709 2769 1890 2827 quam
1944 2753 2316 2823 exinterno,

237 2849 433 2927 absque
478 2855 595 2913 hoc
645 2861 737 2911 est
785 2852 979 2912 cultus
1027 2860 1305 2911 externus
1355 2852 1747 2925 inanimatus,
1805 2859 1864 2909 et
1916 2869 2033 2910 vox
2089 2851 2319 2927 absque

234 2952 444 3026 spiritu,
493 2961 554 3012 et
591 2956 869 3029 cogitatio
922 2971 995 3010 ex
1041 2969 1165 3027 qua
1203 2970 1349 3025 vox,
1390 2969 1461 3009 ac
1498 2952 1776 3012 voluntas
1821 2970 1895 3009 ex
1933 2970 2052 3029 qua
2086 2963 2316 3029 gestuS,

236 3050 435 3129 absque
473 3058 628 3123 vita,
682 3073 817 3113 nam
854 3071 971 3113 non
1006 3055 1164 3111 inest
1198 3052 1513 3129 spirituale
1554 3068 1625 3111 ex
1671 3071 1787 3129 quo
1826 3056 1978 3128 vita3
2035 3053 2174 3128 quid
2210 3071 2320 3128 per

230 3151 668 3230 indignationem
703 3153 979 3212 Jehovae
1018 3161 1078 3211 et
1122 3155 1676 3213 excandescentiam
1725 3156 1849 3212 irae
1898 3155 2043 3231 Ejus
2092 3149 2320 3229 signifi-

233 3259 403 3329 catur,
457 3257 692 3316 dicetur
742 3258 802 3313 in
851 3254 1248 3330 explicatione
1298 3254 1374 3311 ad
1417 3253 1678 3313 Versum
1738 3258 1819 3311 17
1874 3256 2046 3312 infra.
2136 3252 2320 3329 Apud

229 3350 471 3415 Eundem
508 3402 547 3432 „
560 3353 941 3416 Cataractae
965 3355 1042 3413 ab
1078 3350 1210 3414 alto
1246 3359 1502 3433 apertae
1535 3360 1711 3426 sunt,
1746 3359 1805 3413 et
1840 3372 2142 3413 concussa
2171 3361 2320 3412 sunt

219 3450 623 3526 fundamenta
673 3463 903 3529 terrae,
968 3452 1421 3534 consrinyendo
1448 3454 1774 3533 confracta
1807 3460 1901 3513 est
1928 3459 2114 3524 terra,
2145 3469 2314 3510 com-

228 3555 497 3616 movendo
566 3562 874 3616 commota
931 3561 1025 3614 est
1088 3563 1286 3628 terra,
1366 3552 1653 3614 nutando
1697 3557 1885 3612 nutat
1930 3558 2100 3612 terra
2148 3550 2317 3609 sicut

228 3650 411 3716 ebrius
428 3702 446 3731 ,
508 3654 778 3718 vacillat
833 3655 1002 3716 sicut
1056 3655 1423 3736 tuquriam,
1494 3660 1553 3713 et
1606 3650 1833 3731 yravz’s
1885 3669 2076 3730 super
2126 3646 2317 3710 illam

217 3747 668 3828 praevaricatio
713 3757 879 3839 ejus,
938 3761 998 3815 et
1037 3754 1218 3816 cadet
1269 3763 1327 3815 ec
1377 3773 1501 3813 non
1551 3751 1746 3812 addet
1796 3769 2124 3832 resumere
2171 3769 2312 3810 am-

219 3848 423 3928 pliue“
472 3858 717 3917 XXIV:
767 3863 872 3918 18.
918 3860 1026 3915 19.
1077 3859 1199 3932 203
1258 3854 1415 3931 quod
1465 3854 1613 3913 haec
1661 3871 1776 3912 non
1840 3852 1912 3912 de
1964 3861 2151 3925 terra,
2207 3851 2318 3909 sed

161 3995 166 3999 Δ
230 3950 291 4010 de
322 3955 618 4033 Ecclesia,
661 3959 819 4017 dicta
860 3960 1004 4030 sint,
1061 3957 1375 4016 manifeste
1412 3961 1610 4032 patet,
1646 3972 1780 4012 nam
1820 3955 1950 4029 quis
1987 3960 2189 4030 potest
2222 3954 2317 4010 in-

226 4051 509 4131 telligere,
565 4059 725 4134 quod
762 4058 1150 4117 fundamenta
1186 4065 1379 4115 terrae
1419 4072 1716 4115 concussa
1751 4057 1897 4129 sint,
1963 4052 2122 4131 quod
2156 4060 2320 4111 terra

228 4164 536 4232 commota,
600 4167 772 4218 nutet
821 4161 979 4217 sicut
1022 4158 1251 4232 ebrius,
1329 4156 1572 4217 vacillet
1618 4159 1773 4216 sicut
1822 4159 2153 4232 tugurium,
2210 4154 2321 4213 sed

233 4254 463 4333 quisque
499 4259 600 4319 illa
636 4266 840 4337 potest
873 4257 1207 4335 intelligere
1246 4258 1384 4316 dum
1420 4275 1531 4345 pro
1568 4264 1729 4317 terra
1777 4259 2072 4334 cogitatur
2105 4250 2318 4316 Eccle-
