2791 4778
483 375 592 429 sss
927 363 1418 420 APOCALYPSIS
1458 361 1886 422 EmecA‘rA.
1944 362 1989 430 ς.
2034 369 2162 424 401,
2224 388 2239 404 .

483 529 584 604 qui
619 529 677 584 in
733 541 935 583 amore
982 526 1078 583 sui
1125 530 1267 584 sunt
1302 531 1362 584 et
1397 524 1533 585 inde
1570 524 1631 582 in
1665 524 1839 583 malis
1887 528 1951 582 et
2004 522 2199 597 falsis,
2254 529 2385 580 sunt
2424 526 2553 583 enim

481 644 641 687 mere
693 624 999 684 naturales
1048 631 1108 685 et
1157 625 1472 684 sensuales
1526 625 1827 698 homines,
1880 629 1941 681 et
1988 640 2152 682 mere
2198 622 2467 683 naturalis
2507 629 2554 683 et

479 725 779 788 sensualis
825 725 1003 785 homo
1058 743 1175 784 non
1227 726 1384 784 ultra
1429 733 1704 784 naturam
1757 726 2014 801 cogitat,
2090 724 2246 799 quod
2287 726 2432 782 enim
2460 740 2554 783 nou

482 828 647 888 videt
686 832 747 885 et
803 826 1028 902 tangit,
1081 826 1196 885 hoe
1248 826 1438 885 credit
1483 825 1627 885 nihil
1668 841 1836 885 esse:
1906 824 2184 900 Antiqui,
2239 824 2394 901 apud
2433 839 2554 901 quos

483 931 681 990 omnia
736 927 1043 987 Ecclesiae
1096 926 1449 985 constabant
1490 944 1565 985 ex
1614 927 2154 1002 repraesentativis
2203 925 2555 1001 spiritualium

480 1033 543 1089 in
587 1027 957 1086 naturalibus
979 1070 996 1100 ,
1053 1035 1113 1085 et
1161 1027 1322 1105 apud
1361 1043 1513 1104 quos
1548 1026 1687 1085 ideo
1726 1025 1831 1085 Sol
1866 1024 2249 1102 significabat
2277 1026 2555 1084 Dominum

485 1128 683 1204 quoad
716 1128 1001 1185 Divinum
1035 1128 1297 1201 Bonum,
1356 1145 1427 1187 ac
1463 1129 1635 1186 Luna
1669 1127 1880 1211 Ipsum
1914 1125 2123 1203 quoad
2156 1126 2416 1184 Divinum
2444 1124 2551 1183 Ve-

485 1248 647 1298 rum,
722 1234 783 1286 et
821 1230 923 1304 qui
971 1228 1107 1287 ideo
1155 1231 1216 1286 in
1264 1228 1432 1287 cultu
1491 1235 1798 1287 verterunt
1837 1227 2028 1286 facies
2084 1242 2229 1286 suas
2281 1226 2353 1284 ad
2393 1231 2557 1283 ortum

495 1329 688 1399 Solis,
740 1328 829 1387 illi
884 1345 954 1385 ex
1003 1331 1075 1388 iis
1126 1332 1226 1405 qui
1282 1331 1343 1387 in
1398 1345 1599 1388 amore
1659 1331 1753 1387 sui
1801 1328 2080 1401 fuerunt,
2149 1332 2209 1384 et
2256 1325 2382 1385 inde
2426 1339 2555 1384 mere

485 1427 790 1487 naturales
842 1434 902 1488 et
956 1429 1299 1499 sensualeS,
1353 1435 1684 1506 coeperunt
1738 1428 1942 1488 Solem
2007 1436 2072 1488 et
2133 1427 2357 1485 Lunam
2404 1425 2557 1484 oculis

482 1532 645 1588 visos
684 1528 881 1587 colere
919 1547 1027 1606 pro
1064 1531 1308 1587 summis
1346 1529 1458 1588 diis
1479 1551 1495 1606 3
1553 1531 1629 1588 et'
1659 1530 1796 1605 quia
1832 1528 2029 1588 solum
2066 1527 2158 1587 illi
2191 1527 2304 1587 hoc
2335 1529 2559 1586 fecerunt

488 1647 597 1689 seu
632 1638 1074 1706 persuaserunt
1110 1628 1243 1688 aliis
1292 1630 1530 1704 facere,
1595 1631 1695 1705 qui
1746 1632 1805 1688 in
1854 1647 2062 1689 amore
2121 1630 2214 1687 sui
2265 1635 2322 1687 et
2367 1627 2558 1686 indein

490 1730 662 1790 malis
701 1737 760 1788 et
795 1730 964 1787 salsis
1000 1731 1265 1804 fuerunt,
1321 1730 1458 1789 ideo
1494 1747 1607 1807 per
1644 1728 1844 1789 Solem
1880 1730 2257 1806 significatur
2291 1746 2442 1787 amor
2468 1727 2557 1798 sui,

486 1839 547 1889 et
579 1848 688 1907 per
723 1831 950 1888 Lunam
989 1830 1203 1888 falsum
1240 1830 1408 1889 inde:
1464 1830 1578 1891 hoc
1624 1830 1815 1890 adhuc
1866 1831 2213 1890 evidentius
2262 1833 2471 1888 constat
2500 1842 2560 1884 ex

484 1929 793 2007 spiritibus
830 1932 890 1988 in
928 1930 1119 1989 altera
1159 1933 1307 2005 vita,
1350 1934 1452 2007 qui
1487 1932 1640 1991 tales
1677 1930 1919 1989 fuerunt
1953 1934 2016 1990 in
2052 1929 2292 2005 mundo,
2328 1929 2384 1987 hi
2413 1942 2557 1987 aver-

485 2037 618 2090 tunt
651 2030 865 2089 faciem
899 2049 936 2089 a
972 2032 1262 2102 Domino,
1321 2039 1380 2091 et
1434 2039 1673 2091 vertunt
1710 2032 1871 2090 illam
1926 2032 2004 2090 ad
2055 2030 2352 2109 quoddam
2385 2027 2558 2103 caligi-

484 2149 695 2191 nosum
721 2139 781 2190 et
800 2132 1240 2191 tenebricosum
1268 2132 1368 2205 ibi,
1403 2150 1556 2208 quae
1585 2132 1717 2190 loco
1743 2132 1887 2192 solis
1917 2139 1977 2191 et
2005 2133 2191 2193 lunae
2218 2129 2407 2189 mundi
2429 2132 2556 2200 sunt,

485 2251 560 2292 ex
610 2234 887 2308 opposito
937 2234 1012 2291 ad
1062 2231 1370 2318 Solem4et
1411 2233 1639 2291 Lunam
1679 2232 1847 2293 Coeli
1894 2232 2213 2310 Angelici,
2265 2231 2337 2290 de
2381 2228 2560 2305 quibus

485 2333 803 2393 videantur
851 2332 1027 2411 plu-ra
1079 2336 1139 2393 iu
1193 2332 1391 2410 Opere
1440 2334 1513 2393 de
1567 2332 1773 2394 Coeno
1838 2352 1914 2393 m·
1966 2333 2257 2394 lienium
2314 2349 2375 2391 n:
2429 2329 2558 2387 122.

493 2436 665 2493 123:
720 2435 1077 2511 antiquitus,
1118 2452 1253 2493 cum
1289 2437 1479 2494 omnis
1519 2435 1729 2495 Cultus
1757 2435 2018 2495 Divinus
2055 2433 2561 2511 repraesentativus

483 2536 627 2609 fuit,
669 2552 712 2592 a
749 2534 970 2593 talibus
1009 2535 1219 2594 Cultus
1264 2533 1421 2594 Solis
1462 2542 1522 2594 et
1555 2536 1761 2594 Lunae
1789 2537 2101 2595 institutus
2146 2541 2268 2611 est3
2318 2541 2375 2592 at
2396 2530 2558 2601 hodie,

485 2652 622 2693 cum
653 2637 1166 2711 repraesentativa
1201 2643 1549 2711 cessarunt,
1591 2638 1649 2694 in
1695 2636 1854 2695 Orbe
1894 2635 2238 2697 Christiano
2278 2651 2387 2691 non
2417 2631 2561 2688 datur

484 2734 681 2793 cultus
727 2736 873 2793 solis
909 2742 970 2794 et
1012 2737 1223 2808 lunae,
1280 2735 1390 2794 sed
1423 2755 1533 2812 pro
1568 2737 1685 2795 illis
1733 2736 1930 2796 cultus
1978 2740 2105 2809 sui,
2164 2738 2266 2814 qui
2310 2740 2397 2794 est
2430 2725 2560 2808 apud

482 2850 635 2910 quos
672 2851 836 2892 amor
878 2838 1214 2912 imperandi
1257 2836 1778 2912 praedominatur:
1833 2837 1970 2896 inde
2005 2856 2170 2897 nunc
2209 2841 2402 2915 patet,
2448 2825 2561 2907 quid

485 2932 855 3008 significatur
916 2952 1026 3010 per
1072 2937 1260 2997 solem
1320 2944 1382 2996 et
1433 2936 1636 2996 lunam
1682 2939 1743 2995 in
1802 2940 2083 3013 opposito
2136 2954 2336 2998 sensu.
2417 2925 2558 3008 Quod

489 3033 820 3113 antiquitus
876 3035 1165 3094 coluerint
1202 3037 1393 3097 solem
1431 3045 1490 3096 et
1534 3038 1766 3107 lunam,
1814 3039 2200 3097 manifestum
2236 3041 2328 3097 est
2358 3051 2393 3092 a
2427 3032 2557 3092 Gen-

485 3132 717 3205 tilibus,
773 3136 872 3208 qui
906 3143 1238 3210 posuerunt
1281 3138 1399 3196 illis
1448 3139 1623 3212 sana,
1681 3138 1754 3197 de
1792 3138 2010 3213 quibus
2048 3140 2111 3196 in
2148 3138 2346 3197 multis
2379 3134 2552 3192 Histo-

392 3310 398 3319 .
484 3236 619 3309 riis;
678 3233 833 3310 quod
873 3237 1049 3293 etiam
1088 3237 1399 3315 Aegyptii,
1456 3256 1526 3297 ac
1571 3239 1795 3299 Judaei
1851 3245 1913 3297 et
1956 3238 2303 3312 Israelitae‚
2364 3232 2555 3294 constat

483 3351 560 3394 ex
602 3334 838 3395 Verbo:
894 3337 1053 3413 quod
1101 3338 1411 3415 Aegyptii,
1470 3340 1630 3415 apud
1677 3339 2005 3400 Jeremiam
2072 3339 2283 3414 „Rem
2329 3325 2553 3397 Babelt'8

483 3435 683 3498 veniet
723 3443 783 3496 et
823 3437 1135 3516 percutiet
1185 3446 1420 3500 terram
1458 3438 1772 3520 Aeyypti,
1853 3446 1914 3500 et
1949 3439 2305 3520 eonfrinyet
2341 3439 2551 3497 statzm

480 3537 710 3600 domus
768 3535 946 3599 Solis
994 3538 1065 3599 in
1116 3545 1289 3602 terra
1342 3538 1673 3619 Aeyypti“
1748 3539 1991 3599 XLIII:
2062 3544 2090 3600 1
2112 3545 2168 3599 1.
2234 3541 2350 3599 13:
2424 3525 2550 3610 quod

484 3642 664 3699 etiam
703 3638 926 3699 Judaei
965 3647 1026 3699 et
1071 3641 1412 3716 Israelitae,
1487 3641 1648 3717 apud
1695 3641 2075 3700 Ezechielem
2131 3684 2169 3715 ‚,
2194 3637 2346 3701 Vidi
2374 3629 2550 3717 faeie-⁹

480 3757 696 3800 eorum
745 3759 965 3800 versus
1013 3740 1340 3817 orientem,
1423 3739 1737 3820 iidemque
1788 3740 2202 3802 incurvabant
2256 3758 2321 3798 se
2369 3743 2549 3797 verm

482 3838 781 3900 orientem
832 3837 1053 3900 Solis“
1105 3842 1285 3902 VIII:
1347 3846 1373 3900 l
1395 3845 1471 3917 63
1546 3844 1744 3918 agitur
1796 3841 1880 3899 ibi
1933 3841 2006 3900 de
2058 3831 2548 3900 abominationibus

482 3938 974 4016 Hierosolymae:
1028 3944 1090 4000 in
1124 3941 1188 3999 H
1228 3941 1409 4000 Libro
1448 3943 1679 4019 Regum
1733 3940 2091 4016 „Josohiah
2135 3940 2282 4001 Rex
2324 3923 2550 3997 abolevit

484 4038 841 4097 sacerdotes
875 4036 1314 4099 idololatr-500⁸
1349 4042 1680 4121 suffientes
1729 4040 1971 4114 Baali,
2024 4040 2190 4112 Soli,
2258 4037 2466 4098 Lunae
2502 4026 2550 4084 83

482 4132 709 4191 Astrie
723 4177 741 4206 ,
831 4141 890 4192 et
948 4135 1122 4194 omni
1171 4139 1483 4199 exercitui
1550 4140 1898 4203 coelorum:
1993 4139 2255 4203 abolevit
2324 4137 2546 4209 insuper

485 4244 699 4305 equos,
761 4247 917 4305 quoe
957 4240 1312 4307 posuerant
1344 4256 1524 4315 reyes
1551 4239 1842 4302 Jehudae
1877 4240 2022 4302 Soli
2056 4242 2134 4303 ab
2167 4236 2421 4300 introitu
2453 4226 2547 4289 ἅθ’
