2791 4778
396 356 633 415 CAPUT
676 357 1020 425 QUINTUM.
1827 358 2036 416 VERS:
2079 370 2134 423 8.
2294 374 2361 425 73

216 538 429 600 super
454 514 716 593 Nauio,
753 522 817 580 et
853 535 1045 597 super
1073 514 1418 600 Hiyyajon
1443 516 1515 579 in
1542 515 1860 580 Oichara“
1904 518 2140 579 Psalm:
2166 514 2365 582 xcn²

223 626 296 681 2.
336 621 404 680 3.
438 623 501 680 4.
538 614 759 693 „Filii
781 616 1022 679 Ziom‘s
1047 613 1333 680 eoeultent
1354 617 1428 679 in
1450 616 1631 698 Rege
1654 636 1792 695 suo,
1833 614 2098 681 laudent
2120 616 2367 683 Nomen

215 718 463 801 Ipsius
499 717 572 779 in
596 715 858 794 chorea,
896 736 1041 779 oum
1073 715 1407 799 Qmpano
1444 722 1522 779 et'
1545 715 1813 780 Oitham
1837 715 2140 800 psallant
2168 717 2318 800 Ipsi
2324 722 2363 754 “

216 819 483 882 Psalm:
545 817 841 879 CXLIX:
903 822 964 877 2.
1020 820 1083 879 3.
1164 861 1204 892 „
1225 814 1529 879 Laudate
1577 816 1799 879 Deum
1863 828 2026 880 cum‘
2072 816 2371 900 clanyore
2408 826 2569 891 [391]

217 904 604 993 Rumina&
661 914 926 981 laudate
973 916 1206 1001 Ipsum
1256 918 1328 980 iu
1369 914 1608 980 Nahlio
1658 926 1718 981 et
1757 916 2057 997 Cithara,
2110 916 2375 983 laudate

220 1020 467 1102 Ipsum
530 1036 674 1080 cum
747 1017 1084 1100 Tympano
1148 1023 1210 1081 et
1274 1014 1519 1079 chorea
1529 1039 1560 1091 ;
1631 1015 1895 1083 laudate
1945 1018 2177 1100 Ipsum
2229 1039 2373 1083 cum

212 1120 518 1183 Fidibus
567 1126 629 1181 et
675 1116 934 1200 Oryano
948 1137 978 1191 ,·
1038 1115 1304 1181 laudate
1352 1116 1581 1198 Ipsum
1633 1137 1778 1180 oum
1830 1118 2157 1202 Cymbalis
2208 1121 2369 1196 soni,

222 1220 505 1283 laudate
547 1219 774 1300 Ipsum
823 1238 966 1279 cum
1010 1213 1339 1301 Oymbalis
1372 1214 1699 1300 clanyoris
1719 1222 1757 1254 “
1833 1221 2065 1281 Psalm:
2118 1220 2246 1282 CL:
2305 1224 2367 1280 3.

224 1326 296 1381 4.
349 1324 417 1381 5.
498 1319 657 1397 Quia
706 1320 1120 1379 Instrumenta
1163 1318 1399 1379 Musica
1450 1326 1513 1379 et
1567 1337 1804 1396 quoque
1855 1321 2127 1381 Choreae
2180 1323 2369 1399 signi·

227 1421 507 1481 ficabant
555 1420 774 1496 gaudia
821 1427 882 1480 et
935 1420 1197 1480 laetitias
1253 1437 1411 1497 quae
1463 1420 1758 1479 resultant
1809 1439 1885 1481 ex
1938 1421 2367 1497 affectionibuS,

233 1527 301 1579 et
339 1536 586 1597 quoque
631 1522 796 1596 ipsas
845 1522 1193 1581 affectiones
1229 1522 1447 1580 mentis
1494 1537 1644 1598 quas
1681 1524 1812 1581 soni
1846 1523 2083 1582 illorum
2119 1524 2179 1580 in
2223 1524 2370 1580 sim-

229 1620 385 1699 plici
439 1628 500 1679 et
535 1622 594 1679 iu
632 1625 959 1698 composito
1006 1619 1388 1700 producunt,
1450 1621 1584 1680 ideo
1645 1620 1931 1696 „David
1971 1629 2031 1683 et
2070 1621 2370 1684 universa

225 1720 506 1781 Domus
542 1716 820 1783 Israelis
867 1720 1166 1784 ludebant
1200 1737 1416 1783 coram
1450 1719 1737 1782 Jehovah
1777 1741 1968 1801 super
2008 1721 2214 1784 omnis
2252 1740 2366 1803 ‚qe-

224 1821 409 1884 nen‘s
437 1817 658 1901 liquis,
678 1823 679 1826 ’
700 1828 761 1884 et
783 1841 975 1903 super
1000 1819 1288 1885 Oitharie
1321 1828 1383 1885 et
1407 1840 1551 1883 cum
1579 1820 1860 1900 Nabliis,
1898 1830 1958 1884 et
1990 1840 2133 1884 cum
2163 1820 2365 1905 Dym-

220 1922 424 2001 pam's
458 1928 521 1984 et
556 1939 702 1982 cum
734 1920 1116 1985 Dulcicm‘is
1151 1928 1213 1986 et
1243 1940 1388 1984 cum
1428 1919 1798 2005 Οξιμηῠαῐὶε(ί
1842 1923 1905 1983 II
1933 1923 2109 1984 Sam:
2139 1921 2256 1984 VI:
2304 1926 2364 1983 5.

231 2022 534 2099 Quoniam
560 2022 807 2083 Cithara
841 2013 1136 2103 significat
1162 2024 1600 2083 consessionem
1637 2041 1711 2084 ex
1738 2026 1897 2084 veris
1923 2023 2363 2101 spiritualibus,
2387 2047 2396 2052 ·

231 2140 304 2181 ac
330 2141 485 2184 vera
507 2125 851 2201 spiritualia
887 2131 1027 2185 sunt
1055 2124 1272 2201 quibus
1311 2109 1650 2185 afficiuntur
1672 2124 1890 2202 Angeli
1936 2126 2038 2202 qui
2069 2127 2130 2183 in
2155 2122 2366 2201 Regno
2413 2203 2416 2206 Ἴ

232 2224 538 2299 spirituali
571 2224 816 2284 Domini
850 2231 1018 2300 sunt,
1076 2232 1138 2284 et
1175 2241 1329 2301 quae
1363 2224 1523 2285 falsa
1556 2224 1699 2285 mali
1748 2226 2077 2302 dissipant,
2132 2230 2191 2284 et
2230 2242 2366 2284 cum

230 2323 352 2383 illis
389 2327 558 2403 ipsos
595 2328 842 2403 spiritus
880 2328 983 2404 qui
1017 2328 1079 2384 in
1113 2326 1186 2383 iis
1222 2332 1397 2399 sunt,
1431 2325 1566 2386 ideo
1606 2343 1796 2402 „cum
1829 2321 2058 2386 Malus
2095 2324 2369 2404 spiritus

235 2431 376 2485 emt
417 2443 606 2504 super
631 2424 851 2503 Saule,
903 2423 1129 2488 David
1155 2426 1391 2489 sumsit
1424 2423 1757 2489 Oitharam
1781 2433 1843 2487 et
1860 2422 2150 2506 pulsavit
2172 2443 2371 2486 manu

239 2539 365 2582 sua
378 2565 395 2596 ,
449 2531 507 2586 et
551 2525 649 2586 sic
687 2527 867 2607 quies
903 2525 1063 2589 data
1088 2523 1314 2602 Sauli,
1353 2535 1414 2589 et
1449 2525 1707 2588 recessit
1744 2525 1821 2586 ab
1860 2544 1928 2586 eo
1966 2521 2183 2586 malus
2228 2523 2366 2606 spi-

241 2620 464 2682 ritus“
503 2623 534 2683 1
571 2624 747 2686 Sam:
784 2627 956 2688 XVI:
1003 2630 1108 2688 14.
1150 2627 1262 2686 15.
1305 2629 1416 2688 16.
1456 2629 1579 2703 233
1633 2626 1747 2687 hoc
1784 2626 2009 2687 factum
2048 2632 2171 2702 est,
2227 2628 2370 2703 quia

242 2720 448 2798 Reges
491 2727 1026 2802 repraesentabant
1070 2729 1393 2789 Dominum
1447 2728 1646 2805 quoad
1690 2726 1969 2804 Regnum
2019 2725 2367 2804 Spiritusne,

243 2828 303 2879 et
339 2822 474 2883 inde
511 2826 925 2903 significabant
958 2847 1106 2888 vera
1161 2829 1526 2906 spiritualia,
1581 2828 1861 2889 videatur
1895 2844 2082 2904 supra
2116 2847 2192 2888 n:
2237 2829 2319 2889 31
2346 2849 2362 2905 ;

238 2927 299 2979 at
339 2921 487 2984 Saul
522 2933 669 2988 tunc
705 2929 860 2989 falsa
893 2931 1056 2988 veris
1093 2928 1212 2988 illis
1239 2932 1540 3008 opposita,
1580 2946 1736 3006 quae
1772 2946 1884 3005 per
1919 2946 2134 2988 sonum
2171 2930 2363 2989 citha-

237 3039 338 3082 rae
380 3025 857 3105 dissipabantur,
916 3032 1058 3106 quia
1104 3029 1334 3090 cithara
1380 3029 1758 3108 significabat
1810 3029 2191 3090 affectionem
2238 3032 2369 3089 veri

239 3124 643 3198 spiritualem:
681 3129 792 3189 sed
826 3136 967 3189 tunc
1003 3131 1087 3188 ita
1112 3131 1335 3189 factum
1374 3137 1502 3204 est,
1558 3132 1697 3206 quia
1736 3129 1899 3207 apud
1932 3129 2084 3189 filios
2122 3125 2367 3189 Israelis

235 3227 430 3284 omnia
456 3212 640 3289 ⁸erant
669 3229 1191 3308 repraesentativa
1226 3238 1288 3290 et
1310 3230 1450 3291 inde
1477 3230 1915 3307 significativa3
1961 3230 2138 3291 aliter
2170 3230 2368 3290 hodie.

236 3320 325 3381 Ex
356 3325 473 3388 illis
513 3330 669 3390 locis
730 3347 885 3407 quae
934 3349 1093 3391 nunc
1127 3331 1598 3415 adductasunt,
1650 3337 1925 3390 constare
1975 3337 2179 3406 potest
2225 3331 2366 3406 quid

239 3419 480 3489 Cithara
515 3430 844 3508 significat,
883 3438 1131 3508 praeter
1159 3432 1337 3491 etiam
1380 3434 1445 3491 in
1480 3432 1613 3491 aliis
1648 3431 1815 3505 locis,
1857 3435 1925 3488 ut
1950 3430 2125 3507 Esaj:
2152 3429 2364 3489 XXX:

246 3519 351 3581 31.
387 3529 494 3590 32.
535 3531 764 3591 Psalm:
793 3530 1019 3593 XLIX:
1054 3535 1118 3590 4.
1157 3533 1217 3593 5.
1253 3532 1495 3592 Psalm:
1528 3529 1897 3592 CXXXVII:
1938 3531 1995 3587 1.
2032 3532 2094 3587 2.
2127 3529 2161 3588 Ι
2188 3527 2362 3588 Sam:

242 3615 322 3677 X:
367 3627 422 3684 5.
483 3631 692 3708 Apoc:
740 3628 913 3693 XIV:
957 3635 1018 3691 2.
1090 3631 1253 3708 Cap:
1289 3631 1540 3693 XVIII:
1584 3634 1698 3690 22.
1761 3628 1951 3689 Hiob:
1988 3627 2206 3690 XXX:
2250 3629 2361 3688 31.

248 3713 534 3791 Quoniam
586 3731 878 3808 pleraque
932 3735 993 3791 in
1038 3731 1242 3793 Verbo
1295 3735 1474 3792 etiam
1522 3732 1803 3810 opposita
1858 3730 2224 3807 significant,
2278 3733 2365 3790 ita

254 3818 428 3881 etiam
458 3825 863 3892 Instrumenta
887 3833 1139 3904 Musica,
1175 3836 1234 3892 in
1263 3850 1382 3910 quo
1419 3849 1606 3893 sensu
1641 3831 1974 3909 significant
1998 3832 2262 3892 laetitias
2303 3838 2365 3892 et

247 3921 470 3988 gaudia
499 3930 851 3992 resultantia
899 3951 970 3994 ex
1019 3933 1435 3993 affectionibus
1485 3917 1623 3992 falsi
1657 3938 1718 3993 et
1751 3931 1930 4002 mali,
2002 3934 2088 3992 ita
2125 3950 2365 4011 quoque

251 4015 476 4083 eithara
498 4031 928 4094 confessionem
952 4020 1106 4108 falsi,
1148 4040 1208 4094 et
1240 4033 1379 4094 inde
1424 4033 1851 4094 exultationem
1894 4050 2079 4111 super
2119 4034 2361 4094 destru-
2427 4097 2438 4109 .

255 4116 498 4184 ctionem
527 4134 683 4210 νοτίς
726 4141 791 4193 ut
827 4134 992 4212 apud
1025 4134 1268 4213 Esajam
1312 4133 1424 4209 „A
1452 4135 1588 4215 fine
1612 4133 2026 4214 septuaginta
2052 4151 2366 4197 annorum

248 4215 368 4277 ΒΜ
402 4221 729 4296 Canticum
761 4232 927 4317 Tyri
955 4233 1161 4319 juoeta
1201 4233 1536 4298 Canticum
1578 4233 1929 4296 meretm‘cis
1944 4254 1974 4305 ,·
2016 4232 2228 4312 accipe
2254 4228 2363 4290 Ci-
