2791 4778
377 373 607 429 CAPUT
649 374 958 429 SEXTUM.
1123 377 1130 384 ’
1723 376 1898 430 VERS
1919 398 1930 429 ε
1980 386 2067 437 14.
2229 387 2338 441 4⁶29

235 537 356 613 „In
396 534 501 593 die
533 531 648 593 illo
694 532 1025 612 clanyetur
1072 536 1329 596 buccina
1368 555 1640 615 mayna,
1694 544 1756 597 et
1790 538 2033 596 venient
2064 556 2336 615 pereun-

233 646 316 700 tes
371 636 443 695 in
493 640 663 695 terra
717 635 1031 696 Aschuris
1056 680 1069 705 ‚
1124 644 1183 696 et
1229 636 1492 715 expulsi
1538 637 1608 696 in
1662 645 1831 698 terra
1887 637 2173 718 Aeyypti
2185 682 2200 712 ,
2281 646 2341 700 et

227 737 637 799 incurvabunt
689 756 755 794 se
794 735 1067 795 Jehovae
1115 737 1184 796 in
1233 744 1442 797 monte
1494 737 1864 798 sanctitatis
1913 739 1984 798 in
2020 738 2336 798 H'ieroso-

229 836 397 920 lyma
421 844 457 873 “
530 835 807 895 XXVII:
883 839 1002 894 13:
1077 839 1237 913 apud
1300 839 1534 896 Jobtlem
1601 836 1946 917 „Olanyite
2005 838 2263 899 buccina
2308 858 2340 899 e

231 940 458 1014 Zionc,
552 942 611 995 et
672 938 1113 1017 vociferamini
1190 938 1258 997 in
1331 946 1536 999 monte
1604 940 1971 999 sanctitatis
1999 943 2037 972 (ί
2099 938 2190 997 II:
2266 943 2334 999 l:

229 1042 374 1117 apud
411 1038 732 1098 Danielem
773 1039 1205 1112 „Revertatur
1239 1040 1344 1099 ira
1384 1046 1497 1098 tua
1547 1046 1606 1099 et
1650 1040 2169 1100 emeandescentia
2214 1046 2337 1100 tua

228 1160 262 1200 a
296 1141 559 1201 civitate
606 1143 720 1197 tua
772 1136 1233 1218 Iusicrosolynza
1283 1145 1490 1198 monte
1537 1142 1905 1200 sanctitatis
1960 1144 2152 1200 tuae“
2206 1142 2334 1199 IX:

234 1246 345 1300 16:
423 1240 593 1317 apud
647 1241 887 1316 EsaJam
957 1239 1355 1313 „Adducent
1410 1258 1618 1299 omnes
1659 1243 1913 1319 fratres
1965 1247 2205 1301 vestros
2255 1260 2338 1302 ex

227 1343 512 1403 omnibus
578 1340 868 1419 ⁸(sentibus
928 1339 1201 1399 Jelzovae
1246 1339 1335 1399 ad
1400 1340 1680 1400 Montem
1736 1341 2102 1400 sanctitatis
2163 1360 2339 1402 meae

223 1440 790 1522 Hierosolymam“
829 1440 1052 1499 LXVI:
1103 1443 1226 1498 20:
1269 1441 1426 1515 apud
1460 1442 1727 1501 Eundem
1765 1441 1949 1518 „Qui
1976 1441 2241 1523 confidet
2266 1444 2336 1503 in.

222 1542 336 1614 Me,
355 1542 719 1623 possidebit
741 1542 810 1601 in
834 1540 1286 1601 haereditatem
1313 1545 1576 1616 terram,
1618 1548 1676 1601 et
1707 1542 2132 1603 haereditario
2161 1545 2296 1603 acci
2303 1577 2330 1589 -

216 1646 346 1724 piet
388 1649 664 1704 ‘montem
705 1642 1077 1703 sanctitatis
1119 1644 1332 1701 meae“
1384 1642 1586 1701 LVII:
1648 1646 1766 1702 13:
1832 1645 1991 1719 apud
2040 1644 2332 1702 Ezechie-

220 1746 328 1805 lem
401 1743 536 1819 „In
586 1742 801 1803 Monte
855 1742 1226 1802 sanctitatis
1285 1761 1486 1813 meae,
1565 1744 1634 1803 in
1696 1749 1903 1804 monte
1960 1742 2336 1805 altitudinis

223 1843 527 1918 Israelis,
612 1844 881 1905 servient
942 1842 1117 1902 Mihi
1180 1842 1386 1903 omnis
1439 1843 1665 1904 domus
1713 1841 2019 1916 Israelis,
2084 1851 2217 1905 tota
2265 1844 2336 1904 in

225 1950 441 2007 terra“
496 1946 653 2004 XX:
722 1948 848 2003 40:
921 1945 1080 2021 apud
1136 1943 1389 2002 Micham
1456 1943 1585 2019 „In
1641 1946 2039 2006 extremitate
2085 1944 2337 2006 dierum

222 2048 341 2107 erit
379 2045 573 2106 Mons
614 2042 840 2106 domus
881 2045 1153 2105 Jelzovae
1207 2044 1590 2104 constitutus
1643 2046 1712 2103 in
1764 2050 1954 2122 caput
2000 2047 2331 2120 montium,

225 2152 281 2206 et
336 2145 544 2206 elatus
594 2164 756 2225 prae
809 2144 1102 2220 collibus,
1175 2151 1234 2205 et
1284 2144 1592 2221 confluent
1655 2144 1745 2203 ad
1799 2142 1987 2203 illum
2044 2143 2277 2223 populi
2294 2147 2332 2179 “

228 2247 348 2306 IV:
423 2252 478 2305 1.
524 2252 595 2326 23
667 2255 908 2323 praeter
955 2247 1094 2305 alibi
1128 2246 1355 2323 pluries
1395 2245 1495 2303 ubi
1533 2246 1705 2305 Mons
1744 2245 2103 2317 sanctitatiS,
2159 2246 2332 2303 Mons
2392 2239 2398 2245 ’

226 2347 461 2416 ZioniS,
538 2355 594 2405 et
645 2349 817 2408 Mons
882 2346 1155 2407 Jehovae
1219 2348 1586 2422 nominatur,
1668 2353 1732 2405 ut
1791 2346 1889 2404 ubi
1949 2345 2121 2404 Mons
2187 2362 2329 2404 san-

237 2450 489 2521 etitatiS,
566 2449 735 2526 Esaj:
802 2448 930 2508 XI:
993 2453 1051 2508 9.
1135 2448 1290 2525 Cap:
1344 2447 1517 2506 LVI:
1591 2455 1648 2507 7.
1732 2447 1892 2524 Cap:
1944 2446 2147 2505 LXV:
2217 2450 2324 2504 11.

236 2549 345 2606 25.
425 2549 660 2627 ,ὖθτρῐητ
724 2550 971 2611 XXXI:
1028 2552 1138 2607 23.
1197 2549 1443 2616 Ezech:
1482 2546 1785 2612 XXVIII:
1836 2552 1940 2607 14.
1995 2547 2162 2605 Dan:
2200 2547 2324 2606 IX:
2425 2589 2430 2593 -

230 2650 340 2707 20.
413 2649 570 2727 Cap:
620 2651 744 2710 XI:
800 2652 911 2709 45.
1008 2650 1148 2709 Joi³l
1203 2650 1294 2707 II:
1370 2654 1425 2706 1.
1509 2649 1628 2708 IV:
1706 2655 1812 2708 17.
1890 2648 2090 2709 Obad:
2137 2647 2326 2706 Vers:

227 2753 332 2810 16.
419 2751 708 2827 Zephan:
757 2751 885 2809 III:
934 2754 1014 2809 11
1115 2749 1369 2809 Sachar:
1416 2748 1595 2807 VIII:
1641 2753 1699 2809 3.
1792 2750 2024 2809 Psalm:
2062 2748 2214 2808 XV:
2265 2751 2323 2805 1.

218 2851 455 2910 Psalm:
510 2852 745 2912 XLIII:
806 2854 866 2909 3.
955 2852 1032 2910 Et
1083 2851 1185 2909 ubi
1232 2853 1569 2908 nominatur
1615 2851 1788 2909 Mons
1846 2850 2083 2924 Zioni3‚
2151 2849 2325 2927 Esaj:

217 2951 335 3010 IV:
397 2954 458 3011 5.
546 2952 706 3028 Cap:
748 2951 934 3010 VIII:
1000 2955 1108 3012 18.
1176 2950 1335 3027 Cap:
1383 2951 1477 3009 X:
1543 2954 1649 3009 12.
1735 2951 1896 3028 Cap:
1958 2950 2204 3010 XVIII:
2266 2957 2327 3009 7.

216 3051 375 3129 Cap:
450 3052 700 3111 XXIV:
773 3055 882 3111 23.
994 3051 1151 3128 Cap:
1217 3047 1465 3110 XXIX:
1548 3054 1606 3111 8.
1715 3052 1868 3129 Cap:
1952 3052 2196 3112 XXXI:
2259 3054 2323 3110 4.

213 3152 372 3230 Cap:
434 3152 775 3211 XXXVII:
843 3156 952 3212 32.
1043 3152 1184 3212 :1061
1239 3151 1400 3227 Cap:
1454 3153 1546 3211 II:
1611 3156 1720 3213 32.
1803 3153 1990 3230 [Capz
2046 3152 2168 3212 III:
2232 3153 2320 3231 5.]

210 3252 415 3312 obad:
491 3254 684 3311 Vors:
762 3256 866 3312 17.
956 3257 1064 3310 21.
1131 3253 1317 3310 Mieh:
1367 3252 1489 3311 IV:
1566 3260 1622 3312 7.
1725 3255 1956 3312 Thren:
2031 3253 2124 3309 V:
2214 3255 2320 3312 18.

208 3353 434 3415 Psalm:
465 3353 759 3412 XLVIII:
818 3356 925 3411 12.
966 3352 1198 3412 Psalm:
1247 3352 1543 3411 LXXIV:
1590 3358 1649 3411 2.
1687 3354 1920 3412 Psalm:
1959 3352 2318 3412 LXXVIII:

217 3457 321 3514 68.
407 3453 642 3512 Psalm:
696 3453 959 3513 CXXV:
1008 3458 1065 3510 1.
1140 3453 1432 3528 Quoniam
1483 3454 1662 3510 Mons=
1699 3453 1903 3510 Zionis
1951 3452 2325 3526 significabat

205 3554 490 3612 Divinum
561 3553 822 3628 Bonum,
899 3561 957 3615 et
1009 3553 1342 3612 Ecclesiam
1404 3552 1598 3627 quoad
1658 3551 1834 3624 illud,
1914 3551 2049 3609 ideo
2107 3552 2322 3610 dicitur

207 3655 374 3730 apud
435 3654 674 3734 Esajam
751 3653 1039 3728 „Mttitc
1104 3654 1421 3732 [aynum]
1473 3650 1930 3713 Dominatoris
1991 3658 2193 3712 tmae
2245 3650 2324 3709 de

196 3762 387 3834 petra
435 3773 654 3814 versus
711 3754 1028 3815 desertum
1080 3753 1170 3814 ad
1219 3753 1499 3814 Montem
1545 3751 1731 3836 filiae
1774 3751 2066 3811 Zionis“
2133 3745 2318 3810 XVI:

214 3859 281 3913 1:
352 3864 414 3914 et
459 3858 517 3914 in
574 3855 942 3932 Apocalypsi
1000 3854 1277 3934 „Aynus
1330 3860 1513 3914 stans
1568 3871 1756 3932 super
1800 3849 2014 3912 Monte
2064 3852 2319 3927 Zionis,

205 3963 260 4016 et
299 3974 447 4016 cum
487 3955 592 4016 Eo
630 3960 874 4016 centum
915 3954 1351 4034 quadrayinta
1386 3959 1660 4034 quatuor
1697 3951 1957 4014 millia“
2015 3953 2198 4012 XIV:
2258 3955 2316 4011 1.

205 4055 290 4115 Ex
331 4058 424 4116 his
471 4074 705 4133 quoque
744 4062 1020 4116 constare
1057 4063 1286 4132 potest,
1356 4056 1513 4115 unde
1571 4062 1664 4114 est
1713 4055 1869 4131 quod
1905 4073 2063 4114 nova
2098 4053 2320 4113 Hiero-

207 4157 467 4234 solyma,
515 4159 574 4215 in
614 4175 731 4232 qua
770 4158 1119 4233 Templum,
1182 4159 1315 4215 visa
1356 4160 1434 4215 sit
1468 4155 1775 4215 Ezechieli
1814 4163 2158 4215 constructa
2214 4172 2321 4214 su-

206 4273 315 4332 per
359 4259 562 4318 Monte
601 4258 754 4334 alt0‚
805 4259 878 4318 de
917 4276 1037 4335 qua
1071 4260 1153 4315 ita
1190 4258 1350 4334 apud
1404 4258 1571 4316 illum
1625 4255 1754 4331 „In
1791 4256 2144 4320 visionibus
2184 4255 2325 4317 Dea·
