2791 4778
383 390 610 447 CAPUT
663 391 975 447 SEXTUM.
1249 403 1260 415 ·
1721 340 1934 448 ἐἘῙῖΞε
1981 404 2067 454 12-
2225 405 2332 456 397

237 555 446 615 clesiae
485 554 717 611 cumin
759 550 933 609 malis
976 558 1036 610 et
1086 551 1222 609 inde
1271 551 1442 610 salsis
1494 559 1618 622 est,
1672 559 1732 611 et
1783 571 1892 630 per
1941 559 2134 613 ortum
2184 556 2331 616 solis

242 673 361 715 cum
395 656 457 712 in
491 653 663 712 bonis
705 660 765 710 et
800 651 937 710 inde
973 654 1131 710 veris
1177 659 1286 711 est.
1354 653 1589 711 Primus
1626 659 1820 712 status
1854 654 2165 715 Ecclesiae
2202 673 2338 716 cum

235 756 414 815 adhuc
442 757 503 811 in
532 755 864 830 ignorantia
904 759 1013 825 est,
1053 751 1419 827 significatur
1459 770 1568 829 per
1602 756 2036 814 inchoationem
2062 756 2333 817 Pascha-

234 860 302 916 tis
336 859 392 915 in
428 855 713 931 Vespera
747 871 880 912 cum
937 853 1153 911 occidit
1193 853 1314 922 sol,
1369 855 1697 914 secundum
1733 855 1884 914 haec
1921 856 2080 932 apud
2122 857 2336 918 Mosen

239 954 683 1035 „Sam-ificabz'e
720 951 978 1012 Pascha
1025 953 1095 1012 in
1145 950 1420 1031 Vespera
1459 972 1602 1015 cum
1642 954 1938 1016 occiderit
1972 953 2132 1036 Sol„
2175 963 2332 1024 teme-

230 1075 367 1136 pore
407 1061 583 1117 sta-to
638 1053 856 1114 exitus
914 1053 1010 1113 tui
1054 1072 1133 1113 ew
1180 1055 1520 1134 ,4129prst
1582 1057 1804 1114 Deutr:
1859 1056 2044 1115 XVI:
2100 1060 2169 1134 63
2224 1076 2336 1135 per

234 1159 431 1217 festum
477 1158 638 1216 enim
678 1155 997 1213 Paschatis
1048 1154 1494 1230 significabatur
1541 1156 1863 1215 celebratio
1913 1158 2154 1215 Domini
2186 1176 2332 1234 pro-

233 1266 351 1335 pter
396 1258 818 1316 liberationem
878 1273 914 1312 a
976 1254 1378 1329 damnatione,
1446 1274 1599 1331 quae
1650 1257 1717 1314 fit
1762 1275 1872 1333 per
1922 1262 2332 1334 regeneratio-

233 1377 382 1431 nem,
465 1366 533 1417 et
589 1360 647 1415 in
708 1372 990 1432 supremo
1051 1372 1229 1413 sensu
1300 1356 1632 1414 recordatio
1694 1357 2134 1433 glorificationis
2196 1359 2332 1420 Hu-

230 1463 373 1518 mani
448 1460 730 1526 Domini,
809 1458 948 1531 quia
1007 1456 1142 1514 inde
1204 1455 1512 1530 liberatiO,
1603 1458 1875 1516 videatur
1955 1477 2034 1515 n:
2122 1462 2329 1519 7093.

241 1563 431 1618 7867.
513 1560 703 1618 9286
767 1557 845 1614 ad
904 1559 1113 1616 9292.
1183 1557 1452 1632 106553
1527 1565 1587 1616 et
1654 1560 1794 1633 quia
1852 1561 2079 1634 primus
2141 1566 2335 1620 status

230 1660 692 1737 regenerationis
744 1664 835 1716 est
882 1664 1076 1715 status
1128 1659 1529 1733 ignorantiae,
1598 1659 1732 1718 ideo
1781 1658 2172 1720 inchoabatur
2237 1660 2332 1719 fe-

234 1767 370 1820 stum
406 1761 559 1819 illud
585 1762 649 1817 in
690 1774 951 1833 vespera
1001 1774 1134 1815 curn
1178 1757 1391 1816 occidit
1434 1757 1561 1834 Sol;
1615 1762 1665 1817 is
1702 1766 1892 1818 status
1932 1762 2108 1818 etiam
2145 1762 2332 1836 signi·

231 1862 424 1920 ficatur
457 1880 571 1938 per
614 1860 836 1916 exitum
864 1857 1118 1916 filiorum
1145 1857 1390 1916 Israelis
1421 1876 1493 1917 ex
1520 1860 1815 1936 AegyptO,
1860 1879 1997 1918 nam
2022 1863 2084 1919 in
2122 1859 2331 1938 Aegy-

231 1968 323 2037 pto
361 1964 418 2018 in
452 1967 617 2020 statu
660 1975 834 2018 servo
878 1965 1074 2033 erant,
1141 1965 1200 2017 et
1234 1958 1369 2017 inde
1421 1962 1479 2016 in
1522 1967 1684 2019 statu
1722 1963 2111 2035 ignorantiae,
2148 1980 2334 2038 quare

233 2062 433 2120 dicitur
467 2066 528 2120 in
574 2067 844 2136 tempore
884 2065 1037 2116 stato
1093 2061 1285 2117 exitus
1341 2059 1414 2116 ab
1451 2059 1749 2136 Aegypto.
1840 2059 2099 2119 Ultimus
2136 2068 2331 2121 status

229 2161 558 2230 Ecclesiae,
613 2162 714 2237 qui
751 2166 844 2217 est
880 2158 1116 2234 quando
1152 2159 1435 2224 Ecclesia,
1460 2161 1519 2216 in
1549 2160 1716 2217 falsis
1756 2164 1815 2215 et
1850 2160 2021 2217 malis
2060 2167 2191 2234 est,
2228 2151 2351 2237 qus

231 2269 413 2321 status
447 2270 538 2321 est
573 2261 815 2320 ultimus
854 2261 1017 2335 ejus,
1072 2259 1435 2335 significatur
1488 2268 1598 2334 per
1643 2276 1928 2317 occasum
1975 2259 2119 2317 solis
2171 2260 2332 2336 apud

230 2362 441 2422 Mosen
482 2354 676 2438 „C'um
707 2378 905 2440 prope
943 2364 1103 2419 esset
1143 2356 1258 2419 Sol
1287 2357 1377 2419 ad
1411 2358 1846 2429 occidendum,
1883 2377 2141 2420 somnus
2174 2378 2332 2440 yra-

239 2463 335 2522 vz‘e
374 2462 589 2523 cecidit
620 2481 804 2541 super
827 2462 1182 2522 Abramum
1195 2480 1221 2531 ;
1276 2466 1334 2519 et
1370 2479 1500 2520 ecce
1541 2468 1741 2522 terror
1774 2465 1832 2520 et
1872 2460 2148 2520 tenebrae
2187 2479 2328 2521 ma·-
2360 2450 2361 2453 ¹

229 2581 394 2643 qnae
432 2563 775 2624 ceciderunt
826 2580 1016 2640 super
1065 2579 1239 2622 eum:
1310 2561 1565 2622 tandem
1619 2579 1762 2622 cam
1818 2559 1916 2621 sol
1975 2560 2328 2636 occidisset,

229 2669 285 2723 et
331 2666 602 2725 tenebrae
637 2662 858 2743 factae
896 2666 1127 2735 essent,
1193 2679 1323 2722 ecee
1353 2663 1599 2742 furnus
1625 2662 1807 2741 fumi
1852 2667 1909 2721 et
1957 2660 2091 2741 fax
2129 2661 2329 2741 iynie,

225 2783 374 2843 quae
427 2762 732 2825 transivit
787 2765 950 2824 inter
982 2761 1214 2842 frusta
1272 2759 1443 2822 illa“
1518 2762 1751 2822 Genes:
1816 2763 1967 2821 XV:
2033 2765 2139 2820 12.
2209 2765 2326 2839 175

230 2864 372 2925 haec
423 2866 584 2925 dicta
627 2870 769 2923 sunt
816 2864 889 2923 de
938 2867 1288 2938 posteritate
1336 2862 1580 2921 Abrami
1627 2881 1699 2921 ex
1745 2863 2005 2938 Jacob0,
2079 2879 2192 2922 seu
2252 2861 2327 2923 de

229 2965 411 3025 Gente
449 2964 894 3025 Israc'litica-et
928 2964 1215 3036 Judaica,
1276 2970 1336 3022 et
1384 2981 1494 3039 per
1529 2979 1663 3023 cum
1701 2970 1864 3023 esset
1898 2965 1988 3023 sol
2023 2981 2213 3041 prope
2251 2961 2330 3022 ad

228 3067 637 3135 occidendum,
692 3072 750 3124 et
796 3081 904 3141 per
947 3064 1184 3123 tandem
1222 3081 1356 3123 cum
1412 3064 1505 3123 sol
1552 3065 1900 3139 occidisset,
1959 3064 2328 3142 significatur

223 3166 458 3226 ultimus
497 3174 693 3225 status
729 3164 1037 3224 Ecclesiae.
1088 3164 1247 3241 apud
1291 3165 1457 3222 illam
1493 3172 1761 3239 gentem,
1821 3166 1981 3241 quod
2026 3171 2230 3224 essent
2266 3166 2328 3223 in

223 3271 389 3326 meris
427 3268 600 3331 salsis
653 3272 712 3323 et
745 3265 952 3339 malis3
1007 3265 1289 3323 tenebrae
1336 3283 1588 3340 magnae
1626 3274 1685 3325 et
1721 3267 1926 3324 furnus
1964 3267 2108 3325 fumi
2143 3267 2329 3341 signi-

223 3368 390 3426 ficant
424 3368 583 3426 falsa
633 3384 707 3425 ex
745 3366 930 3434 malo,
986 3373 1043 3424 et
1097 3367 1195 3424 fax
1249 3368 1401 3441 iguis
1456 3366 1748 3441 significat
1802 3373 2016 3425 tetrum
2068 3382 2330 3423 amorem

223 3470 338 3537 sui,
392 3487 470 3527 ex
527 3484 643 3542 quo
691 3466 807 3524 illis
871 3466 1029 3524 mala
1076 3473 1137 3524 et
1188 3466 1359 3524 salsa.
1457 3466 1625 3525 Sicut
1674 3465 1962 3542 pleraque
2015 3466 2078 3521 in
2126 3463 2327 3521 Verbo

225 3571 393 3627 etiam
431 3570 780 3644 oppositum
813 3584 1056 3631 sensum
1093 3566 1346 3640 habent,
1403 3568 1487 3624 ita
1522 3582 1756 3641 quoque
1795 3563 1897 3622 Sol
1936 3569 1994 3622 et
2028 3562 2223 3635 Luna,
2270 3567 2331 3620 et

221 3668 273 3723 in
309 3685 378 3726 eo
417 3684 601 3727 sensu
639 3667 932 3743 significat
982 3666 1087 3726 Sol
1135 3685 1399 3725 amorem
1453 3668 1576 3738 sui,
1634 3672 1695 3723 et
1729 3664 1901 3722 Luna
1953 3663 2108 3721 falsa
2155 3661 2324 3737 inde3

221 3782 398 3826 causa
439 3767 599 3843 quod
637 3785 747 3844 per
784 3767 982 3828 Solem
1035 3772 1095 3825 et
1140 3768 1371 3825 Lunam
1419 3766 1523 3825 illa
1566 3764 1996 3841 significentur,
2057 3769 2150 3821 est
2189 3764 2331 3838 quia

221 3865 302 3925 illi
345 3872 448 3943 qui
486 3869 677 3927 solum
715 3871 775 3926 in
809 3867 1069 3927 naturali
1101 3868 1238 3925 idca
1287 3874 1425 3925 sunt
1473 3872 1532 3924 et
1568 3884 1683 3924 non
1724 3868 1784 3923 in
1819 3863 2146 3942 spirituali,
2211 3881 2331 3922 non
2371 3874 2530 3943 [507]

220 3966 370 4026 ultra
417 3976 694 4027 naturam
746 3972 1038 4046 cogitant,
1105 3975 1162 4026 et
1212 3967 1345 4026 inde
1403 3984 1538 4026 cum
1587 3966 1790 4025 vident
1827 3983 1868 4044 a
1918 3964 2149 4024 duobus
2208 3963 2327 4023 illis

221 4063 662 4140 Luminaribu3‚
730 4087 840 4128 seu
889 4070 963 4128 ab
1015 4086 1215 4127 eorum
1271 4067 1407 4126 luce
1465 4074 1524 4125 et
1578 4068 1775 4127 calore
1830 4068 2025 4126 omnia
2074 4067 2215 4124 oriri
2269 4070 2330 4123 et

224 4172 387 4240 quasi
442 4172 648 4228 vivere
693 4172 753 4228 in
805 4170 1081 4243 Tellure,
1137 4175 1351 4243 putant
1398 4167 1481 4226 ibi
1532 4185 1672 4229 esse
1720 4168 1977 4227 dominia
2026 4168 2294 4226 universi
2310 4187 2326 4243 ;

223 4272 494 4342 superius
549 4288 668 4328 non
720 4270 956 4330 elevant
1003 4270 1423 4343 cogitationes:
1494 4267 1646 4327 haec
1709 4270 1933 4328 faciunt
1995 4285 2200 4327 omnes
2246 4266 2333 4324 illi
