2791 4778
413 344 629 416 CAPUT
669 344 982 409 SEmeL
1777 341 1993 397 VEB&
2033 352 2086 404 8.
2246 354 2355 407 325

285 504 491 580 „Deus
500 549 519 580 ,
571 510 864 567 venerunt
894 509 1110 584 yences
1145 503 1215 565 in
1254 501 1707 589 haereditatem
1743 509 1953 579 tuam,
1994 499 2359 583 polluerunt

285 602 585 684 Templum
640 607 1010 667 sanctitatis
1074 612 1251 679 tuae,
1307 610 1663 684 posuerunt
1710 602 2235 684 Hierosolymam
2287 604 2358 668 in

277 725 499 766 acervos
511 727 539 778 ,·
618 706 923 768 dede-unt
975 706 1247 768 cadaver
1299 724 1619 766 semorum
1672 712 1925 766 tuorum
1987 705 2192 765 cibum
2249 706 2360 768 avi

273 803 579 881 coelorum,
628 826 873 869 carnem
921 814 1289 881 sanctorum
1306 812 1581 887 'tuorum
1596 806 1784 886 ferae
1819 808 2070 867 tem-affl
2117 806 2352 868 Psalm:

275 906 543 966 LXXIX:
591 913 648 968 1.
694 914 764 986 23
820 927 929 986 per
966 916 1176 985 gentes
1212 908 1307 967 hic
1356 924 1476 965 non
1529 906 1943 983 intelliguntur
1988 912 2198 983 gentes
2246 905 2365 968 sed

272 1008 406 1067 mala
445 1011 603 1069 vitae
667 1010 937 1073 et,salsa
994 1010 1333 1079 doctrinae,
1392 1026 1530 1066 nam
1581 1025 1693 1084 per
1751 1006 2186 1066 haereditatem
2237 1008 2356 1068 Dei

270 1109 609 1184 significatur
645 1111 922 1169 Ecclesia
955 1113 1017 1168 in
1052 1126 1172 1186 qua
1206 1110 1500 1168 Dominus
1554 1114 1648 1168 est
1680 1098 1854 1165 omne
1888 1107 2108 1166 bonum
2146 1114 2206 1168 et
2238 1127 2351 1169 ve·

270 1227 405 1282 rum,
457 1214 598 1286 quia
658 1211 732 1269 ab
791 1211 963 1287 Ips03
1035 1228 1145 1286 per
1192 1210 1463 1286 polluere
1528 1208 1841 1284 Templum
1897 1211 2230 1269 sanctitatis
2295 1217 2357 1269 et
2462 1206 2465 1209 ’

269 1327 464 1385 ponere
497 1311 974 1388 Hierosolymam
1011 1313 1070 1368 in
1112 1328 1380 1380 acervos„
1417 1309 1784 1385 significatur
1809 1298 2188 1386 prophanare
2224 1310 2355 1368 cul-

269 1418 370 1469 tum
407 1419 463 1470 et
503 1418 855 1488 pervertere
905 1412 1231 1470 doctrinam
1281 1393 1626 1485 Ecclesiae,
1682 1394 1969 1487 templum
2019 1413 2352 1471 sanctitatis

266 1512 533 1587 significat
581 1512 808 1571 cultum
862 1515 1004 1588 quia
1059 1512 1140 1570 ibi
1195 1511 1424 1586 cultus,
1483 1518 1542 1570 et
1591 1511 2009 1587 Hierosolyma
2058 1511 2354 1588 significat

264 1611 567 1691 Ecclesiam
608 1613 808 1688 quoad
843 1613 1201 1688 doctrinam,
1256 1614 1340 1670 ita
1375 1630 1616 1688 quoque
1655 1612 1980 1671 doctrinam
2008 1611 2367 1687 Ecclesiam?

266 1718 316 1770 et
347 1731 447 1788 per
481 1715 632 1772 dare
668 1714 928 1772 cadaver
962 1730 1272 1772 servorum
1306 1719 1541 1771 tuorum
1571 1712 1777 1772 'cibum
1805 1715 1901 1771 avi
1932 1711 2252 1787 coelorum,
2293 1719 2353 1772 et

264 1829 475 1872 carnem
511 1821 854 1873 sanctorum
892 1804 1129 1872 tuorum
1156 1814 1319 1873 ferae
1357 1814 1581 1887 terrae,
1638 1812 2006 1891 significatur
2042 1811 2351 1873 destruere

261 1917 434 1973 omnia
470 1933 621 1974 vera
655 1933 766 1991 per
794 1915 966 1995 „falsa
1018 1922 1077 1974 et
1126 1914 1284 1972 bona
1328 1931 1440 1990 per
1488 1915 1678 1989 mala,
1738 1916 1868 1976 avis
1918 1914 2218 1974 coelorum
2257 1916 2353 1974 hic

263 2031 474 2092 quoque
511 2022 655 2075 sunt
690 2017 1078 2090 cogitationes
1115 2010 1284 2085 salsi,
1337 2021 1398 2074 et
1433 2015 1561 2073 fera
1598 2023 1793 2072 terrac
1830 2025 1972 2073 sunt
2006 2014 2352 2075 affectiones

260 2115 382 2173 mali
415 2117 566 2176 inde.
649 2116 832 2193 Apud
866 2117 1137 2198 Eundem
1186 2115 1335 2191 „Ne
1381 2114 1712 2195 desbferae
1745 2113 2031 2174 animam
2076 2115 2354 2176 turturis

260 2216 379 2287 tui;
413 2218 582 2277 vitae
604 2216 979 2277 miserorum
1017 2223 1270 2277 tuorum
1296 2235 1372 2276 ne
1406 2212 1807 2274 obliviscaris
1841 2213 1911 2273 in
1926 2212 2301 2292 perpetuum
2312 2218 2350 2248 “

258 2313 465 2377 Psalm:
501 2317 802 2378 LXXIV:
837 2321 885 2375 ,1
908 2320 942 2375 9
963 2338 980 2394 3
1037 2334 1147 2394 per
1177 2323 1471 2376 turturem
1510 2313 1886 2392 significatur⁴
1909 2314 2132 2373 bonum
2169 2316 2347 2391 spiri·
2378 2344 2381 2345 ν

265 2418 438 2488 tuale,
471 2423 550 2478 ita
588 2438 824 2497 quoque
859 2417 947 2477 illi
977 2421 1084 2495 ,qui
1119 2421 1178 2477 in
1217 2436 1287 2478 eo
1314 2418 1471 2477 bono
1495 2408 1666 2489 sunt,
1708 2423 1768 2475 et
1801 2433 1912 2492 por
1945 2416 2132 2474 feram
2158 2418 2344 2492 signi-

266 2513 460 2576 ficatur
489 2521 698 2579 salsum
739 2519 879 2578 mali
923 2522 1169 2596 cupiens
1221 2519 1563 2589 destruere,
1617 2519 1701 2577 ita
1750 2534 1988 2593 quoque
2024 2515 2110 2575 illi
2150 2520 2251 2593 qui
2285 2520 2345 2575 in

261 2616 399 2676 falso
434 2622 572 2680 mali
607 2629 745 2680 suut
782 2629 841 2679 et
876 2622 1125 2697 cupiunt
1162 2619 1509 2696 destruere3
1561 2619 1698 2677 inde
1733 2624 1935 2694 patet,
1976 2617 2119 2692 quid
2152 2619 2341 2694 signi-

253 2717 446 2778 ficatur
473 2712 633 2810 [per]
672 2740 748 2779 ne
786 2721 892 2779 des
928 2722 1092 2779 serae
1121 2722 1374 2778 animam
1405 2723 1650 2778 turturis
1685 2720 1801 2794 tui3
1839 2737 1950 2794 per
1977 2722 2224 2777 miseros
2244 2721 2346 2777 'in-
2380 2707 2381 2710 ¹

255 2820 586 2898 telliguntur
622 2823 721 2898 qui
758 2823 1114 2879 infestantur
1165 2839 1201 2878 a
1248 2821 1417 2879 falsis
1437 2865 1454 2895 ,
1512 2827 1573 2879 et
1608 2819 1741 2879 inde
1778 2822 1851 2896 in,
1874 2821 2172 2878 anxietate
2208 2827 2352 2878 sunt

252 2927 304 2978 et
336 2929 687 3000 exspectant
721 2922 1147 2981 liberationem.
1217 2922 1401 2998 Apud
1435 2920 1810 2996 Ezechielem
1849 2918 2062 2995 „Oves
2097 2919 2346 3000 disper-
2425 2990 2430 2995 ,

247 3039 346 3081 sae
380 3029 533 3084 sunt
579 3024 718 3083 sine
743 3027 1035 3102 pastore,
1085 3026 1143 3081 et
1172 3022 1399 3102 factae
1442 3026 1591 3082 sunt
1624 3021 1695 3081 in
1723 3021 1929 3081 eibum
1964 3022 2138 3086 omni
2161 3023 2350 3102 ferae

245 3123 400 3202 cyri,
436 3143 515 3185 ao
545 3122 878 3202 dispersae
915 3124 1110 3182 sunt“
1143 3122 1443 3182 XXXIV:
1489 3125 1547 3182 5.
1591 3125 1660 3198 83
1714 3140 1826 3199 per
1855 3122 2007 3181 haec
2041 3123 2342 3199 significa-

246 3229 361 3299 tur,
417 3226 579 3302 quod
619 3225 777 3284 bona
817 3224 1122 3284 charitatis
1167 3242 1278 3301 per
1321 3223 1478 3281 falsa
1526 3223 1832 3283 destructa
1867 3222 2014 3297 sint,
2075 3232 2133 3282 et
2169 3241 2341 3299 pror·
2386 3231 2542 3301 [530]

244 3339 337 3383 sus
383 3333 700 3386 consumta
746 3344 854 3402 per
903 3326 1091 3382 omnis
1143 3326 1379 3401 generis
1428 3323 1588 3383 mala
1630 3324 1766 3383 iude
1782 3342 1798 3399 3
1854 3323 1982 3381 fera
2031 3309 2346 3399 agrisunt

244 3426 392 3484 mala
433 3430 600 3485 vitae
649 3426 897 3486 oriunda
954 3443 1026 3482 ex
1077 3426 1245 3483 falsis
1296 3424 1633 3500 doctrinae;
1689 3441 1799 3500 per
1847 3439 1993 3480 oves
2041 3425 2100 3480 in
2138 3421 2343 3481 Verbo

240 3526 644 3604 intelliguntur
680 3530 782 3602 qui
821 3530 880 3586 in
916 3526 1071 3584 bono
1110 3526 1416 3585 charitatis
1471 3532 1637 3598 sunt,
1703 3521 1813 3580 sed
1859 3522 2002 3602 quia
2047 3523 2342 3597 genuinus

244 3643 449 3686 sensus
488 3627 816 3704 spiritualis
855 3633 949 3686 est
997 3607 1331 3684 abstractus
1373 3644 1411 3683 a
1449 3624 1752 3701 personiS,
1808 3638 1920 3696 per
1943 3681 1947 3686 ,
1970 3637 2113 3679 oves
2150 3622 2340 3697 signi-

238 3725 486 3786 ficantur
525 3727 683 3785 bona
736 3728 1073 3795 charitatiS,
1144 3744 1257 3804 per
1303 3735 1579 3802 pastores
1625 3720 2031 3799 significantur
2087 3722 2187 3796 qui
2232 3739 2345 3798 per

241 3842 379 3885 vera
414 3828 638 3887 ducunt
674 3828 749 3885 ad
787 3829 1035 3899 bonum,
1094 3833 1155 3885 ct
1195 3824 1494 3895 abstracte
1544 3828 1678 3902 ipsa
1713 3840 1856 3881 vera
1892 3840 2001 3898 per
2038 3839 2191 3898 quae
2227 3821 2339 3881 bo-

240 3942 390 4003 num²
429 3929 565 3987 ideo
603 3930 729 3986 sine
766 3927 1010 4005 pastore
1047 3926 1341 4003 significat
1370 3944 1490 3984 non
1525 3943 1733 3994 verum
1769 3940 1879 4000 per
1914 3924 2074 3999 quod
2100 3924 2339 3999 bonum,

239 4025 318 4085 ita
355 4029 602 4105 salsum3
657 4047 790 4105 per·
812 4029 940 4088 fieri
984 4030 1043 4085 in
1077 4023 1275 4086 ¹cibum
1313 4028 1684 4104 significatur
1719 4027 2015 4100 consumi,
2072 4024 2346 4084 similiter

241 4142 306 4187 ac
341 4146 453 4204 per
490 4129 722 4188 comedi
745 4148 880 4189 cum
914 4130 985 4188 de
1023 4129 1195 4204 feris;
1233 4145 1343 4205 per
1371 4128 1558 4187 feram
1590 4129 1718 4205 agri
1753 4125 2158 4204 significantur
2180 4125 2345 4184 mala

241 4242 310 4287 ex
344 4229 530 4289 ialsis.
587 4230 767 4306 Apud
793 4229 1052 4293 Hiobum
1086 4228 1383 4306 „Beatus
1410 4227 1591 4290 homo
1608 4245 1796 4310 ⁴quem
1823 4227 2106 4322 σφαῖραι
2134 4225 2361 4301 Deus„
