2791 4778
355 364 584 419 CAPUT
639 365 955 465 SEX'rUlJa.
1701 367 1906 428 VERS:
1956 378 2045 429 15.
2203 379 2312 430 459

208 529 376 585 etiam
413 528 683 601 sequitur
737 527 925 588 omnis
969 541 1182 583 servus
1212 532 1297 584 .et
1342 529 1532 585 omnis
1568 526 1747 599 liber,
1802 534 1861 586 et
1908 544 2018 602 per
2071 544 2312 586 servum

205 626 563 703 significatur
602 633 915 683 externum
962 626 1215 684 hominis
1269 628 1425 701 quod
1478 634 1729 686 vocatur
1779 627 2065 686 naturalis
2114 628 2310 703 hom0,

206 734 259 785 et
301 745 415 803 per
465 725 722 785 liberum
770 729 1067 784 internum
1116 727 1403 803 hominis,
1476 728 1634 803 quod
1685 735 1932 787 vocatur
1982 730 2312 805 spiritualis

201 828 389 887 homo,
481 825 713 886 Similia
749 843 862 902 per
897 827 1210 903 Magnates
1247 831 1308 886 in
1346 828 1547 888 Verbo
1587 832 1762 887 etiam
1800 828 1940 886 alibi
1976 829 2314 905 significan-

200 936 316 1002 tur,
376 946 594 1003 nempe
636 927 797 1003 apud
833 928 1366 1005 Jeremiameap:
1417 930 1505 987 V:
1553 931 1624 989 5:
1681 930 1842 1005 apud
1875 929 2109 988 Nahum
2152 930 2309 1005 Cap:

197 1028 294 1088 111:
346 1032 478 1088 10:
521 1035 580 1087 et
619 1028 780 1103 apud
816 1029 1036 1088 Jonam
1068 1018 1268 1116 [Cape]
1305 1029 1415 1088 III:
1465 1036 1522 1088 7.
1593 1030 1771 1106 Quod
1805 1030 2038 1088 Divites
2080 1031 2309 1105 signifi-

199 1137 324 1188 cent
381 1146 530 1188 vera
566 1131 826 1202 interna,
888 1147 1041 1205 quae
1095 1137 1234 1187 sunt
1283 1148 1430 1189 vera
1466 1131 1832 1206 spiritualia,
1896 1148 2003 1189 seu
2040 1130 2175 1188 illos
2216 1134 2316 1206 qui

196 1233 248 1288 in
280 1230 404 1288 illis
445 1231 603 1289 veris
642 1237 782 1286 sunt
806 1274 820 1300 ,
878 1237 1114 1289 constat
1150 1248 1222 1288 ex
1260 1229 1374 1288 illis
1415 1249 1566 1307 quae
1605 1249 1788 1307 supra
1832 1249 1902 1288 n:
1949 1236 1976 1288 1
2001 1234 2105 1290 18,
2153 1233 2313 1304 236,

198 1338 438 1389 ostensa
473 1335 645 1388 suntz
703 1330 861 1406 quod
903 1330 1227 1389 Chiliarchi
1263 1332 1597 1408 significent
1631 1332 1787 1389 bona
1827 1338 2100 1404 externa,
2160 1349 2313 1408 quae

196 1439 326 1491 sunt
361 1432 523 1489 bona
561 1431 847 1489 naturalis
884 1432 1174 1505 hominiS,
1237 1435 1413 1490 etiam
1452 1448 1636 1509 supra
1674 1450 1742 1490 n:
1788 1433 1950 1506 336,
2008 1440 2311 1500 ostensum
2510 1508 2514 1512 “

193 1541 301 1608 est3
366 1549 556 1606 quare
600 1532 1034 1607 supersedetur
1068 1531 1245 1607 plura
1303 1532 1378 1590 de
1415 1532 1533 1591 illis
1573 1533 1890 1591 adducere.
1979 1531 2152 1608 Quod
2200 1551 2310 1592 au·
2352 1538 2514 1599 [647]

194 1642 305 1691 tem
343 1634 632 1691 Potentes
670 1632 1002 1706 significent
1036 1650 1184 1691 vera
1226 1640 1475 1691 externa
1528 1650 1638 1692 seu
1677 1651 1824 1691 vera
1873 1634 2162 1692 naturalis
2199 1634 2310 1691 ho-

192 1736 361 1791 minis
379 1779 395 1808 ,
453 1740 688 1790 constat
740 1751 812 1791 ex
864 1732 1133 1808 pluribus
1176 1733 1324 1791 locis
1379 1737 1442 1791 in
1491 1734 1724 1808 Verb0,
1785 1734 1883 1792 ubi
1931 1742 2207 1810 potentes
2256 1743 2315 1793 et

194 1835 404 1909 forteS,
445 1841 568 1893 tum
606 1835 874 1908 potentia
912 1841 972 1891 et
1011 1835 1294 1894 fortitudo
1330 1836 1743 1911 nominantur5
1800 1852 1979 1894 eausa
2024 1843 2132 1909 est,
2175 1838 2316 1911 quia

194 1938 378 1993 omnis
432 1936 701 2011 potentia
757 1943 848 1991 est
903 1938 1061 1993 veris
1101 1951 1170 1992 ex
1206 1935 1393 2010 bono,
1461 1944 1519 1995 et
1574 1937 1811 2012 quidem
1860 1939 2017 1994 veris
2068 1954 2220 2011 quae
2259 1939 2316 1994 in

191 2037 446 2094 naturali
482 2036 754 2109 homine3
818 2036 976 2110 quod
1020 2039 1176 2093 veris
1220 2055 1294 2094 ex
1334 2037 1490 2095 bono
1529 2039 1606 2093 sit
1644 2040 1832 2094 omnis
1870 2040 2164 2111 potentia,
2224 2046 2316 2095 est

194 2138 334 2211 quia
378 2136 600 2194 bonum
650 2153 772 2192 non
823 2153 893 2193 ex
946 2153 1011 2195 se
1059 2138 1181 2211 agit
1234 2136 1342 2194 sed
1390 2154 1501 2213 per
1547 2153 1721 2206 vera,
1775 2135 1991 2193 bonum
2043 2138 2196 2193 enim
2246 2154 2314 2195 se

194 2238 411 2295 format
449 2239 509 2294 in
544 2254 721 2306 vera,
774 2243 830 2294 et
869 2252 937 2295 Se
989 2237 1183 2295 induit
1216 2236 1334 2295 illis
1373 2238 1528 2295 sicut
1563 2240 1759 2294 anima
1795 2252 2102 2312 corpore„
2133 2243 2192 2293 et
2226 2239 2316 2294 sic

198 2338 354 2411 agit3
410 2338 565 2410 quod
617 2345 756 2414 agat
807 2354 916 2414 per
966 2355 1111 2396 vera
1166 2339 1226 2396 in
1286 2337 1544 2396 naturali
1591 2338 1855 2408 homine,
1909 2342 2001 2396 est
2049 2338 2187 2412 quia
2234 2336 2316 2395 ibi

204 2443 344 2493 sunt
382 2440 572 2495 omnia
611 2440 897 2498 interiora
945 2437 1121 2497 simul
1170 2448 1229 2498 et
1262 2443 1323 2498 in
1360 2456 1472 2498 suo
1508 2439 1716 2515 pleno:
1775 2439 1932 2515 quod
1976 2440 2162 2496 omnis
2199 2456 2312 2513 po-

200 2539 383 2595 tentia
418 2541 498 2596 sit
553 2542 708 2598 veris
747 2557 821 2597 ex
856 2540 1042 2613 bono,
1109 2557 1219 2598 seu
1259 2540 1417 2599 bono
1453 2557 1562 2616 per
1602 2558 1776 2611 vera,
1825 2539 2098 2609 videatur
2133 2555 2318 2615 supra

193 2655 261 2696 n:
307 2641 464 2697 209.
529 2641 690 2698 333:
747 2647 808 2698 et
859 2643 917 2698 in
955 2639 1155 2716 Opere
1200 2640 1272 2700 de
1313 2640 1517 2699 Cois-,Lo
1569 2659 1646 2698 m·
1697 2641 1972 2698 hut-mmo
2019 2657 2090 2695 n:
2149 2641 2311 2701 231.

198 2741 357 2797 232.
410 2741 586 2798 539:
647 2748 707 2800 et
741 2741 899 2817 quod
937 2742 1125 2799 omnis
1162 2744 1432 2817 potentia
1466 2743 1540 2799 sit
1579 2742 1634 2796 in
1674 2740 1925 2812 ultimiS,
1967 2740 2103 2814 quia
2139 2739 2315 2797 Divi-

188 2858 329 2899 num
364 2841 449 2898 ibi
497 2847 590 2899 est
642 2845 698 2899 in
755 2858 862 2900 suo
913 2841 1123 2918 plene,
1188 2858 1373 2917 supra
1445 2859 1509 2899 n:
1571 2841 1740 2914 346,
1821 2847 1881 2897 et
1929 2841 1988 2896 in
2040 2840 2317 2899 AncANis

190 2939 615 3002 Connusrmus
677 2960 746 3000 n:
819 2944 1031 3001 9836.
1113 2944 1382 3000 10044:
1458 2959 1530 3000 ex
1590 2941 1683 2999 his
1749 2947 2023 3001 constare
2087 2949 2307 3018 potest,

188 3042 348 3116 quod
385 3060 499 3117 per
533 3049 810 3118 potentes
848 3042 1260 3118 intelligantur
1300 3060 1446 3100 vera
1483 3047 1758 3111 externa,
1809 3059 1917 3102 seu
1954 3060 2100 3102 vera
2135 3050 2311 3100 natu-

184 3143 328 3202 ralis
374 3143 651 3201 hominis,

369 3247 535 3302 409.
615 3245 690 3302 Et
740 3246 927 3303 omnis
978 3229 1192 3304 servus
1244 3252 1303 3303 et
1343 3246 1532 3303 omnis
1581 3244 1760 3312 liber,
1828 3245 1986 3320 quod
2022 3244 2315 3320 significet

182 3344 485 3403 hominem
537 3326 880 3403 naturalem*
919 3352 979 3404 et
1024 3346 1320 3404 hominem
1369 3344 1775 3420 spiritualem,
1832 3350 2067 3402 constat
2104 3363 2178 3402 ex
2222 3347 2320 3401 si-

186 3445 573 3520 gnificatione
611 3448 806 3514 Servi,
853 3445 1014 3526 quod
1049 3449 1126 3504 sit
1157 3446 1334 3504 homo
1372 3443 1689 3516 naturane,
1747 3443 1819 3500 de
1858 3460 1976 3517 qua
2011 3445 2310 3518 sequitur3

185 3554 243 3603 et
297 3564 379 3604 ex
426 3546 858 3622 significatione
909 3545 1117 3618 liberi,
1176 3546 1339 3622 quod
1388 3547 1466 3603 sit
1511 3543 1686 3601 homo
1738 3540 2097 3617 spiritualis:
2154 3543 2313 3618 quod

184 3645 369 3704 homo
406 3645 737 3721 spiritualis
775 3646 1142 3721 intelligatur
1187 3663 1299 3721 per
1336 3645 1624 3718 liberum,
1700 3651 1760 3701 et
1807 3642 1984 3699 homo
2023 3640 2312 3700 naturalis

180 3764 296 3821 per
335 3762 606 3820 servum,
652 3754 747 3805 est
783 3749 922 3822 quia
956 3747 1132 3804 homo
1171 3746 1499 3821 spiritualis
1550 3744 1784 3802 dueitur
1824 3760 1856 3800 e
1902 3741 2069 3800 coelo
2108 3759 2144 3799 a
2180 3741 2309 3798 Do-

181 3850 382 3919 mine,
440 3855 500 3905 et
543 3847 679 3907 duci
718 3865 753 3905 a
788 3847 1044 3907 Domino
1101 3855 1193 3904 est
1237 3844 1523 3919 liberum,
1590 3862 1658 3904 ae
1707 3844 1885 3902 homo
1930 3841 2218 3900 naturalis
2259 3844 2312 3899 ei

181 3947 391 4006 obedit
447 3954 509 4006 et
561 3951 840 4018 inservit,
899 3953 1171 4023 praestat
1220 3948 1374 4005 enim
1421 3946 1525 4004 illa
1563 3963 1717 4022 quae
1770 3943 2097 4022 spiritualis
2134 3942 2310 4001 homo

180 4049 317 4108 vult
365 4054 425 4106 et
482 4052 727 4126 cogitat.
814 4048 886 4108 In
934 4048 1135 4107 Verbo
1183 4050 1245 4106 in
1291 4046 1563 4123 pluribus
1617 4047 1765 4105 loeis
1806 4046 2017 4105 dicitur
2064 4043 2309 4116 Serme,

183 4156 245 4208 et
294 4151 396 4224 qui
436 4165 555 4207 non
603 4153 719 4209 scit
767 4149 927 4227 quod
977 4151 1039 4206 in
1085 4149 1202 4208 illis
1250 4166 1362 4224 per
1411 4132 1651 4218 servum
1701 4147 2071 4223 intelligatur
2118 4147 2312 4204 inser-

186 4251 357 4307 viens
398 4257 457 4309 et
508 4249 773 4310 efficiens
824 4250 929 4308 illa
972 4267 1126 4326 quae
1177 4248 1505 4326 spiritualis
1553 4248 1733 4308 homo
1789 4246 1917 4307 vult
1969 4255 2027 4307 et
2074 4249 2311 4323 cogitat,
