2791 4778
549 416 660 473 484
994 404 1482 462 APOCALYPSIS
1524 406 1952 466 EXPLICATA.
2006 406 2049 475 §-
2090 415 2208 470 m.

550 573 613 627 et
644 565 787 643 Ipse
821 565 1115 625 Dominus
1132 587 1148 642 3
1188 571 1430 642 praeter
1469 568 1648 625 etiam
1682 567 1743 624 in
1781 565 1911 625 aliis
1947 565 2115 639 lociS,
2149 571 2212 625 ut
2238 565 2385 641 apud
2414 566 2584 624 Evan-

548 667 794 744 gelistas
847 662 1124 740 „Omnis
1170 666 1282 743 qui
1314 664 1505 726 audit
1550 666 1734 727 verba
1781 685 1918 727 mea
1950 672 2009 725 et
2028 666 2191 745 facit
2227 684 2320 738 ea,
2368 683 2580 743 compa-

545 767 695 828 rabo
740 785 881 826 eum
918 767 1055 828 viro
1080 764 1418 845 prudenti,
1471 766 1583 844 qui
1623 765 1924 847 aedificat
1961 764 2207 825 domum
2239 784 2404 826 suam
2432 783 2585 844 super

536 873 757 947 petra,
813 871 870 926 et
911 864 1230 927 descendit
1263 866 1487 940 imber,
1542 871 1602 926 et
1636 872 1929 929 venerunt
1950 866 2250 945 flumina,
2294 883 2361 926 ao
2374 864 2581 942 flav-unt

549 967 746 1042 venti,
809 972 868 1026 et
911 966 1235 1028 imm-unt
1276 966 1347 1026 in
1401 965 1658 1027 domum
1703 964 1889 1027 illam
1902 1012 1920 1042 ,
1992 974 2194 1027 tamen
2240 984 2342 1026 non
2376 961 2574 1033 cecidit,

535 1066 829 1148 fundata
868 1066 1034 1126 enim
1064 1072 1202 1126 erat
1238 1085 1428 1145 super
1457 1070 1685 1146 μείνω(
1726 1068 1953 1127 Matth:
1992 1067 2139 1126 VII:
2179 1070 2279 1125 24.
2305 1065 2394 1123 25.
2437 1063 2570 1121 Luc:

550 1166 668 1225 VI:
724 1165 847 1242 ²183
902 1184 1013 1244 per
1050 1166 1291 1225 domum
1328 1167 1635 1226 fundatam
1680 1184 1866 1244 super
1901 1176 2101 1245 petra,
2153 1166 2448 1241 intelligitur
2472 1163 2571 1222 Ec-

550 1268 736 1327 clesia
772 1272 833 1324 et
864 1266 1041 1326 homo
1078 1267 1422 1341 Ecclesiae,
1453 1270 1582 1351 *qui
1629 1268 1962 1327 doctrinam
2002 1275 2063 1327 et
2095 1270 2267 1327 vitam
2300 1282 2444 1324 suam
2468 1263 2577 1320 fun-

549 1367 715 1426 davit
748 1384 932 1442 super
964 1366 1182 1425 Divino
1221 1366 1383 1426 Vero
1433 1366 1592 1443 quod
1641 1373 1732 1426 est
1781 1386 1816 1425 a
1850 1369 2137 1443 Domino,
2191 1368 2269 1424 ita
2308 1381 2462 1440 super
2488 1361 2578 1420 illis

551 1483 704 1543 quae
740 1469 800 1525 in
846 1467 1049 1525 Verbo
1087 1473 1251 1541 sunt,
1290 1468 1540 1543 proinde
1589 1469 1689 1543 qui
1723 1469 1782 1525 in
1819 1469 2003 1529 Veris
2041 1487 2113 1527 ex
2147 1468 2290 1526 bono
2323 1482 2355 1522 a
2377 1464 2578 1522 Domino

552 1571 644 1625 est
656 1585 673 1641 3
729 1566 941 1625 dicitur
977 1568 1075 1641 qui
1110 1553 1384 1627 in'Veris
1439 1586 1511 1626 ex
1558 1567 1740 1640 bono,
1798 1573 2079 1644 quoniam
2111 1570 2373 1627 Divinum
2403 1563 2578 1621 Verum

547 1683 667 1725 non
701 1668 986 1742 recipitur
1013 1665 1087 1724 ab
1125 1667 1241 1725 alio
1284 1685 1460 1744 quam
1498 1670 1686 1744 quiin
1725 1668 1883 1728 bono
1928 1676 2050 1745 est3
2103 1671 2160 1726 in
2194 1668 2336 1726 bono
2370 1679 2481 1723 esse
2510 1663 2578 1720 ost

548 1768 605 1824 in
655 1767 812 1826 bono
860 1769 1050 1840 vitae,
1108 1766 1265 1842 quod
1315 1775 1410 1826 est
1453 1768 1746 1842 chamae,
1816 1787 2004 1845 quare
2054 1770 2284 1838 dicitur,
2338 1766 2425 1841 qui
2457 1760 2578 1819 audit

548 1867 734 1924 verba
767 1884 903 1925 mea
939 1875 997 1927 et
1031 1867 1173 1925 facit
1198 1868 1331 1936 illa,
1365 1868 1567 1926 facere
1594 1869 1781 1928 verba
1816 1870 2061 1930 Domini
2096 1875 2185 1929 est
2215 1868 2415 1926 bonum
2441 1864 2575 1931 vitae,

548 1964 774 2025 Verum
820 1969 1003 2044 enim,
1064 1984 1196 2025 cum
1238 1968 1414 2026 homo
1460 1969 1604 2027 facit
1638 1968 1814 2043 illud,
1869 1970 1940 2029 fit
1977 1972 2220 2041 bonum,
2281 1982 2403 2024 nam
2442 1963 2576 2020 intrat

546 2067 914 2128 voluntatem
955 2074 1013 2126 ot
1053 2085 1346 2137 amorem,
1401 2075 1461 2127 et
1496 2068 1655 2145 quod
1687 2069 1754 2127 fit
1788 2070 2115 2130 voluntatis
2152 2076 2209 2127 et
2242 2066 2455 2138 amoris,
2491 2060 2575 2119 hoc

545 2166 764 2226 bonum
800 2177 1076 2245 vocatur-3
1142 2171 1530 2242 tentationes,
1593 2170 1652 2226 in
1689 2171 1903 2246 quibus
1946 2172 2083 2230 talis
2117 2171 2284 2229 homo
2332 2162 2577 2224 Ecclesiae

540 2271 663 2329 ¹non
708 2268 1039 2328 succumbit
1087 2269 1197 2327 sed
1242 2272 1455 2340 vincit,
1509 2269 1916 2345 significantur
1964 2290 2071 2349 per
2107 2267 2392 2330 descendit
2415 2260 2574 2331 imber,
2655 2313 2656 2322 ,

420 2363 433 2375 ’
546 2376 840 2428 venerunt
883 2369 1153 2443 flumina,
1220 2368 1438 2428 flarunt
1484 2371 1648 2429 venti
1707 2378 1767 2430 et
1810 2373 2117 2433 irruerunt
2163 2374 2220 2431 in
2266 2367 2491 2437 domum,
2533 2360 2577 2416 et
2655 2353 2656 2370 ¹

532 2476 733 2528 tamen
767 2487 884 2528 non
920 2471 1159 2543 cecidit,
1218 2472 1358 2545 quia
1389 2470 1640 2529 fundata
1674 2476 1803 2530 erat
1850 2489 2041 2550 super
2081 2479 2272 2550 petra,
2322 2469 2375 2525 in
2415 2458 2577 2523 Verbo

536 2571 691 2629 enim
726 2588 836 2646 per
881 2570 1293 2629 inundationes
1353 2588 1640 2647 aquarum
1692 2578 1749 2630 et
1783 2573 2010 2633 imbres
2055 2572 2428 2650 significantur
2467 2568 2575 2619 ten-

534 2672 822 2742 tationeS‚
878 2678 938 2731 et
973 2688 1211 2748 quoque
1248 2688 1359 2747 per
1392 2671 1692 2747 procellas
1742 2675 1932 2732 venti:
2013 2672 2357 2750 comparatio
2390 2661 2577 2741 quidem

536 2776 647 2840 est,
675 2771 784 2829 sed
808 2773 1030 2831 sciatur
1057 2771 1214 2848 quod
1239 2788 1445 2831 omnes
1473 2775 1957 2848 comparationes
1984 2777 2048 2834 in
2069 2772 2263 2834 Verbo
2298 2781 2464 2842 aeque
2490 2761 2576 2818 sint

536 2886 609 2926 ex
643 2873 1184 2946 correspondentiis
1216 2878 1395 2947 prout
1421 2888 1518 2931 res
1550 2889 1667 2930 non
1688 2878 2094 2949 comparative
2126 2874 2325 2943 dictae,
2361 2864 2574 2924 videatur
2651 2920 2652 2957 ἱ

536 2984 722 3042 supra
760 2987 833 3026 n:
880 2974 986 3042 69,
1029 2974 1177 3030 etin
1202 2964 1477 3030 AncAms
1509 2970 1926 3032 Cossnns'rmus
1954 2993 2011 3034 n:
2057 2974 2261 3034 3579.
2296 2968 2474 3027 8989.
2508 2956 2571 3015 EX

531 3066 625 3124 his
653 3084 809 3126 nunc
830 3070 1142 3128 manifeste
1163 3075 1348 3145 patet,
1381 3071 1538 3147 quod
1569 3090 1679 3148 per
1697 3073 1938 3132 Petram
1968 3077 2030 3133 in
2060 3073 2255 3132 Verbo
2281 3063 2569 3143 significetur

531 3165 823 3226 Dominus
864 3168 1060 3243 quoad
1094 3168 1377 3228 Divinum
1411 3170 1672 3242 Verum,
1719 3190 1830 3233 seu
1861 3174 2148 3233 Divinum
2178 3172 2390 3232 Verum
2420 3181 2450 3222 a
2474 3158 2563 3217 D0·
2649 3202 2650 3251 ᾗ

533 3267 710 3324 mino,
791 3267 1018 3326 Exinde
1069 3273 1342 3328 constare
1394 3278 1627 3346 potest,
1686 3273 1825 3348 quid
1867 3274 2229 3350 significatur
2261 3286 2364 3347 per
2392 3251 2568 3323 Domini

533 3366 723 3426 verba
757 3369 834 3427 ad
866 3369 1139 3445 Petrum,
1197 3371 1361 3447 apud
1385 3371 1760 3431 Matthaeum
1814 3372 2058 3448 „Jesus
2106 3370 2282 3432 dimit
2313 3363 2391 3428 ad
2418 3349 2564 3421 άίδθί·

529 3465 754 3548 pulos,
814 3489 924 3529 vos
975 3488 1115 3531 vero
1163 3490 1341 3550 quem
1390 3470 1499 3531 Me
1544 3469 1768 3531 dicitis
1815 3492 1983 3545 esse,
2047 3467 2363 3550 respondit
2401 3458 2564 3521 Simon
2643 3450 2648 3545 ]

533 3567 800 3646 Februo,
845 3569 946 3632 Pa
981 3589 1047 3629 es
1083 3568 1380 3632 Christus
1414 3568 1540 3632 Ille
1574 3569 1800 3632 Filius
1834 3573 1974 3633 Dea·
2020 3569 2337 3638 Viventis;
2369 3568 2562 3637 reapon-

533 3667 689 3729 dens
735 3669 929 3733 Jeous
982 3669 1161 3733 dioeit
1205 3668 1340 3747 illi,
1405 3672 1726 3737 beatus-es
1768 3672 1991 3734 Simon
2028 3671 2142 3754 fili
2191 3668 2402 3739 Jonae‚
2457 3649 2568 3757 quio
2645 3684 2646 3715 ³

533 3787 680 3831 caro
733 3769 794 3831 et
845 3771 1115 3850 sanquis
1161 3790 1284 3832 non
1329 3770 1631 3833 revelavit
1687 3771 1805 3832 tibi
1820 3817 1837 3847 ,
1903 3772 2016 3832 sed
2047 3772 2247 3831 Pater
2295 3777 2451 3825 meu8
2489 3762 2566 3831 92²²
2645 3766 2646 3837 l

530 3876 627 3929 est
659 3868 732 3929 in
771 3868 1015 3931 Coelio.-
1069 3870 1220 3951 Eyo
1268 3872 1385 3932 tibi
1428 3871 1607 3946 dica,
1665 3877 1735 3932 ta
1772 3891 1837 3932 es
1886 3872 2147 3943 Februo,
2195 3873 2252 3927 et
2284 3878 2452 3943 super
2484 3850 2566 3912 ΜΟ
2643 3912 2644 3921 1

528 3966 734 4030 Petra
774 3968 1118 4048 aedificabo
1169 3968 1532 4033 Ecclesiam
1579 3990 1780 4032 meam
1790 4017 1808 4049 ,
1862 3979 1922 4033 et
1954 3978 2181 4053 portae
2229 3957 2446 4044 inferni
2479 3962 2567 4012 '²⁰²²
2641 3930 2644 4131 Ι

522 4053 974 4146 praevalebunt
1013 4067 1147 4142 illi,
1214 4074 1273 4128 et
1311 4070 1472 4131 dabo
1509 4072 1629 4133 tibi
1661 4069 1867 4133 claves
1906 4070 2121 4153 Requi
2157 4062 2476 4129 Uadorum,
2514 4046 2564 4107 ¹⁶⁶

529 4166 830 4240 quioquid
856 4165 1164 4243 Ziqaverie
1198 4167 1269 4227 ire.
1296 4176 1467 4231 terra
1495 4170 1614 4231 erit
1651 4170 1930 4250 liyatum
1968 4173 2038 4234 in
2072 4165 2296 4239 Coeli-s,
2344 4164 2397 4220 ⁸²
2429 4162 2564 4234 quw-

529 4258 688 4334 quz'd
748 4259 1013 4323 solveris
1068 4263 1139 4322 in
1198 4272 1398 4340 terra,
1473 4270 1596 4329 erit
1647 4269 1927 4333 solutum
1985 4274 2053 4333 in
2105 4263 2358 4330 Coeli-W
2421 4242 2563 4314 XVI*
