2791 4778
2380 949 2518 1014 [Ed.

2364 1024 2548 1079 Lond-

510 1105 2045 1260 [ApocALYPsEcffl2
2373 1118 2529 1242 &a

981 1294 1217 1350 CAPUT
1258 1295 1601 1362 QUINTUM.

381 1431 445 1492 1.
525 1419 622 1486 Et
688 1415 838 1486 vidi
902 1417 979 1486 in
1052 1415 1303 1486 dextra
1357 1415 1701 1487 Sedentis
1767 1440 1989 1514 super
2040 1416 2347 1488 Thrcno

222 1514 528 1584 Librum
583 1516 935 1613 scriptum
989 1517 1184 1586 intus
1238 1532 1312 1585 et
1360 1541 1402 1584 a
1451 1532 1682 1612 terge,
1738 1513 2202 1612 obsignatum
2253 1518 2349 1588 si-

221 1613 418 1712 gillis
474 1639 551 1684 se
607 1632 773 1686 tem.
1277 1685 1287 1696 ,

377 1727 445 1790 2.
596 1733 626 1786 t
660 1715 805 1786 vidi
845 1714 1206 1811 Angelum
1256 1714 1526 1787 fortem
1575 1713 2128 1812 praedicantem
2161 1740 2346 1787 voce

220 1839 518 1910 magna,
574 1817 740 1912 quis
785 1832 898 1890 est
932 1814 1197 1911 dignus
1248 1816 1532 1912 aperire
1568 1814 1902 1902 Librum,
1958 1832 2032 1885 et
2067 1815 2348 1889 solvere

222 1913 463 2011 sigilla
514 1916 693 2013 ejus.

377 2030 442 2093 3.
524 2018 619 2085 Et
670 2040 886 2085 nemo
938 2015 1184 2112 potuit
1236 2015 1313 2084 in
1352 2013 1605 2100 Coelo,
1661 2038 1801 2084 nec
1856 2038 2077 2111 super
2126 2032 2345 2103 terra,

222 2139 464 2211 neque
506 2114 642 2185 sub
682 2132 895 2201 terra,
942 2114 1226 2212 aperire
1268 2113 1536 2184 librum
1575 2138 1715 2184 nec
1755 2114 2119 2211 inspicere
2158 2140 2345 2186 eum.

377 2225 442 2299 4.
523 2217 618 2286 Et
669 2240 807 2312 ego
844 2213 1109 2285 flebam
1157 2213 1498 2300 multum,
1556 2213 1759 2310 quod
1811 2239 2027 2286 nemo
2083 2214 2347 2310 dignus

223 2316 560 2386 inventus
630 2315 913 2413 aperire
981 2331 1056 2384 et
1108 2313 1342 2399 legere
1416 2314 1718 2400 librum,
1787 2338 1925 2383 nec
1980 2314 2347 2413 inspicere

224 2440 410 2485 eum.

384 2532 450 2595 5.
533 2517 627 2584 Et
678 2539 867 2584 unus
918 2539 1004 2584 ex
1043 2514 1473 2586 Senioribus
1512 2513 1695 2584 dicit
1729 2513 1946 2600 mihi,
2001 2538 2095 2583 ne
2147 2511 2344 2597 sset0,

227 2637 410 2683 ecce
477 2614 655 2683 vicit
705 2616 859 2683 Leo
926 2614 1056 2709 qui
1124 2631 1237 2684 est
1299 2640 1385 2684 ex
1450 2614 1648 2685 tribu
1698 2611 2060 2700 (felindae,
2141 2613 2347 2684 radix

213 2712 562 2801 -Davidis,
633 2713 915 2811 aperire
969 2712 1233 2784 librum
1299 2733 1373 2785 et
1422 2713 1701 2786 solvere
1771 2730 2052 2811 septem
2104 2714 2346 2810 sigilla

220 2814 404 2911 ejus.

378 2928 444 2991 6.
524 2915 619 2982 Et
670 2911 820 2983 vidi
874 2931 947 2984 et
999 2938 1176 2984 ecce
1232 2914 1306 2983 in
1361 2913 1607 2985 medio
1660 2913 1975 3001 Throni,
2033 2931 2106 2984 et
2160 2940 2341 3011 qua-

223 3030 394 3084 tuor
445 3011 924 3100 Animalium,
989 3031 1064 3084 et
1132 3014 1209 3082 in
1260 3014 1506 3085 medio
1559 3010 1987 3101 Seniorum,
2054 3015 2345 3111 Agnum

219 3129 537 3182 stantem
588 3129 937 3209 tanquam
992 3113 1353 3201 occisum,
1409 3112 1799 3185 habentem
1852 3139 2132 3184 cornua
2179 3139 2343 3213 sep-

218 3230 367 3282 tem
423 3229 498 3283 et
549 3211 807 3284 oculos
863 3229 1182 3310 septem,
1253 3214 1382 3310 qui
1438 3230 1607 3320 sunt
1669 3215 2138 3311 septem-Dei
2194 3216 2341 3313 spi-

217 3330 405 3383 ntus
459 3336 706 3383 emissi
756 3338 834 3382 m
888 3336 1180 3384 onmem
1224 3330 1510 3383 terram.

378 3427 444 3494 7.
522 3414 617 3482 Et
675 3414 875 3483 venit
952 3429 1027 3482 et
1095 3414 1386 3511 accepit
1449 3412 1714 3483 librum
1790 3437 1831 3482 e
1903 3411 2155 3483 dextra
2208 3412 2343 3484 Se·
2431 3413 2438 3422 ¹

216 3511 462 3604 dentis
518 3536 739 3609 super
788 3511 1114 3582 Throno.

374 3626 438 3692 8.
521 3614 617 3682 Et
683 3637 852 3682 cum
918 3612 1330 3708 accepisset
1391 3610 1693 3699 librum,
1776 3627 2092 3708 quatuor
2155 3611 2338 3682 Ani-

219 3711 441 3781 malia
457 3762 479 3799 ,
571 3728 645 3781 et
721 3713 979 3809 viginti
1058 3728 1374 3808 quatuor
1438 3711 1784 3784 Seniores
1859 3709 2340 3808 prociderunt

222 3834 471 3880 coram
534 3813 788 3905 Agno,
868 3811 1223 3882 habentes
1287 3813 1797 3907 unusquisque
1863 3811 2179 3882 citharas
2264 3830 2339 3883 et

221 3908 506 4006 phialas
559 3935 812 3982 aureas
861 3912 1119 4011 plenas
1175 3910 1566 3998 suffitibus,
1623 3935 1811 4008 quae
1864 3928 2034 3981 sunt
2073 3936 2336 4009 preces

222 4025 656 4079 sanctorum.

377 4124 444 4189 9.
523 4110 618 4178 Et
693 4109 1055 4181 canebant
1121 4109 1505 4182 Canticum
1577 4136 1878 4197 novum,
1976 4109 2332 4197 dicentcS,

216 4209 485 4307 dignus
540 4233 618 4279 es
675 4211 1013 4308 accipere
1065 4210 1332 4281 librum
1400 4227 1474 4280 et
1525 4210 1807 4308 aperire
1861 4209 2100 4306 sigilla
2151 4209 2331 4304 ejuS‚

314 4334 747 4387 Swedenborffi
778 4333 969 4389 Apocal.
1000 4336 1117 4390 expl.
1150 4336 1211 4377 11.
1959 4320 1989 4374 l
