2791 4778
381 354 601 429 CAPUT
635 356 944 415 SEXTUM.
1745 357 1959 415 VERE:
2006 369 2058 421 8³
2130 376 2136 381 '
2217 372 2326 425 329

247 540 274 579 e
302 520 470 579 domo
512 524 629 579 tua
647 520 1008 602 juvencum,
1051 538 1084 578 e
1125 516 1336 581 caulis
1371 520 1509 582 tuis
1545 520 1758 582 hircos
1795 519 1877 601 (in
1923 519 2323 601 sacrificium),

240 619 373 699 quia
416 618 588 681 Mihi
637 619 843 680 omnis
895 639 1045 682 vera
1092 617 1344 700 sylvae,
1409 620 1650 682 bestiae
1695 622 1767 683 in
1806 619 2122 681 montibus
2174 618 2328 682 mil-

240 718 412 781 lium:
467 721 619 781 ‘novi
659 739 897 781 omnem
936 740 1115 781 avem
1151 721 1491 795 montium,
1539 726 1599 782 et
1622 722 1777 802 fera
1815 740 2119 803 ayrorum
2159 741 2324 782 meo-

235 840 356 883 rum
405 819 693 896 Mecum,
768 822 832 881 ai
876 821 1182 882 esurirem
1237 841 1362 882 non
1422 821 1691 884 dicerem
1752 823 1895 893 tibi,
1946 820 2100 901 quia
2154 821 2331 883 Mihi

235 921 380 982 orbis
441 928 501 982 et
550 918 892 1002 plenitudo
965 921 1103 1004 eius
1122 941 1151 993 ;
1243 922 1545 1002 menfica
1614 922 1762 984 Deo
1823 921 2322 1004 confessionem“

233 1021 436 1082 Psalm:
482 1023 566 1082 L:
617 1026 676 1081 9.
726 1026 832 1081 10.
879 1027 988 1081 11.
1030 1026 1142 1081 12.
1191 1025 1313 1082 13„.
1351 1027 1460 1083 14.
1520 1024 1694 1100 Quod
1739 1024 1870 1083 fera
1923 1022 2219 1100 significet
2267 1032 2330 1084 et

232 1122 579 1183 affectionem
616 1126 747 1182 veri
789 1130 849 1182 et
883 1122 1061 1194 boni,
1118 1131 1392 1183 constare
1431 1125 1680 1184 ulterius
1714 1131 1917 1202 potest
1952 1141 2026 1184 ex
2061 1141 2325 1201 sequens-

231 1222 368 1282 iibus
399 1218 494 1284 his
531 1225 716 1300 locis3
772 1225 936 1301 apud
969 1224 1181 1284 Mosen
1225 1222 1555 1303 „Septimo
1590 1245 1788 1298 anno,
1843 1224 1952 1305 qui
1989 1229 2084 1284 est
2120 1244 2327 1287 armus

229 1324 655 1386 sabbatharius
670 1370 686 1399 ,
777 1324 1159 1386 intermittes
1219 1323 1456 1386 terram
1507 1332 1567 1387 et
1624 1323 1941 1406 relinques
1995 1343 2133 1385 eam
2150 1370 2166 1400 ‚
2253 1334 2327 1388 ut

227 1424 524 1486 comedant
577 1445 721 1486 eam
761 1445 1082 1506 pauperes
1119 1423 1352 1505 populi
1406 1426 1533 1499 tui,
1600 1431 1661 1486 et
1722 1425 2056 1487 residuum
2113 1445 2329 1490 eorum

226 1526 481 1587 comedat
519 1528 681 1608 sera
727 1527 925 1606 aym-W
973 1526 1178 1586 Exod:
1217 1526 1477 1586 XXIII:
1525 1531 1643 1586 11:
1700 1535 1763 1587 et
1798 1528 1942 1587 alibi
1989 1524 2120 1602 „In
2158 1547 2323 1590 anno

225 1626 518 1700 sabbathi,
590 1627 718 1687 erit
764 1626 977 1687 omnis·
993 1632 1369 1706 proventus,
1422 1627 1535 1706 qui
1570 1628 1640 1688 in
1681 1633 1853 1689 terra
1893 1634 2006 1689 tua
2021 1673 2039 1702 ‚
2094 1628 2328 1690 bestiae

225 1730 348 1785 tuae
371 1734 429 1787 et
441 1729 638 1807 ferae
673 1726 761 1787 ad
798 1722 1287 1806 comedendum“
1327 1728 1537 1788 Levit:
1573 1729 1786 1788 XXV:
1834 1735 1902 1803 ’ῖς
1956 1748 2066 1805 per
2100 1730 2326 1790 bestias

224 1828 448 1888 etseras
483 1830 568 1888 ibi
608 1829 1030 1904 intelliguntur
1067 1830 1235 1905 agni,
1290 1845 1465 1903 oves,
1516 1844 1764 1907 caprae,
1817 1830 2024 1904 hoedi,
2084 1833 2323 1906 ariete-⁴1,

220 1925 373 1999 hirci,
424 1932 709 2007 juvenci,
774 1929 1006 2004 boves,
1047 1944 1336 1998 vaccae,
1406 1934 1545 2006 equi
1592 1938 1650 1990 et
1702 1934 1883 2004 asini,
1952 1949 2070 1989 non
2125 1938 2326 1990 autem

221 2026 433 2103 leones,
499 2033 663 2103 ursi,
720 2032 884 2105 apri,
940 2031 1066 2107 lupi
1106 2038 1167 2089 et
1202 2030 1429 2090 similes
1466 2032 1630 2091 ferae
1669 2048 1955 2108 rapacem,
1984 2049 2179 2107 ,quare
2212 2040 2356 2109 per*

221 2127 359 2187 seras
396 2131 477 2189 ibi
511 2130 931 2207 intelliguntur
967 2132 1132 2189 ferae
1161 2130 1544 2202 domesticae,
1583 2149 1738 2207 quae
1776 2130 1988 2209 utiles,
2024 2149 2135 2207 per
2170 2148 2322 2207 quas

220 2231 610 2305 significantur
651 2232 996 2290 affectiones
1036 2232 1159 2290 veri
1197 2238 1256 2290 et
1295 2232 1455 2290 boni.
1531 2232 1709 2307 Apud
1744 2230 2039 2290 Davidem
2084 2229 2317 2305 „Lau-

221 2327 351 2392 date
391 2331 698 2393 Jehovam
755 2351 788 2391 e
835 2337 1007 2393 terra
1051 2330 1351 2393 balaenae
1390 2336 1451 2392 et
1502 2331 1756 2413 abyssi,
1807 2330 1962 2410 fera
2006 2337 2066 2392 et
2112 2330 2322 2392 omnia
2384 2388 2387 2392 f

221 2430 434 2507 bestia,
484 2432 709 2513 reptile
748 2441 807 2494 et
846 2433 990 2493 avis
1032 2431 1206 2507 alae,
1261 2452 1441 2513 reyes
1479 2415 1682 2493 teria-e
1716 2437 1775 2491 et
1809 2450 2018 2490 omnes
2037 2428 2314 2511 populi“

223 2529 441 2591 Psalm:
490 2534 838 2594 CXLVIII:
884 2539 939 2592 7.
992 2538 1101 2593 10.
1141 2537 1265 2610 113
1319 2552 1432 2611 per
1474 2534 1624 2593 haec
1669 2533 2093 2610 significantur
2127 2536 2316 2593 omnis

217 2636 435 2706 generis
471 2634 628 2694 bona
668 2643 729 2694 et
775 2652 920 2694 vera
965 2653 1121 2711 quae
1171 2635 1334 2711 apud
1382 2636 1713 2709 hominem,
1772 2652 1846 2693 ex
1883 2633 2098 2710 quibus
2139 2632 2317 2693 homo

212 2732 338 2791 colit
368 2735 598 2811 Deum3
664 2743 722 2795 et
764 2738 904 2813 quia
952 2737 1128 2795 homo
1178 2736 1320 2795 colit
1367 2735 1567 2795 Deum
1619 2753 1692 2794 ex
1741 2735 1892 2809 illis,
1968 2741 2027 2792 et
2061 2733 2165 2793 illa
2199 2752 2317 2794 non

211 2841 331 2892 sunt
361 2836 618 2895 hominis
667 2837 775 2895 sed
809 2838 1051 2897 Domini
1097 2836 1261 2913 apud
1300 2834 1501 2910 illum,
1555 2836 1691 2896 ideo
1740 2835 2188 2913 intelligendum
2224 2843 2319 2896 est

210 2934 348 3008 quod
381 2937 484 2996 illa
522 2936 729 2997 colant
765 2939 991 3012 Deum,
1046 2954 1220 2997 nemo
1277 2939 1434 2995 enim
1484 2939 1596 2995 rite
1649 2937 1847 2996 colere
1882 2944 2086 3013 potest
2118 2937 2316 2997 Deum

210 3050 241 3090 a
272 3052 365 3111 se,
418 3039 529 3098 sed
580 3056 616 3096 a
651 3038 813 3111 Dee,
870 3039 985 3097 hoc
1023 3044 1145 3111 est,
1203 3056 1239 3095 a
1276 3037 1448 3097 bonis
1499 3045 1556 3095 et
1604 3041 1766 3097 veris
1817 3055 1972 3113 quae
2020 3045 2157 3097 sunt
2200 3038 2318 3097 Dei

206 3137 349 3211 apud
381 3139 586 3214 illum,
642 3139 802 3215 quod
836 3156 1011 3198 nemo
1047 3140 1241 3215 possit
1275 3139 1580 3197 nominare
1616 3139 1828 3198 Jesum
1850 3157 1904 3224 ¹a
1938 3156 2037 3213 se,
2094 3139 2204 3198 sed
2238 3138 2314 3196 ab

203 3233 357 3312 Ipso,
398 3248 608 3298 notum
647 3246 742 3298 est
778 3239 1073 3316 aliquibus
1112 3241 1172 3297 in
1206 3238 1513 3308 Ecclesia,
1560 3246 1620 3298 et
1653 3241 2025 3299 notissimum
2061 3243 2120 3297 in
2158 3237 2315 3298 Coe-

202 3333 275 3412 103
324 3358 433 3415 per
470 3340 740 3399 laudare·
774 3340 1071 3399 Jehovam
1116 3338 1487 3416 significatur
1534 3339 1732 3399 colere
1768 3341 2002 3416 Ipsum3
2056 3357 2166 3416 per
2192 3339 2307 3397 ba·-

203 3433 389 3499 laenas
437 3450 498 3500 et
554 3441 807 3517 abyssos
861 3440 1271 3517 significantur
1334 3440 1662 3498 scientifica
1714 3446 1775 3497 et
1834 3440 2202 3512 cognitiones
2250 3440 2312 3495 in

203 3544 481 3600 communi
513 3559 623 3600 sen
653 3543 714 3599 in
750 3543 908 3599 omni
945 3540 1260 3617 complexu
1280 3561 1295 3620 3
1334 3557 1446 3616 per
1470 3541 1658 3598 feram
1695 3544 1755 3597 et
1781 3553 2015 3594 omnem
2050 3537 2306 3595 bestiam

203 3638 598 3714 significantur
649 3641 993 3700 affectiones
1053 3645 1185 3700 veri
1238 3648 1299 3699 et
1350 3640 1522 3715 bon13
1601 3654 1713 3716 per
1762 3635 1976 3713 reptile
2024 3642 2084 3695 et
2136 3653 2310 3695 avem

201 3743 373 3801 omnis
409 3743 578 3816 alae,
637 3742 1010 3819 significatur
1047 3741 1377 3819 jucundum
1432 3739 1572 3798 boni
1620 3745 1680 3798 et
1733 3740 1862 3796 veri
1907 3737 2195 3796 naturalis
2252 3742 2313 3796 et

203 3840 514 3912 spiritualis
576 3843 867 3918 hominis3
951 3843 1087 3902 ideo
1138 3845 1314 3901 etiam
1375 3841 1619 3914 dicitur,
1700 3838 1945 3898 laudate
2007 3838 2305 3898 Jehovam

196 3952 360 4014 reges
412 3950 611 4003 terrae
665 3950 726 4001 et
777 3960 981 4002 omnes
1034 3942 1275 4020 populi,
1330 3960 1442 4018 per
1496 3957 1644 4018 quos
1699 3939 2109 4016 significantur
2161 3958 2308 3999 vera

197 4033 326 4097 boni
371 4045 560 4102 omnis
608 4046 883 4120 generis:
940 4043 1099 4120 quod
1152 4043 1298 4102 talia
1346 4042 1754 4117 significentur
1799 4058 1911 4117 per
1949 4039 2056 4101 illa
2102 4041 2306 4117 verba,

198 4146 355 4211 patet
391 4160 467 4201 ex
505 4144 933 4221 significatione
987 4161 1193 4204 eorum
1240 4145 1301 4202 in
1348 4160 1536 4203 sensu
1572 4145 1838 4216 interno,
1897 4150 1958 4201 et
1994 4160 2068 4203 ex
2105 4142 2311 4203 Verbo

200 4235 255 4294 in
279 4239 479 4321 Coe10,
519 4245 622 4304 ubi
654 4245 716 4309 id
754 4252 843 4307 cst
881 4244 1193 4322 spirituale
1223 4246 1362 4320 quia
1387 4262 1499 4321 pro
1528 4243 1776 4321 Angelis
1807 4247 1906 4320 qui
1934 4243 2283 4321 spirituales
2292 4264 2309 4319 3
