2791 4778
442 376 554 431 214
862 364 1354 421 APOCALYPSIS
1402 365 1837 426 EXPLICATA.
1920 368 1968 436 §0
2009 377 2138 430 364.

444 532 637 586 erunt.
692 522 875 602 Apud
911 522 1257 583 Sachariam
1296 566 1335 597 „
1359 520 1518 584 Vidi
1543 527 1818 601 quatuor
1846 521 2093 586 Oeam-ua
2123 529 2427 585 eoeeuntes
2459 526 2560 587 in-

443 633 539 688 ter
564 630 803 684 montes
830 621 1034 692 aeris,
1060 621 1131 682 in
1156 640 1351 683 carru
1373 621 1586 700 primo
1612 623 1759 703 equi
1783 625 1931 704 rufi,
1969 623 2039 685 in
2074 641 2272 685 curru
2299 624 2562 685 secundo

442 724 586 805 equi
617 722 825 802 myri,
879 722 953 782 in
987 721 1172 782 tertio
1206 722 1351 801 equi
1383 720 1543 798 albi,
1600 725 1673 783 in
1707 731 1934 802 quarto
1975 724 2119 802 equi
2161 724 2563 803 yrandinati‚

440 824 729 886 robusti“
768 823 888 882 VI:
936 826 993 881 1.
1031 826 1106 898 23
1163 822 1322 899 quod
1356 840 1468 900 per
1503 841 1692 899 equos
1727 825 1890 883 rufos
1925 824 2020 882 hic
2060 843 2302 901 quoque
2339 826 2561 901 signifi-

443 931 612 985 cetur
648 923 825 1001 quale
864 923 1207 982 intellectus
1254 922 1452 998 quoad
1487 923 1707 981 bonum
1737 927 1796 981 in
1832 927 2161 1000 principie,
2219 943 2337 1000 per
2383 942 2562 1001 equos

444 1027 647 1101 nigros
686 1023 862 1101 quale
898 1021 1237 1082 intellectus
1281 1023 1479 1099 quoad
1515 1041 1726 1081 verum
1761 1026 1819 1081 in
1855 1027 2179 1100 principie,
2224 1042 2344 1101 per
2382 1042 2562 1100 equos

244 1116 404 1180 [487]
446 1125 616 1186 albos
653 1123 831 1200 quale
867 1122 1205 1182 intellectus
1244 1123 1442 1200 quoad
1470 1140 1679 1182 verum
1712 1132 1956 1199 postea,
2007 1141 2116 1199 per
2154 1141 2352 1200 equos
2389 1143 2559 1201 gran-

442 1226 675 1284 dinatos
705 1223 880 1300 quale
907 1223 1251 1282 intellectus
1279 1223 1478 1298 quoad
1505 1241 1715 1282 verum
1753 1232 1812 1283 et
1840 1224 2060 1282 bonum
2088 1232 2332 1299 postea,
2375 1232 2439 1283 et
2463 1242 2563 1300 per

438 1326 720 1385 robustos
757 1324 937 1399 quale
975 1323 1105 1399 ejus
1141 1323 1281 1381 inde
1320 1324 1517 1399 quoad
1560 1327 1890 1398 potentiam
1936 1324 2264 1383 resistendi
2299 1324 2475 1381 salsis
2509 1331 2561 1382 et

439 1425 636 1495 maliS,
670 1424 947 1483 videatur
971 1439 1160 1498 supra
1194 1441 1262 1482 n:
1310 1425 1394 1483 35
1416 1426 1473 1492 5,
1510 1423 1614 1482 ubi
1650 1432 1847 1483 actum
1886 1432 1979 1483 est
2013 1424 2088 1482 de
2124 1424 2556 1500 significatione

442 1527 600 1601 equi.
680 1524 881 1583 Paene
919 1522 1111 1581 simile
1154 1523 1504 1599 intelligitur
1552 1524 1714 1599 apud
1762 1524 2031 1582 Eundem
2086 1542 2199 1598 per
2263 1521 2560 1601 „Equum

336 1616 345 1623 ⁸
439 1624 683 1704 rufum,
728 1642 921 1702 super
950 1640 1071 1701 quo
1098 1623 1408 1702 equitavit
1446 1623 1582 1698 vir,
1623 1631 1807 1684 stam
1844 1624 2010 1683 inter
2046 1628 2343 1703 πῃπῶς(
2396 1624 2463 1681 I:
2506 1626 2557 1682 8.

440 1725 733 1798 Quoniam
779 1740 890 1798 per
925 1723 1170 1781 rubrum
1219 1741 1330 1782 seu
1365 1725 1564 1782 rufum
1602 1724 1969 1800 significatur
2004 1724 2182 1799 quale
2229 1726 2325 1783 rei
2370 1722 2559 1798 quoad

436 1822 690 1889 bonum,
749 1823 883 1880 ideo
922 1841 1084 1900 „pro
1133 1827 1487 1902 tequmento
1540 1843 1732 1902 super
1781 1822 2077 1883 Teneor-2⁶0
2138 1830 2326 1883 erant
2362 1819 2556 1901 pelles

441 1922 720 1982 affetum
743 1921 1086 2003 ruforum“
1124 1924 1324 1983 Exod:
1363 1923 1578 1983 XXV:
1628 1927 1682 1983 5.
1741 1923 1903 2001 Cap:
1940 1923 2187 1982 XXVI:
2235 1926 2346 1982 14.
2408 1921 2553 1998 Gap:

438 2021 724 2082 XXXV:
772 2027 828 2079 7.
896 2022 972 2079 Et
1008 2040 1247 2098 quoque
1282 2023 1419 2083 ideo
1470 2022 1708 2102 „Aqua
1736 2023 2166 2102 separationis
2178 2066 2197 2096 ‚
2224 2043 2350 2101 per
2375 2041 2559 2101 quam

438 2120 949 2191 mundabantur,
997 2124 1191 2202 sacta
1237 2129 1331 2183 est
1380 2142 1462 2184 ea:
1508 2124 1833 2183 combusta
1878 2143 2068 2183 vacca
2112 2124 2320 2202 rufa“
2373 2124 2554 2182 Num:

434 2221 613 2282 XIX:
650 2225 680 2280 l
719 2222 795 2281 ad
831 2227 857 2281 1
878 2225 946 2299 03
986 2240 1098 2300 per
1128 2224 1394 2283 Vaccam
1429 2225 1623 2282 rufam
1652 2224 2017 2301 significatur
2050 2224 2272 2282 bonum
2311 2232 2552 2281 natura-

435 2322 513 2382 lis
542 2324 818 2394 hominis,
856 2330 915 2382 et
941 2340 1051 2399 per
1077 2341 1296 2400 aquam
1324 2327 1720 2401 separationis
1754 2342 1828 2383 ex
1861 2325 1965 2382 illa
1995 2324 2311 2383 combusta
2343 2325 2554 2409 factam

433 2426 804 2502 significatur
829 2441 1039 2483 verum
1065 2425 1357 2483 naturalis
1383 2424 1659 2500 hominis3
1690 2433 1748 2483 et
1773 2428 1913 2500 quia
1939 2428 2129 2483 omnis
2157 2425 2465 2483 mundatio
2492 2426 2553 2483 fit

437 2543 551 2602 per
576 2543 739 2601 vera,
760 2525 896 2584 ideo
922 2524 1038 2583 hoc
1064 2525 1408 2583 mandatum
1435 2533 1558 2601 est,
1590 2528 1767 2584 etiam
1786 2526 2021 2601 singula
2046 2541 2372 2600 processus
2404 2527 2555 2583 circa

432 2628 858 2686 mactationem
887 2625 1016 2702 ejus
1061 2631 1121 2683 et
1147 2628 1306 2684 circa
1340 2626 1863 2702 praeparationem
1896 2643 2088 2701 aquae
2137 2642 2248 2700 pro
2303 2627 2552 2683 munda-

432 2725 595 2782 tione
625 2742 699 2783 ex
727 2725 850 2799 illa,
886 2726 1199 2788 involvunt
1222 2725 1579 2802 spiritualia.
1618 2726 1776 2801 Quia
1792 2725 2060 2785 Rubrum
2081 2725 2379 2800 significat
2409 2744 2554 2801 qua-

431 2822 492 2881 le
528 2826 617 2881 rei
656 2825 850 2899 quoad
872 2825 1111 2898 bonum,
1144 2826 1277 2883 ideo
1317 2842 1557 2901 quoque
1583 2826 1857 2899 Nomina,
1899 2833 1958 2884 et
1978 2825 2122 2895 Res,
2161 2842 2317 2900 quae
2351 2842 2426 2884 ex
2452 2845 2549 2885 ea-

432 2922 570 2981 dem
623 2940 771 2983 voce
816 2926 877 2981 in
924 2925 1157 3002 Lingua
1201 2926 1476 3002 originali
1510 2928 1912 3000 nominantur,
1968 2925 2306 3002 significant
2339 2925 2554 2985 bonum

436 3040 513 3082 ex
549 3039 697 3099 qu03
749 3023 1018 3084 Rubrum
1053 3027 1112 3082 in
1148 3026 1382 3101 Lingua
1418 3026 1689 3102 originali
1737 3026 1951 3085 dicitur
2002 3028 2223 3093 Anam,
2273 3026 2417 3084 inde
2470 3032 2553 3086 est

431 3139 646 3181 nomen
706 3123 972 3194 Adamo‚
1028 3132 1089 3184 et
1135 3142 1373 3201 quoque
1421 3125 1655 3184 Nomen
1701 3126 1955 3198 Edom0‚
2018 3134 2078 3184 et
2128 3125 2267 3184 inde
2318 3143 2548 3203 quoque

426 3223 623 3284 Homo
652 3229 904 3283 vocatur
939 3220 1149 3309 Adam,
1187 3225 1422 3283 Humus
1458 3224 1722 3297 Adama,
1775 3233 1836 3284 et
1872 3226 2144 3286 Rubinus
2179 3225 2410 3300 Odam,
2473 3229 2550 3284 ita

428 3325 670 3383 nomina
713 3325 820 3384 illa
872 3333 932 3384 et
977 3342 1075 3385 res
1125 3326 1263 3385 illae
1315 3342 1389 3383 ex
1426 3325 1635 3384 rubro:
1690 3343 1801 3400 per
1852 3325 2150 3384 Adamum
2185 3326 2550 3401 significatur

425 3425 701 3485 Ecclesia
734 3426 1198 3508 Antiquissima,
1239 3443 1393 3502 quae
1430 3426 1541 3484 fuit
1574 3426 1850 3484 Ecclesia
1891 3444 2046 3502 quae
2091 3428 2150 3484 in
2185 3426 2345 3484 bono
2384 3443 2546 3485 amo-

425 3529 540 3603 ris3
595 3528 787 3587 simile
835 3545 946 3604 per
988 3528 1336 3595 Hominem,
1390 3532 1452 3585 et
1498 3526 1690 3585 simile
1752 3544 1862 3600 per
1917 3527 2180 3584 Humum
2242 3529 2303 3585 in
2366 3543 2544 3585 sensu

427 3629 751 3703 spirituali,
818 3628 922 3685 ubi
979 3630 1176 3704 agitur
1229 3627 1303 3685 de
1361 3626 1519 3685 bono
1580 3625 1865 3694 coelesti,
1936 3626 2336 3702 significatur3
2396 3624 2546 3702 quod

422 3725 688 3786 Edomus
731 3729 927 3786 dictus
965 3729 1044 3785 sit
1082 3745 1154 3787 ex
1192 3728 1405 3797 rubro,
1456 3726 1733 3784 videa-tur
1764 3725 1997 3784 Genes:
2038 3724 2257 3785 XXV:
2302 3729 2395 3786 30
2417 3746 2436 3803 3
2491 3732 2547 3785 et

422 3826 562 3883 inde
597 3843 709 3900 per
742 3827 908 3884 illum
939 3827 1308 3902 significatur
1332 3846 1541 3885 verum
1570 3826 1706 3884 boni
1744 3826 2036 3884 naturalis
2065 3826 2317 3885 hominis
2335 3847 2352 3903 3
2394 3823 2542 3902 quod

423 3922 698 3984 Rubinus
749 3928 929 3983 etiam
977 3925 1210 3982 dicatur
1258 3944 1331 3983 ex
1386 3926 1597 4000 rubro,
1654 3926 1931 3985 videatur
1980 3926 2179 3984 Exod:
2230 3924 2536 3986 XXVIII:

433 4026 540 4081 17.
599 4022 758 4098 Cap:
797 4022 1109 4081 XXXIX:
1158 4025 1264 4081 10.
1305 4024 1534 4083 Ezech:
1571 4026 1881 4084 XXVIII:
1928 4028 2049 4099 133
2085 4026 2222 4085 inde
2264 4034 2358 4085 est
2387 4022 2539 4102 quod

422 4139 535 4200 per
568 4122 843 4181 rubinum
879 4123 1245 4197 significetur
1280 4124 1509 4184 Verum
1545 4125 1685 4184 boni
1733 4126 2035 4186 coelestis,
2135 4127 2310 4203 Quod
2348 4126 2534 4186 Adam

425 4224 722 4304 significet
749 4223 1084 4285 Ecclesiam
1110 4226 1602 4302 antiquissimam,
1642 4243 1797 4303 quae
1826 4227 2217 4288 suitEcclesia
2246 4227 2532 4294 coelestia
