2791 4778
437 343 545 408 ηρ
773 329 1263 386 ArocALYPffls
1309 331 1741 393 EXPLIGATA,.
1809 331 1858 399 ς.
1903 338 2222 393 ass—340.

432 490 784 567 intelligitur
812 490 971 566 quod
997 490 1126 567 Ipsi
1169 492 1247 549 sit
1283 493 1475 550 omnis
1504 491 1821 567 sapientia,
1860 500 2013 565 quae
2043 496 2136 547 est
2159 490 2381 550 Divina
2404 492 2549 553 Pro-

433 591 729 663 videntia;
787 607 933 649 vera
969 592 1271 666 sapientia
1321 592 1476 650 enim
1530 596 1622 648 est
1656 589 1862 649 videre
1913 589 2051 666 quid
2089 590 2370 651 conducit
2404 595 2552 653 vitae

436 691 693 768 alicujus
727 692 788 748 in
823 697 1166 764 aeternum,
1228 696 1289 749 et
1321 693 1389 750 s'e
1429 689 1506 748 ad
1539 690 1602 748 id
1637 688 1989 766 disponere,
2028 690 2188 766 quod
2219 690 2290 749 fit
2324 692 2552 768 quando

435 790 611 850 homo
648 808 763 850 non
800 790 977 849 modo
1015 791 1127 849 scit
1161 790 1268 848 illa
1317 797 1378 850 et
1411 790 1723 849 intellectu
1760 792 2015 867 percipit
2050 789 2183 859 illa,
2232 791 2342 849 sed
2380 794 2548 851 etiam

437 899 574 951 cum
609 890 743 949 vult
791 898 850 948 et
885 890 1028 949 facit
1063 890 1200 962 illa,
1252 889 1473 950 Divina
1522 897 1723 948 autem
1770 892 2069 965 sapientia
2115 897 2210 949 est
2241 891 2549 967 providere

433 991 540 1051 illa
574 990 734 1068 apud
768 991 1089 1065 hominem,
1130 992 1215 1048 ita
1250 996 1345 1050 est
1370 991 1591 1049 Divina
1616 989 2034 1049 Providentia:
2073 1008 2253 1066 porro
2282 992 2426 1068 quid
2449 992 2549 1052 Di-

432 1094 574 1149 vina
621 1090 1035 1164 Providentia,
1099 1090 1377 1149 videatur
1427 1093 1486 1149 in
1538 1089 1737 1165 Opere
1787 1090 1860 1150 de
1894 1090 2072 1149 Nova
2108 1090 2552 1151 Hmaosomtm

432 1210 512 1251 m·
550 1210 692 1250 ems
727 1189 1059 1249 Doc'ramA
1097 1190 1405 1251 contusa-1
1438 1208 1505 1248 n:
1546 1193 1683 1248 267
1726 1190 1800 1248 ad
1842 1194 1926 1249 27
1945 1192 2004 1248 9.
2375 1259 2378 1260 ⁷

596 1293 756 1351 339.
823 1292 900 1348 Et
933 1289 1219 1350 honorem
1268 1298 1329 1350 et
1365 1288 1646 1366 gloriam,
1704 1291 1862 1366 quod
1913 1290 2207 1368 significet
2241 1290 2405 1367 quod
2437 1291 2552 1369 Ipsi

434 1393 515 1450 sit
554 1392 836 1450 Divinum
873 1390 1105 1449 Bonum
1145 1399 1204 1449 et
1237 1390 1520 1451 Divinum
1558 1390 1817 1464 Verum,
1873 1397 2108 1450 constat
2141 1408 2217 1449 ex
2254 1392 2547 1467 significa-

435 1495 598 1550 tione
634 1491 876 1551 honoris
933 1501 993 1550 et
1029 1491 1288 1567 gloriae,
1341 1508 1476 1550 cum
1513 1490 1587 1551 de
1624 1491 1915 1562 Domin0,
1969 1491 2128 1567 quod
2162 1493 2242 1550 sit
2277 1492 2549 1551 Divinum

440 1591 678 1651 Bonum
714 1599 768 1647 et
805 1590 1085 1649 Divinum
1125 1591 1382 1665 Verum,
1441 1592 1513 1650 de
1552 1609 1673 1669 qua
1707 1609 1890 1669 supra
1925 1611 1993 1654 n:
2038 1595 2197 1652 288.

596 1693 759 1751 340.
841 1691 915 1747 Et.
968 1691 1473 1764 benedictionem,
1532 1691 1690 1769 quod
1741 1692 2036 1768 significet
2087 1694 2450 1769 agnitionem
2502 1701 2552 1751 et

434 1790 921 1868 glorificationem
1003 1791 1242 1850 Domini
1311 1798 1667 1869 propterea,
1747 1810 1817 1851 ac
1878 1796 2204 1869 gratiarum
2262 1795 2550 1851 actionem

436 1890 597 1967 quod
647 1890 721 1947 ab
755 1890 900 1965 Ipso
939 1894 1014 1949 sit
1069 1909 1240 1951 omne
1276 1893 1499 1951 bonum
1537 1899 1594 1951 et
1630 1909 1872 1963 verum,
1929 1900 1989 1952 et
2034 1893 2172 1953 inde
2211 1891 2462 1953 Coelum
2500 1898 2554 1952 et

433 1990 687 2049 felicitas
727 1997 975 2049 aeterna
1006 1992 1123 2050 illis
1175 1995 1275 2067 qui
1322 1995 1663 2068 rccipiunt,
1719 2001 1953 2052 constat
2003 2012 2079 2054 ex
2126 1992 2554 2070 significatione

434 2091 898 2164 benedictionis,
952 2109 1084 2149 cum
1137 2092 1355 2151 dicitur
1404 2092 1477 2150 de
1515 2091 1804 2167 Domin0,
1858 2095 2015 2168 quod
2062 2097 2140 2153 sit
2167 2095 2427 2170 agnitiO,
2461 2094 2553 2154 hic

434 2193 658 2269 agnitio
695 2191 853 2274 quod
900 2192 1026 2268 Ipsi
1079 2194 1155 2250 sit
1191 2191 1670 2268 Omnipotentia,
1726 2192 2183 2267 Omniscientia,
2221 2193 2556 2253 Providen-

432 2295 547 2362 tia,
594 2292 878 2350 Divinum
930 2292 1159 2351 Bonum
1225 2299 1284 2351 et
1333 2292 1617 2351 Divinum
1670 2292 1927 2367 Verum,
1991 2312 2145 2371 quae
2208 2292 2549 2370 significan-

432 2402 528 2452 tur
565 2412 672 2471 per
710 2395 921 2470 dignus
961 2401 1053 2452 est
1088 2396 1360 2470 accipere
1412 2402 1811 2470 potestatem,
1867 2395 2131 2464 divitias,
2173 2396 2546 2472 sapientiam,

428 2495 714 2553 honorem
753 2500 816 2553 et
852 2494 1140 2570 gloriam,
1194 2503 1252 2554 et
1290 2511 1527 2569 quoque
1564 2494 1917 2571 glorificatio
1952 2501 2306 2573 propterea3
2369 2512 2549 2570 prae-

430 2601 599 2653 terea
631 2594 1019 2669 Benedictio,
1060 2612 1192 2655 cum
1233 2595 1305 2653 de
1334 2594 1623 2668 Domino,
1665 2595 1957 2670 significat
1993 2597 2320 2672 gratiarum
2358 2580 2549 2654 actio-

431 2710 567 2751 nem
605 2694 762 2768 quod
799 2693 873 2751 ab
909 2695 1052 2769 Ipso
1105 2698 1182 2753 sit
1219 2712 1390 2754 omne
1430 2695 1650 2755 bonum
1688 2698 1905 2754 amoris
1944 2703 2005 2754 et
2040 2713 2248 2754 verum
2282 2694 2457 2764 fidei,
2493 2702 2552 2755 et

431 2792 568 2850 inde
608 2791 859 2851 Coc-lum
917 2802 977 2851 ct
1014 2795 1267 2853 felicitas
1305 2803 1553 2854 aeterna
1586 2795 1703 2853 illis
1741 2797 1841 2870 qui
1876 2797 2187 2874 recipiunt.
2255 2795 2550 2871 Quoniam

432 2893 656 2967 agnitio
696 2899 755 2950 et
789 2893 1139 2967 glorificatio
1177 2903 1519 2970 propterea,
1556 2903 1619 2954 ct
1655 2913 1891 2970 quoque
1928 2899 2251 2973 gratiarum
2278 2898 2435 2955 actio
2461 2897 2544 2954 si-

428 2990 742 3069 gnificatur
767 2992 862 3049 hic
899 3011 1010 3069 per
1037 2993 1540 3071 benedictionem,
1578 2997 1713 3055 ideo
1744 2997 1951 3056 ultimo
1980 2998 2113 3056 loco
2139 3013 2250 3056 seu
2284 3003 2354 3056 ut
2381 2995 2546 3055 clau-

428 3091 566 3150 sula
604 3090 819 3150 dicitur
854 3092 928 3150 ab
966 3094 1216 3171 Angelis
1253 3095 1345 3153 his
1386 3099 1487 3171 qui
1522 3096 1935 3173 glorificabant
1969 3098 2312 3157 Dominum.
2372 3095 2543 3173 Quod

428 3191 533 3251 illa
555 3208 667 3268 per
692 3191 1194 3268 benedictionem,
1236 3213 1370 3254 cum
1398 3196 1470 3255 de
1500 3197 1777 3271 Domino,
1817 3197 2239 3272 significentur,
2282 3204 2379 3256 est
2408 3199 2543 3272 quia

425 3310 543 3351 non
571 3293 733 3352 aliud
765 3301 856 3352 est
880 3293 1235 3370 benedictio,
1275 3314 1450 3371 quam
1482 3297 1641 3372 quod
1670 3297 1842 3359 datur
1869 3315 1905 3355 a
1932 3297 2211 3371 Domino,
2247 3297 2364 3356 hoc
2392 3298 2543 3356 enim

428 3397 602 3454 unice
642 3401 736 3453 est
767 3393 1186 3469 Benedictum,
1239 3399 1379 3472 quia
1417 3404 1508 3455 est
1542 3397 1828 3456 Divinum
1867 3405 1928 3456 et
1960 3376 2322 3472 Aeternum,
2381 3414 2451 3456 ac
2485 3400 2544 3456 in

426 3512 494 3555 se
531 3495 763 3554 coelum
800 3503 860 3554 et
895 3496 1239 3554 felicitatem
1276 3504 1582 3555 aeternam
1605 3496 1790 3556 habet
1803 3517 1820 3573 3
1860 3500 2055 3557 omnia
2090 3499 2208 3558 alia
2243 3515 2402 3574 quae
2427 3515 2542 3557 non

422 3595 707 3655 Divinum
745 3601 808 3655 et
844 3603 1151 3654 aeternum
1188 3597 1246 3652 in
1283 3612 1347 3655 se
1385 3596 1625 3671 habent,
1664 3616 1783 3657 non
1819 3605 1959 3658 sunt
1990 3600 2348 3670 benedictio,
2385 3605 2538 3657 tam-

425 3697 540 3753 etsi
586 3697 671 3754 ita
717 3704 1038 3771 vocantur,
1102 3696 1376 3755 videatur
1430 3696 1756 3758 Daca-nnn
1794 3697 2007 3758 Novas.
2060 3699 2542 3758 Hmnosommu

423 3812 491 3851 n:
536 3795 697 3851 269.
741 3798 902 3853 270.
1005 3796 1182 3872 Quod
1236 3795 1617 3869 Benedictio,
1667 3798 1770 3855 ubi
1824 3802 2159 3858 nominatur
2207 3802 2270 3857 in
2318 3797 2542 3870 Verbo,

422 3891 570 3951 talia
604 3893 912 3969 significet,
954 3904 1228 3956 constare
1265 3903 1470 3973 potest
1506 3916 1543 3957 a
1567 3898 1715 3957 locis
1750 3898 1836 3957 ibi
1867 3901 1929 3957 in
1964 3914 2146 3957 sensu
2178 3900 2413 3957 interno
2445 3901 2540 3956 in-

418 3990 708 4067 tellectis;
764 3998 827 4049 at
861 3996 1124 4069 primum
1159 3996 1533 4057 adducentur
1568 3998 1771 4074 aliqua
1805 3998 1955 4073 loca,
1994 3998 2096 4057 ubi
2132 3997 2207 4057 de
2243 3996 2538 4070 Jehovah,

417 4090 534 4150 hoc
572 4097 692 4165 est,
732 4090 985 4153 Domino
1033 4097 1248 4156 dicitur
1281 4097 1648 4159 Benedictus
1686 4105 1750 4157 et
1781 4098 2166 4173 Benedictio,
2223 4103 2284 4158 et
2317 4097 2419 4157 ubi
2443 4096 2535 4154 di-

418 4192 572 4250 citur
606 4191 975 4253 Benedicere
1009 4194 1176 4265 Dec,
1217 4203 1285 4254 ut
1336 4198 1611 4258 videatur
1658 4197 1818 4274 quod
1858 4216 1969 4277 per
2021 4197 2128 4258 illa
2178 4197 2538 4275 significetur
