2791 4778
375 387 603 445 CAPUT
639 387 954 446 sssx'rum.
1755 388 1965 445 VEB&
2010 398 2065 451 2.
2222 400 2332 454 18⁹

236 592 272 623 „
293 547 413 612 Vae
468 546 977 608 deecmdentibua
1024 545 1094 607 in
1130 544 1498 627 Aeyyptum
1531 564 1655 626 pro
1712 544 1997 623 auxilie,
2049 551 2109 607 et
2146 566 2338 627 super

231 647 391 728 equis
428 647 821 720 innituntur,
866 652 926 706 et
965 645 1289 726 confidunt
1328 665 1520 725 super
1545 665 1736 708 mewa
1747 689 1765 722 ,
1814 646 1927 707 sed
1963 666 2087 708 non
2122 647 2330 729 respi-

230 748 390 809 ciunt
432 746 524 807 ad
576 746 882 807 Sanctum
932 744 1241 820 Israelis,
1305 752 1365 806 et
1415 744 1722 806 Jehovam
1779 753 2115 827 quaerunt,
2181 766 2336 808 ‘nam

228 847 548 928 Aeyyptus
584 846 766 906 homo
808 851 866 905 et
903 864 1029 906 non
1056 845 1272 916 Deus,
1317 851 1377 905 et
1415 845 1555 923 equi
1590 845 1727 927 ejus
1767 865 1912 907 caro
1953 853 2012 907 et
2044 865 2169 908 non
2193 847 2334 927 epi-

226 946 436 1008 n‘tua“
490 945 742 1005 XXXI:
808 950 862 1003 1.
909 948 1017 1018 33·
1055 963 1165 1022 per
1204 946 1546 1022 Aegyptum
1600 948 1661 1003 in
1717 946 1920 1005 Verbo
1969 948 2336 1022 significatur

229 1046 604 1107 scientificum
641 1045 800 1121 quod
834 1047 891 1102 in
925 1045 1179 1102 naturali
1204 1039 1462 1113 homine,
1502 1053 1563 1102 et
1597 1045 1733 1104 inde
1771 1063 2006 1122 quoque
2042 1048 2334 1106 naturalis

225 1146 405 1219 homo,
445 1153 505 1205 et
545 1148 687 1221 quia
721 1144 1010 1203 naturalis
1044 1144 1221 1201 homo
1255 1161 1391 1202 cum
1419 1145 1743 1204 scientifico
1781 1146 1939 1221 quod
1971 1149 2031 1204 in
2058 1146 2180 1217 illo,
2216 1163 2336 1206 non

224 1245 394 1306 habet
420 1246 684 1322 aliquem
710 1243 1097 1318 intellectum,
1136 1242 1245 1302 sed
1274 1243 1447 1302 modo
1476 1245 1892 1320 cogitationem
1921 1262 1996 1303 ex
2025 1248 2327 1319 memoria,

225 1362 366 1421 quae
416 1351 511 1404 est
548 1347 786 1420 species
838 1345 1272 1417 imaginationis
1338 1361 1410 1400 ex
1449 1343 1697 1419 objectis
1734 1347 1903 1403 visus
1966 1353 2025 1404 et
2062 1345 2322 1419 auditus,

225 1461 366 1520 quae
401 1447 547 1520 quia
582 1451 676 1502 est
708 1444 863 1501 infra
899 1442 1300 1518 spiritualem,
1350 1444 1410 1500 in
1448 1459 1563 1517 quo
1603 1450 1798 1502 tamen
1833 1444 2099 1504 resident
2134 1447 2332 1504 omnia

218 1542 364 1604 bona
398 1551 458 1603 et
490 1561 643 1602 vera
680 1542 845 1602 Coeli
883 1549 944 1602 et
968 1542 1295 1615 Ecclesiae,
1338 1542 1472 1599 inde
1501 1559 1609 1618 per
1635 1543 1980 1620 Aegyptum
2016 1548 2076 1603 in
2111 1544 2332 1621 pleris-

224 1659 328 1719 que
360 1642 508 1703 locis
550 1642 915 1719 significatur
950 1641 1337 1700 scientificum
1372 1641 1623 1714 salsum,
1663 1661 1798 1701 nam
1834 1660 1967 1702 cum
2002 1643 2333 1721 spititualis

220 1740 382 1801 homo
442 1761 563 1801 non
597 1743 817 1814 influit,
872 1748 1184 1800 vertuntur
1219 1741 1550 1800 scientifica
1613 1743 1909 1801 naturalis
1961 1742 2216 1817 hominis
2269 1744 2330 1800 in

221 1857 370 1901 mere
403 1842 596 1916 falsa,
654 1849 713 1901 et
748 1844 1137 1918 cogitationes
1193 1841 1323 1917 ejus
1377 1844 1438 1897 in
1474 1841 1949 1901 confirmationes
1986 1842 2123 1901 falsi
2174 1850 2233 1902 et
2269 1845 2327 1902 in
2371 1845 2531 1907 [471]

221 1943 696 2001 ratiocinationes
739 1959 809 2000 ex
845 1942 963 1999 illis
1002 1947 1208 2000 contra
1247 1957 1388 1998 vera
1401 1960 1417 2017 3
1472 1941 1607 1999 inde
1644 1950 1919 2001 constare
1955 1948 2156 2018 potest
2191 1942 2332 2019 quid

220 2057 322 2117 per
344 2042 551 2117 Equos
574 2041 831 2117 Aegypti
867 2048 926 2099 et
959 2058 1067 2116 per
1095 2039 1321 2099 Currus
1351 2040 1481 2116 ejus
1510 2041 1892 2116 significatur,
1930 2058 2143 2118 nempe
2172 2042 2331 2118 quod

219 2156 322 2216 per
352 2142 560 2217 Equos
595 2140 924 2200 scientifica
958 2139 1127 2213 falsa,
1168 2146 1226 2197 et
1251 2157 1360 2215 per
1387 2123 1596 2198 currus
1627 2141 1980 2199 doctrinalia
2005 2159 2079 2200 ex
2110 2142 2325 2218 quibus

221 2241 694 2299 ratiocinationes
731 2247 941 2299 contra
977 2257 1149 2314 vera3
1207 2240 1309 2317 qui
1342 2240 1545 2315 itaque
1582 2239 1733 2297 tales
1771 2246 1941 2310 sunt,
1978 2259 2094 2298 non
2133 2257 2324 2316 quae·-

222 2347 349 2398 runt
383 2340 624 2400 aliunde
661 2357 805 2399 vera
867 2357 1044 2416 quam
1083 2355 1155 2397 ex
1193 2355 1297 2411 se,
1361 2339 1668 2416 proprium
1733 2340 1889 2397 enim
1945 2340 2215 2416 cujusvis
2263 2341 2327 2398 in

225 2441 470 2499 naturali
504 2440 739 2498 homine
777 2440 1028 2512 residet,
1087 2446 1144 2497 et
1197 2457 1314 2497 non
1344 2429 1657 2515 'proprium
1694 2440 1755 2495 in
1790 2439 2115 2514 spirituali,
2170 2456 2323 2515 qua-

226 2545 459 2614 propter
517 2557 625 2614 pro
664 2540 822 2598 veris
860 2540 1151 2614 arripiunt
1184 2537 1339 2596 salsa
1386 2544 1447 2596 et
1480 2554 1590 2613 pro
1626 2537 1796 2596 bonis
1834 2538 2023 2612 mala,
2078 2546 2137 2597 et
2171 2536 2324 2596 haec

227 2636 418 2697 dicunt
461 2637 616 2698 bona
665 2647 723 2698 et
769 2638 873 2696 illa
934 2639 1139 2696 dicunt
1173 2654 1348 2707 vera,
1411 2654 1482 2695 ac
1521 2637 1664 2708 sibig
1703 2638 1870 2711 -quia
1907 2653 2018 2695 suo
2056 2638 2322 2714 proprio,

221 2736 396 2796 fidunt
407 2757 425 2813 3
459 2739 613 2797 haec
642 2737 1047 2814 significantur
1073 2754 1183 2814 per
1206 2754 1317 2795 vae
1346 2736 1845 2796 descendentibus
1872 2738 1932 2794 in
1962 2736 2325 2815 Aegyptum,

223 2842 279 2896 et
319 2853 506 2914 super
569 2839 735 2913 equis
797 2839 1152 2909 innituntur,
1209 2842 1269 2894 et
1330 2836 1628 2895 confidunt
1690 2853 1875 2913 super
1940 2852 2117 2895 curru
2166 2834 2325 2913 quod

220 2936 467 3007 multus,
521 2944 581 2996 et
629 2954 814 3013 super
850 2937 1148 3013 equitibus
1205 2936 1365 3012 quod
1400 2936 1584 2993 validi
1616 2935 1818 3012 valde3
1875 2938 2014 3012 equi
2057 2937 2138 2995 ibi
2186 2941 2327 2996 sunt

221 3037 547 3095 scientifica
589 3036 775 3106 falsa,
832 3042 891 3094 et
945 3052 1155 3095 currus
1201 3042 1338 3093 sunt
1373 3035 1724 3094 doctrinalia
1747 3035 1919 3109 inde,
1984 3052 2054 3095 ac
2092 3039 2323 3113 equites

219 3142 350 3195 sunt
396 3137 888 3195 ratiocinationes
927 3154 1001 3195 ex
1036 3135 1155 3193 illis
1190 3141 1399 3192 contra
1433 3152 1607 3211 vera3
1665 3153 1848 3211 quare
1887 3136 2063 3194 etiam
2091 3135 2325 3204 dicitur,

217 3233 531 3312 Aegyptus
576 3243 669 3294 est
702 3236 879 3293 homo
918 3242 976 3292 et
1012 3251 1128 3292 non
1164 3233 1367 3308 DeuS,
1437 3242 1496 3292 et
1532 3238 1670 3309 equi
1732 3235 1862 3310 ejus
1909 3241 2048 3293 sunt
2084 3251 2223 3293 caro
2264 3237 2324 3292 et

214 3349 325 3393 non
370 3336 657 3411 spirituS,
691 3352 802 3412 per
830 3334 987 3408 quod
1022 3332 1382 3408 significatur
1413 3333 1572 3408 quod
1606 3350 1768 3392 mere
1802 3333 2074 3391 naturale
2111 3339 2172 3392 et
2202 3349 2325 3390 non

215 3433 523 3509 spirituale
552 3437 637 3493 eis
673 3436 846 3508 insit,
900 3433 1037 3491 inde
1065 3449 1175 3490 nec
1204 3432 1428 3506 aliquid
1454 3436 1628 3503 vitae,
1665 3433 1841 3491 homo
1877 3431 2171 3506 significat·
2205 3446 2317 3487 na-

216 3533 467 3591 turalem
498 3533 828 3607 hominem,
885 3540 944 3592 et
992 3548 1130 3592 caro
1182 3533 1485 3608 proprium
1543 3532 1706 3607 ejus,
1761 3531 1932 3588 Deus
1981 3534 2041 3587 et
2075 3529 2321 3605 spiritus

217 3633 545 3707 significant
591 3633 873 3690 Divinum
924 3630 1297 3707 spiritualem
1342 3630 1638 3689 hominem
1689 3636 1750 3689 et
1796 3628 1934 3686 inde
1986 3628 2204 3702 vitam3
2261 3631 2325 3686 et

215 3735 487 3806 quoniam
523 3732 608 3790 illi
642 3733 757 3790 sibi
792 3731 1122 3803 confidunt,
1163 3737 1223 3789 et
1257 3747 1376 3788 non
1406 3729 1677 3803 Domin0‚
1716 3728 1932 3786 dicitur
1967 3743 2083 3785 non
2118 3726 2315 3803 respi-

214 3831 371 3889 ciunt
405 3831 483 3888 ad
517 3829 801 3890 Sanctum
836 3830 1099 3898 IsraeliS,
1139 3836 1198 3887 et
1226 3829 1526 3889 Je‘hovam
1563 3835 1873 3903 quaerunt.
1927 3826 2015 3887 Ex
2039 3827 2135 3885 his
2165 3841 2320 3885 nunc

215 3928 397 3988 videri
424 3936 663 4006 potest,
704 3930 846 4005 quid
881 3927 1246 4005 significatur
1282 3945 1393 4004 per
1431 3944 1637 4001 equos,
1679 3942 1886 3985 currus
1925 3933 1983 3984 et
2020 3928 2323 3986 exercitus

210 4025 570 4101 Pharaonis,
626 4029 790 4105 apud
822 4029 1035 4087 Mosen
1081 4024 1475 4099 „Gloriosus
1514 4024 1753 4089 reddam
1790 4025 1861 4087 in
1886 4022 2227 4088 Pharaone
2249 4031 2323 4088 -et

212 4122 281 4184 in
305 4124 620 4187 Exci-citu
662 4127 827 4210 eju-9,
867 4132 927 4186 et
961 4126 1032 4186 in
1058 4123 1410 4204 Equitibus
1444 4123 1597 4205 ejus.
1649 4124 1747 4187 Et
1761 4125 2135 4204 persequuti
2170 4127 2323 4185 aunt

212 4219 516 4306 Aegyptii
538 4223 724 4306 filios
757 4223 1051 4300 Israelis,
1107 4230 1170 4284 et
1205 4229 1502 4284 venerunt
1534 4230 1687 4303 post
1728 4221 1881 4285 illos
1921 4222 2101 4303 Equi
2134 4221 2317 4282 Pha-
