2791 4778
418 387 525 440 502
848 374 1341 430 APOCALYPSIS
1387 372 1820 427 ΕΧΡωοΑΤΑ.
1876 372 1922 439 §.
1968 380 2096 433 412.

414 538 576 612 Lux;
617 541 677 594 et
703 534 951 610 reliquis
986 539 1051 591 ut
1079 532 1279 591 Luna:
1320 538 1381 589 at
1416 547 1609 606 usque
1641 536 1896 607 apparet
1933 528 2223 587 Dominus
2253 531 2314 587 in
2355 529 2547 591 Coelo

415 620 690 713 Angelis,
729 633 839 693 sed
873 641 1014 692 tunc
1051 632 1164 692 sub
1202 632 1392 690 forma
1429 630 1751 706 Angelica,
1803 629 2011 705 implet
2047 632 2204 688 enim
2237 630 2546 707 Angelum

415 754 524 796 suo
563 737 696 799 visu
740 741 801 794 et
846 737 932 794 sic
972 751 1083 792 sua
1117 733 1464 810 praesentia
1501 750 1533 789 e
1568 730 1926 807 longinquo,
1983 737 2043 789 et
2087 731 2203 789 hoc
2254 733 2318 789 in
2355 735 2542 792 variis

412 836 596 907 lociS,
661 841 723 894 at
765 836 958 894 ubivis
996 833 1377 894 accomodate
1417 832 1492 891 ad
1546 832 1766 890 bonum
1810 833 2030 889 amoris
2078 839 2140 890 et
2187 831 2328 890 fidei
2377 833 2542 908 apud

411 937 549 997 illos
600 936 700 995 ubi
742 940 997 1013 apparet
1011 955 1028 1011 3
1081 936 1167 993 ita
1204 936 1369 992 visus
1416 939 1508 992 est
1545 932 1838 990 Dominus
1889 930 2223 1000 Guideoni,
2283 949 2351 990 ac
2394 933 2534 990 Ma-

414 1037 645 1098 noacho
695 1043 756 1096 et
797 1038 970 1095 uxori
1023 1034 1184 1110 ejus,
1237 1041 1366 1094 tum
1413 1033 1569 1093 Mosi
1610 1039 1672 1091 et
1720 1032 1947 1109 populo
2001 1032 2355 1108 Israelitic03
2410 1032 2530 1090 hoc

414 1141 617 1213 itaque
656 1145 748 1195 est.
786 1135 944 1211 quod
994 1135 1346 1211 intelligitur
1393 1151 1505 1211 per
1539 1133 1743 1192 videre
1793 1132 2096 1192 Jehovam
2132 1133 2283 1192 facie
2324 1133 2400 1191 ad
2436 1133 2535 1190 fa-

417 1240 594 1310 ciem,
653 1244 712 1296 et
747 1255 857 1313 per
899 1237 1102 1294 videre
1146 1231 1441 1294 Jehovam
1491 1240 1550 1293 et
1597 1251 1717 1291 non
1751 1235 1928 1292 mori:
1987 1234 2146 1309 quod
2183 1237 2316 1311 ipsa
2352 1235 2542 1293 facies

417 1338 614 1414 quoad
649 1340 930 1397 interiora
966 1354 1120 1412 quae
1159 1342 1296 1395 sunt
1329 1335 1532 1394 Divini
1569 1336 1806 1393 Amoris
1841 1335 2074 1409 Ipsius,
2118 1352 2235 1393 non
2271 1336 2404 1393 visa
2440 1337 2544 1404 sit,

414 1445 585 1516 patet
621 1438 934 1496 manifeste
972 1455 1045 1496 ex
1084 1455 1173 1507 eo,
1220 1435 1378 1512 quod
1415 1435 1570 1493 Mosi
1605 1435 1826 1492 dictum
1864 1437 1943 1493 sit
1976 1433 2142 1512 quod
2175 1454 2351 1494 nemo
2378 1454 2541 1513 pos-

418 1538 509 1599 sit
562 1536 772 1598 videre
802 1537 1048 1617 faciem
1095 1535 1369 1597 Jehovae
1424 1541 1483 1596 et
1516 1535 1736 1604 vivere,
1783 1536 1982 1594 Exod:
2031 1535 2348 1594 XXXIII:
2398 1540 2503 1594 20
2527 1557 2543 1609 ;

419 1646 480 1697 et
526 1655 716 1715 usque
754 1645 954 1696 tamen
992 1638 1231 1711 dicitur,
1289 1636 1448 1712 quod
1502 1637 1755 1696 viderint
1790 1635 2086 1695 Jehovam
2139 1637 2292 1694 facie
2331 1636 2408 1696 ad
2445 1637 2542 1693 sa-

418 1742 568 1798 ciem
584 1760 600 1814 3
655 1756 729 1797 ex
779 1756 895 1814 quo
935 1717 1248 1796 manifeste
1296 1743 1497 1812 patet,
1568 1736 1725 1812 quod
1772 1737 1972 1795 videre
2017 1726 2540 1814 sacies‚.'Jehovae‚

413 1840 477 1898 in
522 1839 668 1899 locis
706 1856 891 1914 supra
933 1836 1237 1907 adductis,
1288 1837 1584 1913 significet
1633 1837 1837 1896 videi-e
1886 1838 2094 1913 Ipsum
2142 1840 2202 1895 in
2239 1838 2539 1896 interiori-

220 1946 378 2008 {6751
417 1940 532 1999 bus
581 1938 794 2013 Verbi,
850 1937 1160 1997 Ecclesiae
1206 1944 1284 2007 et,
1302 1936 1511 1997 Cultus
1526 1981 1541 2011 ,
1600 1938 1760 2014 quod
1808 1945 2004 1997 tamen
2055 1947 2151 1997 est
2187 1937 2392 1997 videre
2427 1937 2534 2014 Ip-

420 2058 553 2101 sum
589 2042 648 2098 in
684 2040 961 2099 Externis
1004 2039 1078 2098 ab
1124 2040 1398 2098 Internis.
1493 2037 1668 2114 Quod
1726 2037 1889 2098 Gens
1940 2039 2197 2098 Judaiea
2249 2040 2429 2098 fuerit
2460 2042 2541 2096 *in

417 2142 693 2202 Externis
728 2141 946 2215 Verbi,
1002 2140 1314 2198 Ecclesiae
1351 2145 1413 2197 et
1450 2137 1659 2198 Cultus
1700 2139 1931 2223 absque
1967 2121 2258 2213 InterniS,
2322 2140 2535 2198 videa-

417 2251 515 2301 tur
544 2244 603 2300 in
644 2242 969 2300 DocrmNA
1000 2240 1215 2300 Novnn
1242 2240 1731 2299 Hmaosomma
1775 2258 1847 2300 n:
1901 2244 2077 2301 248:
2135 2240 2280 2316 quid
2317 2242 2533 2299 Exter—

414 2360 556 2402 num
595 2341 821 2419 absque
856 2341 1127 2417 Interno,
1187 2349 1245 2400 et
1282 2341 1424 2417 quid
1459 2342 1783 2401 Externum
1822 2344 1885 2401 in
1921 2359 2036 2418 quo
2072 2341 2419 2417 Internum,
2462 2360 2536 2400 n:

421 2447 539 2514 47,
581 2443 678 2502 ibi.
763 2442 938 2519 Quod
977 2442 1141 2502 Gens
1181 2442 1442 2501 Judaica
1479 2441 1615 2501 talis
1669 2444 1882 2512 suerit,
1945 2446 2124 2502 etiam
2182 2461 2545 2519 repraesen-

419 2550 606 2603 tatum
666 2551 723 2603 et
786 2544 1180 2620 significatum
1241 2551 1333 2601 est
1388 2560 1500 2619 per
1556 2543 1772 2621 „quod
1832 2541 2250 2605 obvelat-erint
2298 2543 2547 2623 faciem

428 2642 728 2720 Domini,
785 2644 1104 2705 caederint
1153 2640 1372 2717 illam,
1429 2646 1489 2703 et
1522 2644 1895 2722 eoeepuaem‘nt
1936 2644 2006 2704 in
2040 2642 2272 2705 illam“
2314 2645 2542 2707 Matth:

416 2744 668 2804 XXVI:
727 2749 835 2805 67.
890 2746 1086 2804 Marc:
1126 2743 1307 2804 XIV:
1353 2745 1464 2803 65.
1520 2745 1677 2803 Luc:
1719 2744 1937 2804 XXII:
1986 2748 2112 2819 643
2168 2764 2305 2803 nam
2348 2749 2546 2803 omnia

420 2862 574 2922 quae
614 2849 671 2903 in
710 2847 913 2904 Verbo
956 2852 1355 2904 memorantur
1390 2845 1462 2902 de
1517 2845 1808 2903 Passione
1854 2845 2120 2921 Domini,
2174 2864 2541 2923 repraesen-

415 2950 545 3002 tant
596 2951 655 3003 et
710 2945 1046 3027 significant
1093 2964 1312 3004 arcana
1355 2945 1524 3004 Coeli
1575 2953 1635 3004 et
1688 2946 2029 3015 Ecclesiae,
2104 2965 2175 3006 ac
2230 2950 2291 3005 in
2340 2949 2540 3023 specie

417 3042 629 3121 quales
664 3043 890 3102 Judaei
926 3046 1166 3102 fuerunt
1202 3045 1403 3120 quoad
1441 3046 1743 3121 Verbum,
1799 3047 2131 3107 Ecclesiam
2170 3055 2230 3107 ct
2269 3048 2507 3107 Cultum
2521 3067 2535 3119 3

418 3142 574 3219 quod
622 3144 706 3201 ita
750 3145 855 3216 sit,
916 3143 1190 3201 videatur
1226 3160 1413 3220 supra
1461 3164 1527 3205 n:
1575 3150 1684 3205 64.
1729 3148 1839 3206 83.
1890 3150 2061 3219 195,
2103 3148 2199 3206 fin.
2299 3149 2391 3206 Ex
2428 3148 2538 3205 illis

417 3260 572 3321 quae
612 3242 904 3302 hactenus
942 3244 1240 3320 explicata
1291 3252 1459 3320 sunt,
1516 3249 1653 3305 sciri
1691 3255 1892 3323 potest
1929 3249 2072 3323 quid
2106 3249 2402 3326 significat
2436 3249 2531 3305 fa-

417 3346 539 3404 cies
576 3344 851 3406 Jehovae
902 3352 1010 3404 seu
1048 3346 1314 3419 Domini,
1374 3348 1534 3423 quod
1575 3365 1790 3424 nempe
1827 3348 2110 3407 Divinum
2149 3350 2434 3408 Amorem
2469 3363 2538 3405 ac

417 3463 589 3504 omne
640 3446 869 3505 Bonum
922 3450 979 3505 in
1031 3445 1213 3507 Coelo
1265 3454 1323 3506 et
1364 3447 1640 3506 Ecclesia
1677 3448 1843 3524 inde3
1903 3467 1975 3508 ex
2012 3450 2125 3509 hoc
2176 3453 2360 3510 etiam
2401 3450 2539 3508 seiri

416 3553 618 3624 potest
671 3547 811 3623 quid
848 3516 1214 3625 significatur
1262 3566 1371 3625 per
1418 3548 1786 3607 abscondere
1824 3567 1934 3609 seu
1983 3551 2287 3611 occultare
2332 3551 2535 3621 facies,

415 3648 520 3706 ubi
557 3648 629 3708 de
676 3647 875 3707 Jehox
882 3650 957 3707 ah
994 3666 1103 3708 seu
1146 3650 1434 3718 Domino,
1490 3649 1646 3723 quod
1685 3666 1900 3725 nempe
1940 3654 2020 3709 sit
2055 3650 2398 3727 relinquere
2435 3649 2541 3707 ho-

414 3750 635 3807 minem
671 3750 729 3806 in
766 3765 875 3806 suo
913 3751 1173 3824 proprio,
1219 3755 1277 3806 et
1313 3749 1450 3808 inde
1487 3752 1546 3807 in
1584 3750 1755 3808 malis
1801 3757 1861 3809 et
1891 3751 2058 3810 falsis
2098 3769 2252 3827 quae
2291 3768 2368 3810 ex
2400 3767 2539 3827 pro·

415 3851 546 3924 prio
592 3849 721 3924 eius
769 3850 1132 3921 scaturiunt3
1189 3866 1322 3904 nam
1362 3849 1539 3908 homo
1576 3853 1634 3909 in
1673 3867 1738 3908 se
1776 3859 2087 3926 spectatus
2129 3870 2245 3911 non
2296 3858 2391 3910 est
2427 3851 2544 3908 nisi

417 3966 591 4025 quam
633 3948 850 4005 malum
898 3956 958 4006 et
1007 3947 1143 4006 inde
1183 3947 1428 4023 salsum,
1487 3957 1546 4010 et
1593 3951 1666 4010 ab
1716 3950 1834 4009 illis
1876 3952 2175 4011 detinetur
2211 3971 2246 4008 a
2283 3951 2545 4011 Domino

413 4056 481 4107 ut
522 4051 580 4107 in
619 4048 776 4108 bono
821 4049 930 4122 sit,
973 4047 1132 4124 quod
1174 4047 1238 4107 fit
1274 4066 1383 4125 per
1412 4049 1809 4111 elevationem
1839 4070 1874 4109 a
1908 4056 2181 4130 proprio3
2222 4051 2362 4111 inde
2403 4069 2546 4110 con-

415 4152 573 4203 stare
610 4153 839 4218 potest,
899 4148 1054 4222 quod
1109 4166 1217 4225 per
1273 4148 1642 4210 abscondere
1691 4160 1751 4210 et
1787 4153 2091 4214 occultare
2126 4155 2316 4212 facies
2334 4192 2350 4225 ,-
2410 4170 2547 4211 cum

414 4240 486 4297 dc
537 4242 824 4315 Domino,
882 4245 1248 4319 significetur
1304 4249 1642 4325 relinquere
1692 4254 1749 4311 in
1801 4253 1973 4312 malis
2009 4262 2078 4317 ,et
2124 4253 2324 4328 salsiS,
2384 4253 2547 4311 utin
