2791 4778
473 366 579 420 116
882 343 1376 410 APo‘c-Amrsss
1424 349 1853 409 EXPLICATA.
1944 351 1989 420 ς.
2025 359 2163 413 2329,

470 515 772 588 Minchas,
825 531 978 588 quae
1018 520 1186 572 erant
1215 513 1421 572 Panes
1471 518 1533 571 et
1565 511 1919 588 placentae,
1979 529 2131 588 quae
2184 513 2364 569 ctiam
2402 514 2589 571 sacri-

468 616 822 689 ficabantur,
861 633 927 673 n:
978 615 1242 672 10079.
1301 612 1459 689 Quid
1495 629 1606 689 per
1641 611 1930 672 Libamen
1983 612 2141 688 quod
2190 618 2321 670 erat
2374 614 2590 688 vinum,

470 735 545 775 n:
587 717 802 776 4581.
852 715 1111 773 10137.
1183 713 1273 772 Ex
1308 713 1403 772 his
1439 712 1760 778 intellectis
1813 714 1951 771 sciri
1996 719 2231 789 potest,
2290 712 2451 787 quod
2485 731 2598 790 per

462 816 818 898 *sanguinem
855 813 1140 876 Sacrificii
1172 816 1355 873 etiam
1392 812 1536 872 alibi
1569 814 1627 870 in
1664 812 1868 873 Verbo
1904 812 2270 890 significetur
2302 811 2594 873 Divinum

470 917 736 993 Verum3
775 923 841 975 ut
875 915 1036 992 apud
1062 914 1444 974 Ezechielem
1484 911 1671 988 „Dic
1704 912 1817 972 avi
1851 912 2059 973 omnis
2093 910 2238 973 alae
2276 919 2337 974 et
2362 912 2598 975 bestiae

470 1016 621 1097 ayri
636 1062 653 1092 ,
724 1014 1199 1096 conyreyamini
1242 1021 1302 1075 et
1352 1013 1580 1087 venite,
1652 1020 2028 1093 congreyate
2076 1033 2187 1073 vos
2228 1033 2270 1074 α
2317 1013 2599 1076 circuitu

271 1120 430 1182 [420]
471 1137 662 1197 super
698 1115 1104 1197 Sacrificium
1139 1134 1348 1175 meum
1401 1111 1570 1193 quod
1608 1113 1895 1194 samvifloo
1930 1113 2131 1189 vobi-5,
2186 1112 2596 1195 Sacrificium

470 1236 776 1298 maynum
815 1236 1004 1295 super
1042 1215 1356 1276 montibus
1391 1211 1718 1288 Israelis,
1747 1220 1820 1274 ut
1855 1212 2201 1275 comedatis
2240 1234 2497 1276 carnem
2536 1222 2596 1277 et

470 1318 701 1380 bibatis
730 1316 1122 1397 sanquinem,
1170 1333 1417 1376 carnem
1433 1314 1713 1394 sortium
1751 1314 2103 1390 comedetis,
2133 1322 2191 1375 et
2216 1314 2595 1394 sanquinem

465 1418 830 1500 principum
867 1424 1071 1478 terrae
1102 1414 1354 1491 bibetis,
1414 1420 1472 1474 et
1506 1412 1842 1484 comedetis
1869 1414 2328 1495 pinquedinem
2365 1415 2461 1476 ad
2487 1435 2593 1478 aa·

471 1520 831 1593 caritatem,
912 1524 971 1579 et
1028 1516 1245 1577 bibetis
1294 1514 1672 1595 sanquinem
1723 1534 1918 1594 usque
1968 1514 2058 1576 ad
2105 1515 2466 1577 ebrietatem
2519 1516 2591 1577 de

470 1618 804 1699 Sacrificio
855 1636 987 1678 meo
1043 1614 1211 1697 quod
1260 1614 1551 1697 sacrifi-co
1588 1614 1798 1675 vobis:
1861 1621 1920 1676 et
1965 1614 2370 1676 satiabimini
2405 1636 2589 1698 mper

468 1737 686 1781 mensa
730 1738 869 1780 mea
899 1738 1047 1797 equo
1062 1763 1078 1793 ,
1122 1736 1333 1791 θωνα,
1372 1713 1543 1776 omni
1582 1716 1718 1777 viro
1758 1712 1938 1775 belli:
1991 1716 2086 1776 sic
2128 1715 2286 1777 dabo
2310 1714 2587 1797 qloriam

467 1839 673 1883 meam
712 1821 877 1881 inter
909 1807 1182 1899 ymte8“
1238 1816 1539 1876 XXXIX:
1587 1820 1695 1876 17.
1744 1819 1853 1877 18.
1901 1819 2008 1876 19.
2056 1820 2166 1876 20.
2210 1821 2336 1894 213
2394 1822 2585 1897 agitur

468 1923 550 1981 ibi
601 1923 675 1981 de
720 1921 1159 1979 restauratione
1197 1918 1534 1991 Ecclesiae,
1592 1925 1653 1976 et
1699 1933 1810 1994 per
1851 1916 2141 1977 Israelem
2192 1925 2252 1976 et
2287 1917 2584 1981 Jacobum

466 2022 882 2099 intelliguntur
919 2036 1123 2078 omnes
1162 2021 1263 2096 qui
1300 2018 1375 2076 ab
1413 2017 1715 2090 Ecclesia,
1763 2017 1838 2077 de
1873 2018 2095 2095 quibus
2135 2017 2268 2078 ideo
2302 2019 2460 2081 haec-
2494 2020 2580 2079 di-

470 2130 684 2182 cuntur
696 2142 713 2196 3
776 2139 887 2198 per
949 2118 1319 2180 Sacrificium
1379 2135 1656 2196 magnum
1718 2132 1905 2194 super
1966 2119 2263 2178 montibus
2315 2120 2576 2196 Israelis,

467 2224 874 2301 significantur
909 2221 1106 2280 onmia
1142 2220 1336 2279 cultus
1369 2236 1604 2292 eorum3
1659 2235 1770 2293 per
1802 2236 2042 2280 carnem
2093 2211 2176 2278 et‘
2200 2237 2313 2296 per
2346 2221 2579 2297 adipem

466 2323 833 2404 significatur
892 2322 1111 2379 bonum
1175 2322 1423 2395 amoris,
1494 2324 1553 2378 ct
1586 2336 1699 2396 per
1734 2321 2085 2398 sanguinem
2112 2337 2320 2380 verum
2372 2339 2449 2380 ex
2480 2320 2580 2381 illo
2704 2331 2706 2384 4

459 2426 650 2499 bone,
691 2443 763 2484 ex
804 2423 1019 2501 quibus
1056 2422 1284 2498 cultus3
1326 2420 1695 2481 abundantia
1730 2422 2040 2497 utriusque
2077 2421 2436 2482 describitur
2468 2440 2578 2499 per
2703 2400 2704 2417 ¹

463 2526 621 2603 quod
656 2525 1038 2584 comederent
1073 2540 1310 2583 carne-m
1355 2528 1415 2581 et
1467 2521 1887 2599 pinguedinem
1941 2521 2018 2582 ad
2052 2523 2456 2598 saturitatem,
2522 2530 2579 2584 et
2679 2480 2700 2581 <

463 2626 622 2701 quod
674 2624 951 2683 biberent
1000 2626 1349 2700 sanguinem
1413 2640 1608 2698 usque
1675 2621 1752 2679 ad
1810 2622 2191 2697 ebrietatem,
2252 2630 2312 2682 et
2351 2624 2467 2683 hoc
2507 2641 2577 2685 ex

463 2723 755 2783 sacrificio
774 2743 792 2798 3
849 2740 1033 2800 quare
1070 2726 1247 2783 etiam
1287 2723 1519 2798 dicitur,
1560 2722 1721 2800 quod
1757 2725 2120 2783 satiarentur
2155 2740 2341 2801 super
2377 2740 2575 2783 mensa

463 2841 600 2882 mea
637 2840 822 2899 equo,
863 2840 1072 2896 curru,
1115 2829 1173 2881 ct
1210 2824 1368 2881 omni
1407 2827 1534 2883 viro
1572 2823 1744 2894 belli,
1796 2842 1906 2899 per
1942 2840 2160 2900 equum
2201 2827 2353 2884 enim
2393 2826 2570 2902 signi-

464 2924 679 2984 ficatur
727 2922 1066 2981 intellectus
1111 2924 1271 2997 veri,
1327 2939 1437 2999 per
1486 2941 1723 2982 currum
1770 2924 2071 2995 doctrina,
2130 2932 2190 2985 et
2240 2942 2351 3002 per
2391 2928 2569 2984 virum

462 3023 608 3083 belli
642 3040 849 3082 verum
897 3039 1171 3100 pugnans
1208 3030 1413 3081 contra
1464 3023 1682 3083 falsum
1728 3031 1789 3084 et
1836 3023 2150 3084 destruens
2197 3025 2379 3101 illud3
2445 3027 2569 3103 quis

463 3142 582 3184 non
616 3123 822 3181 videre
858 3129 1088 3200 potest,
1145 3122 1304 3200 quod
1353 3139 1464 3199 per
1499 3126 1847 3200 sanguinem
1902 3124 1999 3184 hic
2047 3143 2164 3186 non
2214 3125 2570 3204 intelligatur

464 3225 742 3301 sanguis,
795 3230 861 3281 ut
912 3223 1070 3300 quod
1132 3226 1481 3300 sanguinem
1529 3225 1862 3302 principum
1915 3231 2112 3286 terrae
2156 3226 2463 3299 biberent,
2514 3230 2569 3286 et

467 3325 625 3404 quod
673 3326 1019 3402 sanguinem
1064 3323 1337 3383 biberent
1383 3342 1577 3402 usque
1624 3325 1700 3383 ad
1750 3326 2100 3387 ebrietatem
2145 3345 2220 3388 ex
2262 3326 2571 3395 sacrificio,

463 3427 764 3507 principes
819 3434 1012 3486 terrae
1065 3425 1401 3503 significant
1446 3425 1802 3503 principalia
1851 3445 1995 3487 vera
2037 3427 2382 3504 Ecclesiae,
2440 3426 2566 3487 inde

462 3546 665 3590 eorum
703 3529 948 3604 sanguis
984 3526 1276 3604 significat
1311 3527 1689 3587 nutritionem
1725 3527 2102 3605 spiritualem
2129 3546 2205 3589 ex
2237 3528 2355 3587 illis
2385 3529 2566 3588 veris:

462 3632 602 3708 quia
639 3628 785 3688 talia
817 3627 1241 3705 significantur,
1288 3626 1422 3686 ideo
1459 3628 1517 3685 in
1556 3644 1626 3686 eo
1656 3625 1869 3704 Capite
1908 3631 2087 3688 etiam
2121 3628 2327 3689 ultimo
2366 3629 2568 3690 dicitur

462 3729 538 3789 de
571 3727 835 3804 Israele,
889 3744 1002 3804 per
1037 3744 1213 3804 quem
1250 3727 1617 3802 significatur
1650 3727 1927 3787 Ecclesia
1980 3773 2015 3804 „
2043 3726 2224 3790 Tunc
2265 3747 2391 3790 non
2426 3728 2562 3790 aba·

460 3827 729 3889 condam
779 3824 1064 3907 amplius
1099 3827 1315 3908 facies
1368 3845 1544 3888 meas
1592 3826 1671 3887 ab
1707 3826 1826 3903 iis,
1879 3828 2034 3909 quia
2074 3828 2400 3910 effundam
2435 3828 2561 3911 spi·

458 3925 662 3990 ritum
701 3944 906 3987 meum
947 3946 1146 4007 cupra
1170 3923 1528 3988 Israelem“
1567 3926 1756 3988 Vers:
1791 3931 1913 3988 29:
1969 3930 2127 4007 quod
2161 3931 2397 3990 dicatur
2433 3927 2560 4007 „dic

463 4029 564 4086 avi
599 4028 786 4086 omnis
824 4027 958 4087 alae
989 4034 1049 4088 et
1073 4028 1305 4088 bestiae
1334 4030 1530 4106 agri“‚
1573 4033 1666 4088 est
1691 4031 1833 4105 quia
1870 4047 1982 4108 per
2021 4047 2192 4090 avem
2220 4033 2411 4090 omnis
2439 4029 2556 4090 alae

417 4121 422 4125 ’
460 4127 830 4206 significatur
855 4129 1163 4207 spirituale
1192 4147 1399 4188 verum
1434 4130 1495 4188 in
1523 4130 1683 4189 omni
1716 4130 2053 4209 complexu,
2090 4137 2151 4190 et
2174 4148 2287 4208 per
2314 4130 2555 4191 bestiam

464 4231 591 4308 agri
627 4228 860 4289 affectio
885 4229 1054 4307 bon13
1107 4228 1263 4307 quod
1290 4248 1401 4307 per
1437 4246 1580 4289 aves
1619 4231 1677 4289 in
1707 4229 1910 4291 Verbo
1947 4231 2356 4310 significentur
2391 4232 2551 4310 spiri·
