2791 4778
512 400 585 454 24
945 386 1439 443 APOCALYPSIS
1481 385 1936 441 ExPucA'rA«
1966 386 2012 455 §.
2051 395 2181 450 304,

503 568 624 609 non
660 546 902 624 aliquod
927 564 1156 621 verum,
1193 546 1452 605 medium
1479 552 1677 604 terrac
1707 553 1800 604 est
1826 545 1928 604 ubi
1952 564 2158 606 verum
2189 548 2368 606 estin
2395 562 2636 607 summa

503 650 663 718 luce,
704 665 892 725 quare
922 664 1055 708 cum
1093 646 1176 705 ibi
1201 664 1322 705 non
1350 646 1473 720 lux,
1503 663 1613 722 per
1640 651 1826 704 totum
1869 652 1963 704 est
1994 645 2217 723 caligo,
2256 648 2341 705 ita
2372 665 2628 724 prorsus

500 749 718 810 nullibi
768 765 995 807 verum.
1062 746 1244 823 Apud
1297 745 1569 805 Eundem
1628 788 1666 820 „
1689 743 1972 805 Jekovah
2003 745 2316 826 percutiet
2357 745 2629 809 Terram

500 848 693 930 virya
718 847 851 909 oris
877 846 1000 922 eui,
1040 851 1100 906 et
1126 844 1365 925 spiritu
1392 842 1707 906 labiorum
1740 863 2000 906 auorum
2035 845 2269 906 occidet
2302 845 2625 928 impium“

303 951 464 1014 [358]
502 949 617 1011 XI:
664 953 736 1025 43
805 950 975 1024 virga
1029 949 1148 1008 oris
1193 946 1472 1007 Jehovae
1532 962 1688 1022 quae
1725 948 2023 1024 percutiet
2069 953 2289 1005 terram
2328 948 2630 1024 significat

500 1067 711 1110 verum
740 1051 801 1106 in
829 1047 1084 1121 ultimis,
1141 1046 1301 1123 quod
1341 1052 1433 1104 est
1461 1063 1663 1126 verum
1698 1062 1916 1106 sensus
1945 1045 2157 1106 literae
2184 1046 2399 1123 Verbi,
2438 1051 2623 1126 spiri-

498 1157 598 1210 tus
624 1149 918 1208 labiorum
939 1149 1041 1224 qui
1069 1147 1302 1206 occidet
1333 1147 1599 1223 impium,
1632 1146 1925 1224 significat
1949 1164 2158 1205 verum
2185 1148 2245 1204 in
2278 1163 2461 1207 sensu
2489 1151 2622 1225 spi-

507 1249 710 1309 rituali
734 1247 920 1307 Verbi
937 1267 953 1322 ;
991 1247 1142 1307 haec
1170 1246 1446 1306 dicuntur
1476 1256 1797 1323 percutere
1833 1253 2081 1305 terrram
2120 1252 2182 1305 et
2208 1247 2482 1307 occidere
2508 1250 2626 1306 ini-

499 1352 698 1428 pium,
739 1347 975 1424 quando
1012 1364 1122 1424 per
1155 1347 1260 1406 illa
1296 1346 1668 1418 damnantur,
1705 1348 1959 1423 quisque
1995 1347 2148 1404 enim
2171 1346 2478 1424 judicatur
2509 1365 2627 1423 per

499 1466 648 1509 vera
685 1456 745 1509 et
772 1448 1086 1507 damnatur
1118 1464 1230 1524 per
1266 1445 1386 1505 illa.
1443 1447 1624 1523 Apud
1650 1446 1917 1505 Eundem
1960 1444 2301 1521 „Quieecit
2323 1451 2383 1506 et
2409 1446 2624 1526 quieta

500 1554 597 1611 eet
644 1548 876 1617 Terra,
926 1547 1259 1628 Infemum
1297 1545 1607 1607 excitavit
1630 1550 1893 1626 propter
1925 1550 1984 1604 te
2018 1545 2370 1625 Repkaim,
2412 1565 2624 1608 omnes

491 1654 779 1730 potente-3
812 1647 1046 1711 Terrae
1063 1669 1083 1707 .·
1120 1645 1401 1707 ‘tridentes
1444 1651 1504 1706 te
1529 1645 1753 1722 dicent,
1792 1665 1946 1707 num
1986 1645 2089 1706 hic
2114 1646 2216 1708 vir
2239 1665 2626 1708 commovens

507 1749 802 1820 Terram,
842 1747 1274 1828 tremefaciens
1314 1765 1544 1825 reyna,
1587 1747 1812 1827 posuit
1846 1747 2049 1807 orbem
2082 1746 2153 1806 in
2190 1745 2520 1821 desertum,
2561 1753 2622 1807 et

501 1851 686 1913 urbes
741 1849 879 1932 ejus
919 1847 1280 1909 destruxit:
1351 1845 1621 1907 Terram
1672 1852 1852 1908 tuam
1883 1846 2263 1927 perdidieti,
2308 1844 2623 1928 populum

504 1955 687 2012 tuum
720 1948 1015 2010 occidisti
1026 1967 1055 2019 ;
1094 1951 1330 2026 parate
1355 1944 1533 2029 filiis
1568 1946 1703 2030 ejus
1745 1947 2203 2021 mactationem,
2250 1952 2324 2007 ut
2359 1967 2485 2008 non
2516 1967 2620 2009 re-

501 2053 780 2130 euryant
796 2047 1289 2130 possideantque
1319 2042 1605 2119 Terram,
1644 2066 1721 2108 ac
1744 2045 2131 2128 impleantur
2141 2046 2355 2129 facies
2388 2047 2624 2109 Terrae

502 2149 764 2212 urbibus
781 2169 802 2209 .·
839 2148 1158 2229 franyam
1192 2146 1545 2210 Aechurem
1583 2148 1654 2208 in
1694 2147 1904 2210 Terra
1935 2167 2102 2223 mea,
2145 2154 2205 2208 et
2230 2167 2419 2228 super
2443 2167 2622 2209 mon-

505 2249 678 2310 tibus
732 2248 892 2308 meis
941 2245 1302 2315 conculcabo
1339 2250 1535 2309 eum“
1595 2249 1769 2309 XIV:
1815 2255 1872 2308 7.
1933 2251 1991 2308 9.
2038 2252 2145 2308 16.
2195 2253 2302 2308 17.
2346 2251 2458 2307 20.
2502 2253 2617 2308 21.

511 2352 637 2428 253
695 2349 854 2411 dicta
887 2349 1038 2410 haec
1073 2355 1215 2409 sunt
1251 2348 1325 2409 de
1359 2366 1505 2426 rege
1540 2348 1786 2409 B'abelis
1806 2394 1822 2426 ,
1878 2367 1988 2428 per
2037 2367 2213 2427 quem
2252 2349 2620 2426 significatur

501 2453 828 2512 destructio
855 2452 983 2512 veri
1016 2468 1129 2527 per
1170 2468 1432 2509 amorem
1461 2450 1794 2527 imperandi
1820 2467 2003 2527 super
2032 2450 2263 2510 coelum
2294 2457 2352 2509 et
2375 2457 2610 2523 terram,

503 2554 600 2613 cui
634 2554 965 2612 inserviunt
991 2569 1138 2610 vera
1164 2550 1353 2609 Verbi
1387 2565 1497 2609 seu
1525 2550 1630 2609 illa
1658 2568 1812 2628 quae
1838 2550 2147 2624 Ecclesiae
2182 2559 2322 2610 sunt
2347 2567 2453 2628 pro
2479 2567 2615 2609 me-

504 2653 616 2711 diis
631 2672 647 2727 3
703 2655 901 2729 agitur
947 2651 1032 2710 ibi
1086 2651 1159 2710 de
1199 2668 1402 2709 eorum
1441 2650 1831 2710 ‘damnatione
1845 2671 1861 2726 3
1916 2649 2185 2729 rephaim
2241 2668 2391 2727 quos
2429 2651 2614 2709 inser-

504 2770 648 2809 num
685 2752 969 2813 excitavit
1011 2757 1153 2809 sunt
1192 2752 1294 2826 qui
1334 2752 1392 2808 in
1430 2750 1559 2808 dira
1591 2754 1981 2827 persuasione
2021 2751 2161 2810 falsi
2196 2757 2361 2825 sunt,
2402 2754 2505 2829 qui
2541 2769 2617 2810 cx

512 2868 583 2910 eo
621 2857 914 2910 vocantur
949 2856 1225 2926 potentes
1262 2856 1456 2909 terrae
1469 2871 1485 2926 3
1542 2868 1917 2911 commovere
1946 2858 2183 2926 terram,
2222 2853 2622 2911 tremefacere

505 2968 724 3027 regna,
770 2967 997 3028 ponere
1048 2949 1252 3009 orbem
1298 2952 1357 3008 in
1397 2950 1730 3027 desertum,
1788 2958 1848 3011 et
1891 2952 2071 3010 urbes
2111 2952 2243 3029 ejus
2281 2954 2614 3025 destruere,

507 3050 802 3127 significat
835 3057 1184 3131 pervertere
1222 3054 1419 3111 omnia
1454 3052 1791 3120 Ecclesiam
1832 3059 1994 3111 terra
2030 3059 2089 3111 et
2129 3054 2289 3113 orbis
2325 3059 2466 3112 sunt
2498 3054 2617 3111 Ec-

509 3151 747 3226 clesia,
790 3169 976 3228 regna
1020 3159 1159 3209 sunt
1218 3169 1366 3211 vera
1423 3170 1579 3227 quae
1641 3154 1868 3212 faciunt
1918 3169 2080 3227 eam,
2142 3161 2200 3213 et
2248 3154 2429 3212 urbes
2480 3159 2619 3212 sunt

513 3253 710 3310 omnia
771 3252 1102 3328 doctrinae,
1170 3252 1310 3311 inde
1345 3258 1544 3327 patet,
1618 3253 1757 3327 quid
1818 3252 2185 3328 significatur
2230 3272 2343 3332 per
2400 3261 2618 3312 terram

507 3359 667 3410 tuam
702 3353 1041 3429 perdidisti,
1097 3351 1387 3429 populum
1426 3357 1591 3409 tuum
1636 3353 1944 3429 occidisti3
1998 3371 2108 3430 per
2143 3354 2478 3414 Aschurem
2516 3340 2618 3429 qui

505 3453 809 3530 frangetur
858 3456 918 3513 in
965 3461 1154 3526 terra,
1224 3458 1286 3509 et
1332 3468 1516 3526 super
1552 3452 1847 3511 montibus
1898 3454 2372 3530 conculcabitur,
2428 3456 2615 3531 signi-

510 3552 721 3613 ficatur
756 3554 1130 3613 ratiocInatio
1169 3569 1240 3609 ex
1277 3551 1446 3611 falsis
1485 3561 1690 3611 contra
1723 3571 1895 3627 vera,
1948 3554 2140 3631 frangi
2184 3563 2275 3614 cst
2325 3556 2623 3634 dissipari,

515 3661 576 3712 et
613 3654 951 3714 conculcari
987 3656 1080 3710 ost
1112 3666 1360 3729 prorsus
1398 3651 1648 3728 destrui3
1685 3660 1917 3713 montes
1954 3671 2139 3731 super
2180 3655 2396 3731 quibus
2432 3656 2619 3734 signi·

502 3754 683 3813 ficant
741 3754 845 3815 ubi
892 3758 1104 3827 regnat
1147 3751 1366 3810 bonum
1419 3755 1650 3811 amoris<
1687 3761 1747 3812 et
1792 3754 2131 3829 charitatiS,
2196 3773 2331 3814 nam
2376 3757 2459 3816 ibi
2508 3772 2621 3815 seu

506 3854 670 3930 apud
698 3853 835 3915 illos
865 3852 1192 3928 dissipatur
1217 3867 1325 3910 seu
1355 3851 1680 3913 destruitur
1716 3856 1905 3914 omnis
1931 3856 2302 3915 ratiocinatio
2332 3874 2404 3917 ex
2430 3856 2619 3915 falsis·

500 3953 682 4028 Apud
718 3950 991 4012 Eundem
1026 3994 1066 4025 „
1085 3948 1350 4035 Eyulate
1385 3970 1578 4017 naves
1613 3951 2096 4031 sswschischi,
2139 3975 2172 4015 e
2203 3954 2405 4020 Terra
2432 3954 2620 4019 Chia

501 4050 624 4111 tim
658 4050 992 4131 manifecte
1036 4051 1232 4113 veniet
1274 4049 1413 4115 illie
1432 4078 1451 4113 .-
1506 4052 1718 4114 tranei
1748 4052 2017 4118 Terram
2054 4060 2235 4118 tuam
2278 4056 2445 4118 sicut
2473 4055 2615 4134 flu·

503 4149 650 4210 vius
679 4148 835 4231 filia
876 4149 1356 4226 mareckiechi,
1415 4173 1540 4215 non
1583 4151 1911 4233 cinyulum
1950 4152 2268 4236 amplius:
2312 4175 2387 4217 en
2417 4154 2628 4220 Terra-

505 4247 990 4330 Chaldaeorum,
1045 4252 1301 4317 Aschur
1335 4252 1652 4335 fundavit
1690 4272 1829 4317 eam
1875 4255 1946 4318 in
1985 4274 2237 4319 acervo-s
2255 4278 2275 4318 .·
2329 4255 2623 4320 visitabit
