2791 4778
431 344 665 410 cAPnr
705 344 1020 421 senum.
1818 347 2028 412 vens:
2074 360 2124 411 a.
2283 362 2391 430 3527

279 510 468 567 atem.-
538 504 636 565 z'ta
694 503 948 586 quando
998 511 1273 584 quatuor
1302 503 1569 588 judicia
1618 524 1759 566 mea
1810 504 2019 582 mala,
2074 505 2391 589 qladiunt,

261 607 540 687 samem,
584 607 803 687 seram
843 604 1086 666 malam
1121 614 1179 667 et
1206 614 1451 685 pestem
1507 606 1738 668 misero
1777 627 1967 686 super
2006 594 2392 693 Hierosoly·-

270 728 441 768 mam
458 752 479 782 ,
537 706 631 768 ad
664 706 1161 768 eoescindendum
1199 726 1278 768 ex
1314 726 1389 768 ea
1425 707 1737 767 homi-nem
1770 713 1829 767 et
1860 709 2172 770 bestiam“
2208 711 2390 773 XIV:

278 811 382 868 13.
431 812 460 866 l
486 810 549 867 5.
601 812 627 866 l
651 815 707 868 7.
751 812 778 866 l
801 811 857 867 9.
902 812 984 866 21
1014 829 1029 884 ;
1084 810 1144 865 in
1180 825 1363 867 sensu
1398 811 1629 868 interno
1667 828 1775 885 per
1811 811 2161 870 exscindere
2196 812 2399 872 homi·

266 928 398 968 nem
438 916 503 968 et
553 909 841 980 bestiam,
895 897 1265 986 significatur
1314 908 1629 986 deprivarc
1683 913 1842 969 omni
1894 910 2204 971 affe-ctione
2255 913 2397 973 boni

268 1016 326 1069 et
354 1011 492 1068 veri
534 1017 656 1068 tam
696 1013 929 1070 interna
974 1028 1081 1069 seu
1133 1010 1432 1086 spirituali
1470 1028 1647 1087 quam
1688 1018 1937 1069 externa
1970 1029 2081 1071 seu
2115 1014 2394 1084 naturali,

267 1111 424 1187 quod
460 1110 589 1169 hoc
624 1129 733 1187 per
775 1111 1072 1170 hominem
1113 1119 1171 1170 et
1205 1111 1461 1169 bestiam
1501 1113 1561 1170 in
1602 1111 1807 1170 Verbo
1845 1112 2244 1189 significetur,
2293 1118 2392 1174 vi·

267 1211 482 1271 deatur
538 1230 614 1269 n:
661 1214 869 1270 7424.
918 1213 1128 1271 7523.
1176 1213 1393 1284 78723
1448 1230 1558 1288 per
1604 1213 1821 1271 samem
1868 1214 2234 1289 significatur
2281 1216 2391 1275 de·

270 1315 533 1389 privatio
573 1312 715 1372 boni
743 1315 992 1382 amoris,
1030 1330 1139 1388 per
1164 1312 1428 1388 gladium
1455 1313 1785 1389 deprivatio
1813 1315 1938 1371 veri
1966 1315 2121 1388 fidei,
2161 1322 2390 1376 utrum-

270 1432 379 1489 que
420 1431 543 1489 per
593 1413 840 1489 falsu1n3
896 1431 1006 1489 per
1035 1414 1232 1472 serani
1279 1413 1501 1471 malam
1547 1413 1877 1489 deprivatio
1932 1417 2240 1491 utriusque
2284 1434 2395 1493 per

264 1515 421 1573 mala
476 1516 707 1572 amoris
757 1517 849 1572 sui
899 1522 958 1573 et
1009 1515 1244 1589 mundi3
1314 1522 1374 1572 et
1415 1532 1523 1588 ρει·
1567 1524 1801 1590 pestem
1849 1515 2183 1591 deprivatio
2230 1519 2391 1577 vitae
2433 1530 2592 1594 [551]

266 1614 611 1691 spiritualis
646 1614 816 1674 inde:
853 1615 1004 1674 haec
1041 1621 1333 1673 vocantur
1367 1614 1450 1672 ibi
1487 1622 1740 1689 quatuor
1766 1615 2012 1691 judicia,
2050 1619 2189 1693 quia
2216 1617 2392 1677 homo

256 1716 577 1792 judicatur
630 1733 701 1772 ex
754 1714 900 1792 illis;
972 1733 1047 1774 ex
1092 1715 1303 1775 horum
1351 1721 1413 1773 et
1463 1716 1940 1775 antecedentium
1995 1718 2393 1793 explicatione

265 1829 555 1876 constare
603 1823 834 1892 potest,
909 1816 1050 1890 quid
1101 1834 1211 1892 per
1275 1816 1513 1891 singula
1556 1816 1634 1874 ibi
1687 1819 1746 1874 in
1803 1819 1959 1876 serie
2022 1818 2389 1895 intelligitur.

265 1917 384 1977 Per
436 1919 638 1975 seram
682 1916 907 1975 malam
942 1917 1351 1993 intelliguntur
1401 1934 1605 1975 omnes
1654 1917 1885 1977 bestiae
1939 1920 2180 1994 noxiae,
2231 1938 2392 1996 quae

265 2020 549 2095 rapiunt,
608 2017 945 2076 discindunt
994 2017 1275 2077 animalia
1321 2017 1503 2091 bona,
1575 2020 1729 2076 sicut
1777 2036 1999 2094 agnos,
2054 2037 2234 2094 oveS,
2282 2021 2388 2097 ju·-
2454 2014 2470 2029 '

269 2136 536 2185 venece,
587 2117 775 2176 boves
814 2125 873 2176 et
918 2126 1187 2192 caetera,
1244 2136 1400 2195 quae
1438 2127 1577 2178 sunt
1616 2117 1855 2188 leones,
1910 2122 2061 2193 ursi,
2119 2120 2392 2195 tigrides,

267 2221 585 2297 pantheri,
643 2221 799 2294 apri,
855 2220 1011 2295 lupi,
1077 2220 1400 2293 draconeS,
1461 2222 1776 2293 serpentes
1827 2227 1884 2278 et
1939 2218 2175 2295 plures;
2232 2219 2393 2295 quod

269 2338 381 2398 per
421 2321 560 2379 illas
616 2321 804 2394 feraS,
862 2328 922 2378 et
967 2322 1026 2378 in
1075 2338 1295 2397 genere
1346 2336 1455 2395 per
1508 2319 1694 2377 feram
1732 2318 1948 2376 malam
1984 2317 2394 2395 significantur

277 2422 637 2497 cupiditates
667 2421 953 2480 oriundae
992 2440 1064 2478 ex
1103 2440 1304 2481 amore
1342 2423 1438 2481 sui
1474 2426 1533 2479 et
1561 2420 1789 2491 mundi,
1842 2438 1916 2479 ex
1946 2420 2162 2497 quibus
2196 2421 2395 2479 omnia

281 2522 447 2580 mala
481 2524 631 2580 vitae
670 2530 730 2580 et
766 2522 920 2580 salsa
962 2522 1286 2596 doctrinae,
1327 2530 1422 2581 est
1452 2540 1525 2581 ex
1565 2521 2109 2597 cor-respondentia,
2150 2528 2218 2579 ut
2243 2537 2388 2579 con-

274 2630 443 2681 stare
493 2629 692 2697 potest
738 2640 809 2680 ex
859 2626 1225 2698 apparentiis
1270 2626 1329 2681 in
1380 2622 1599 2680 Mundo
1667 2622 1993 2698 spirituali3
2048 2622 2133 2681 ibi
2187 2638 2391 2686 omnes

273 2724 639 2799 cupiditates
692 2724 828 2782 mali
880 2731 937 2781 et-
985 2724 1120 2782 falsi
1161 2730 1457 2800 apparent
1504 2724 1662 2781 sicut
1706 2723 1870 2781 ferae
1929 2725 2079 2781 varii
2121 2725 2390 2800 generis;

271 2832 412 2885 sunt
453 2825 636 2882 etiam
670 2823 787 2895 illi,
847 2841 916 2882 ex
958 2825 1172 2899 quibus
1212 2825 1354 2882 talia
1390 2829 1713 2900 apparent,
1754 2824 1979 2883 similes
2015 2825 2187 2899 ferie,
2227 2840 2394 2882 sum-

267 2944 434 2986 mum
493 2928 647 2983 enim
703 2943 904 2982 eorum
944 2925 1276 3001 jucundum
1327 2931 1422 2983 est
1466 2924 1655 2983 bonos
1707 2925 1955 3001 aggredi
2000 2931 2063 2984 et
2107 2925 2391 3002 perdere;

262 3026 383 3087 hoc
419 3026 758 3102 jucundum
795 3033 886 3084 est
914 3026 1246 3101 jucundum
1285 3023 1609 3097 infernale,
1667 3042 1736 3082 ac
1771 3028 1928 3086 inest
1964 3027 2265 3086 amoribus
2301 3027 2397 3085 sui

266 3135 328 3186 et
378 3127 625 3196 mundi,
690 3128 750 3184 in
805 3127 1020 3201 quibus
1078 3133 1216 3185 sunt
1264 3126 1526 3185 inferna:
1583 3142 1656 3183 ex
1706 3125 1801 3185 his
1850 3135 2125 3186 constare
2172 3131 2391 3204 potest,

265 3228 439 3287 unde
482 3234 576 3284 est
612 3226 768 3301 quod
807 3245 914 3302 per
954 3227 1142 3285 feram
1186 3226 1402 3284 malam
1438 3229 1500 3283 in
1538 3242 1757 3302 genere
1794 3228 2202 3305 significentur
2237 3225 2397 3285 mala

266 3332 460 3397 vitae,
508 3344 620 3387 seu
663 3327 1017 3403 cupiditates
1056 3333 1118 3385 et
1153 3327 1288 3385 inde
1329 3326 1624 3385 falsitates
1661 3328 1944 3387 oriundae
1984 3345 2057 3385 ex
2095 3326 2396 3386 amoribus

269 3432 374 3491 sui
419 3436 481 3486 et
518 3428 750 3501 mundi,
807 3445 960 3504 quae
1000 3434 1238 3485 vastant
1274 3428 1472 3485 omnia
1520 3426 1833 3486 Ecclesiae
1881 3426 2042 3501 apud
2077 3426 2393 3484 hominem.

268 3530 592 3589 Hactenus
631 3547 705 3587 ex
742 3528 943 3587 Verbo
983 3535 1288 3586 ostensum
1328 3534 1448 3598 est,
1506 3527 1664 3603 quod
1707 3528 1868 3585 ferae
1906 3524 2241 3600 significent
2283 3539 2394 3581 cu-

271 3630 568 3707 piditates
606 3629 795 3687 malas
851 3646 919 3687 ac
965 3628 1291 3699 falsitateS,
1344 3630 1403 3686 in
1437 3613 1647 3703 'specie
1701 3625 2058 3701 cupiditates
2104 3621 2399 3700 perdendi

271 3738 336 3789 et
378 3729 727 3790 destruendi
767 3728 924 3787 bona
971 3736 1030 3788 et
1075 3747 1222 3787 vera
1278 3747 1388 3805 per
1437 3727 1621 3799 falsa,
1677 3728 1760 3783 ita
1794 3728 1976 3784 vitam
2023 3721 2397 3799 spiritualem

269 3829 566 3902 hominis;
626 3846 780 3893 nunc
827 3837 1007 3888 etiam
1042 3830 1426 3900 ostendetur,
1479 3827 1641 3903 quod
1672 3827 1836 3885 serae
1882 3828 2058 3884 etiam
2094 3828 2155 3883 in
2192 3822 2396 3883 Verbo

275 3931 616 4007 significent
652 3930 995 3990 affectiones
1039 3933 1166 3989 veri
1204 3938 1263 3989 et
1298 3930 1468 4002 boni,
1530 3919 1684 4004 quae
1721 3935 1860 3987 sunt.
1897 3928 2212 4003 oppositae
2247 3924 2397 3986 affe·-

274 4032 579 4091 ctionibus
636 4030 774 4091 falsi
829 4049 902 4089 ex
950 4031 1139 4104 malo,
1206 4047 1384 4106 quae·
1416 4027 1774 4105 cupiditates
1836 4026 2160 4087 vocantur‘:
2217 4042 2405 4086 causa

273 4132 440 4208 quod
468 4117 643 4192 ferae
681 4134 741 4190 in
776 4132 981 4191 Verbo
1020 4134 1198 4190 etiam
1226 4129 1572 4190 affectiones
1614 4131 1742 4191 veri
1782 4136 1844 4189 et
1877 4130 2019 4189 boni
2044 4126 2397 4206 significent,

277 4239 371 4293 est
414 4235 561 4309 quia
598 4251 750 4306 vox,
804 4249 875 4292 cx
916 4250 1035 4309 qua
1068 4232 1552 4308 denominantur,
1608 4237 1668 4293 et
1701 4237 2021 4308 vocantur,
2075 4232 2136 4292 in
2170 4230 2406 4309 Lingua
