<?xml version="1.0" encoding="UTF-8"?>
<!DOCTYPE html PUBLIC "-//W3C//DTD XHTML 1.0 Transitional//EN"
    "http://www.w3.org/TR/xhtml1/DTD/xhtml1-transitional.dtd">
<html xmlns="http://www.w3.org/1999/xhtml" xml:lang="en" lang="en">
 <head>
  <title>
</title>
<meta http-equiv="Content-Type" content="text/html;charset=utf-8" />
  <meta name='ocr-system' content='tesseract 3.04.00' />
  <meta name='ocr-capabilities' content='ocr_page ocr_carea ocr_par ocr_line ocrx_word'/>
</head>
<body>
  <div class='ocr_page' id='page_1' title='image "apocalypsisexpl03swedgoog_0371.png"; bbox 0 0 2791 4778; ppageno 0'>
   <div class='ocr_carea' id='block_1_1' title="bbox 355 357 2304 428">
    <p class='ocr_par' dir='ltr' id='par_1_1' title="bbox 355 357 2304 428">
     <span class='ocr_line' id='line_1_1' title="bbox 355 357 2304 428; baseline 0.006 -12"><span class='ocrx_word' id='word_1_1' title='bbox 355 357 578 417; x_wconf 81' lang='lat' dir='ltr'><strong>CAPUT</strong></span> <span class='ocrx_word' id='word_1_2' title='bbox 618 361 937 419; x_wconf 84' lang='lat' dir='ltr'><strong>SEXTUM.</strong></span> <span class='ocrx_word' id='word_1_3' title='bbox 1708 361 1887 418; x_wconf 77' lang='lat' dir='ltr'>VERS</span> <span class='ocrx_word' id='word_1_4' title='bbox 1905 385 1917 418; x_wconf 68' lang='grc' dir='ltr'><strong>ι</strong></span> <span class='ocrx_word' id='word_1_5' title='bbox 1963 373 2014 425; x_wconf 87' lang='grc'>9.</span> <span class='ocrx_word' id='word_1_6' title='bbox 2194 373 2304 428; x_wconf 80' lang='grc'>349</span> 
     </span>
    </p>
   </div>
   <div class='ocr_carea' id='block_1_2' title="bbox 157 522 2504 4214">
    <p class='ocr_par' dir='ltr' id='par_1_2' title="bbox 157 522 2504 4214">
     <span class='ocr_line' id='line_1_2' title="bbox 222 522 2305 605; baseline 0.001 -24"><span class='ocrx_word' id='word_1_7' title='bbox 222 524 298 581; x_wconf 86' lang='lat' dir='ltr'>sia</span> <span class='ocrx_word' id='word_1_8' title='bbox 331 524 650 599; x_wconf 87' lang='lat' dir='ltr'>spiritualis</span> <span class='ocrx_word' id='word_1_9' title='bbox 664 567 684 597; x_wconf 83' lang='lat'><em>,</em></span> <span class='ocrx_word' id='word_1_10' title='bbox 736 539 848 581; x_wconf 89' lang='lat' dir='ltr'>seu</span> <span class='ocrx_word' id='word_1_11' title='bbox 897 522 1172 582; x_wconf 77' lang='lat' dir='ltr'>Ecclesia</span> <span class='ocrx_word' id='word_1_12' title='bbox 1210 524 1271 581; x_wconf 91' lang='lat' dir='ltr'>in</span> <span class='ocrx_word' id='word_1_13' title='bbox 1324 539 1445 605; x_wconf 89' lang='lat' dir='ltr'>qua</span> <span class='ocrx_word' id='word_1_14' title='bbox 1499 522 1757 582; x_wconf 87' lang='lat' dir='ltr'>charitas</span> <span class='ocrx_word' id='word_1_15' title='bbox 1812 529 1871 582; x_wconf 87' lang='lat' dir='ltr'>et</span> <span class='ocrx_word' id='word_1_16' title='bbox 1915 523 2066 584; x_wconf 86' lang='lat' dir='ltr'>fides</span> <span class='ocrx_word' id='word_1_17' title='bbox 2120 541 2305 584; x_wconf 87' lang='lat' dir='ltr'>unum</span> 
     </span>
     <span class='ocr_line' id='line_1_3' title="bbox 220 622 2302 700; baseline 0.001 -18"><span class='ocrx_word' id='word_1_18' title='bbox 220 625 439 696; x_wconf 84' lang='lat' dir='ltr'>faciunt,</span> <span class='ocrx_word' id='word_1_19' title='bbox 502 630 564 681; x_wconf 87' lang='lat' dir='ltr'>at</span> <span class='ocrx_word' id='word_1_20' title='bbox 607 631 927 700; x_wconf 85' lang='lat' dir='ltr'>postquam</span> <span class='ocrx_word' id='word_1_21' title='bbox 988 641 1278 700; x_wconf 88' lang='lat' dir='ltr'>perversa</span> <span class='ocrx_word' id='word_1_22' title='bbox 1317 624 1497 682; x_wconf 71' lang='lat' dir='ltr'>&#39;facta</span> <span class='ocrx_word' id='word_1_23' title='bbox 1553 630 1674 691; x_wconf 89' lang='lat' dir='ltr'>est,</span> <span class='ocrx_word' id='word_1_24' title='bbox 1738 632 1879 683; x_wconf 89' lang='lat' dir='ltr'>tunc</span> <span class='ocrx_word' id='word_1_25' title='bbox 1934 642 2044 700; x_wconf 87' lang='lat' dir='ltr'>per</span> <span class='ocrx_word' id='word_1_26' title='bbox 2085 622 2302 684; x_wconf 85' lang='lat' dir='ltr'>Sama-</span> 
     </span>
     <span class='ocr_line' id='line_1_4' title="bbox 218 723 2504 801; baseline 0.002 -20"><span class='ocrx_word' id='word_1_27' title='bbox 218 727 342 783; x_wconf 82' lang='lat' dir='ltr'>riam</span> <span class='ocrx_word' id='word_1_28' title='bbox 382 724 712 800; x_wconf 85' lang='lat' dir='ltr'>significata</span> <span class='ocrx_word' id='word_1_29' title='bbox 765 733 858 781; x_wconf 87' lang='lat' dir='ltr'>est</span> <span class='ocrx_word' id='word_1_30' title='bbox 893 723 1167 782; x_wconf 79' lang='lat' dir='ltr'>Ecclesia</span> <span class='ocrx_word' id='word_1_31' title='bbox 1221 727 1281 782; x_wconf 89' lang='lat' dir='ltr'>in</span> <span class='ocrx_word' id='word_1_32' title='bbox 1332 742 1451 800; x_wconf 89' lang='lat' dir='ltr'>qua</span> <span class='ocrx_word' id='word_1_33' title='bbox 1491 723 1749 784; x_wconf 83' lang='lat' dir='ltr'>charitas</span> <span class='ocrx_word' id='word_1_34' title='bbox 1801 731 2086 801; x_wconf 87' lang='lat' dir='ltr'>separata</span> <span class='ocrx_word' id='word_1_35' title='bbox 2136 733 2228 784; x_wconf 87' lang='lat' dir='ltr'>est</span> <span class='ocrx_word' id='word_1_36' title='bbox 2264 743 2302 785; x_wconf 90' lang='lat' dir='ltr'>a</span> <span class='ocrx_word' id='word_1_37' title='bbox 2342 736 2504 797; x_wconf 81' lang='lat'>[575]</span> 
     </span>
     <span class='ocr_line' id='line_1_5' title="bbox 219 824 2306 902; baseline 0.001 -19"><span class='ocrx_word' id='word_1_38' title='bbox 219 825 338 899; x_wconf 80' lang='lat' dir='ltr'>lide,</span> <span class='ocrx_word' id='word_1_39' title='bbox 409 831 469 883; x_wconf 88' lang='lat' dir='ltr'>et</span> <span class='ocrx_word' id='word_1_40' title='bbox 521 824 673 883; x_wconf 88' lang='lat' dir='ltr'>haec</span> <span class='ocrx_word' id='word_1_41' title='bbox 733 840 928 900; x_wconf 88' lang='lat' dir='ltr'>usque</span> <span class='ocrx_word' id='word_1_42' title='bbox 985 824 1324 884; x_wconf 87' lang='lat' dir='ltr'>essentialis</span> <span class='ocrx_word' id='word_1_43' title='bbox 1382 828 1799 901; x_wconf 87' lang='lat' dir='ltr'>pronuntiata,</span> <span class='ocrx_word' id='word_1_44' title='bbox 1882 842 2066 902; x_wconf 87' lang='lat' dir='ltr'>quare</span> <span class='ocrx_word' id='word_1_45' title='bbox 2126 828 2306 886; x_wconf 86' lang='lat' dir='ltr'>etiam</span> 
     </span>
     <span class='ocr_line' id='line_1_6' title="bbox 217 924 2306 1008; baseline 0.001 -25"><span class='ocrx_word' id='word_1_46' title='bbox 217 932 329 984; x_wconf 85' lang='lat' dir='ltr'>tunc</span> <span class='ocrx_word' id='word_1_47' title='bbox 361 942 468 1002; x_wconf 89' lang='lat' dir='ltr'>per</span> <span class='ocrx_word' id='word_1_48' title='bbox 503 925 669 983; x_wconf 89' lang='lat' dir='ltr'>illam</span> <span class='ocrx_word' id='word_1_49' title='bbox 708 926 1104 1008; x_wconf 83' lang='lat' dir='ltr'>significatum</span> <span class='ocrx_word' id='word_1_50' title='bbox 1153 924 1256 982; x_wconf 88' lang='lat' dir='ltr'>ubi</span> <span class='ocrx_word' id='word_1_51' title='bbox 1303 942 1419 983; x_wconf 91' lang='lat' dir='ltr'>non</span> <span class='ocrx_word' id='word_1_52' title='bbox 1463 943 1672 984; x_wconf 85' lang='lat' dir='ltr'>verum</span> <span class='ocrx_word' id='word_1_53' title='bbox 1719 926 1973 1002; x_wconf 89' lang='lat' dir='ltr'>amplius</span> <span class='ocrx_word' id='word_1_54' title='bbox 2012 927 2152 1002; x_wconf 90' lang='lat' dir='ltr'>quia</span> <span class='ocrx_word' id='word_1_55' title='bbox 2186 944 2306 985; x_wconf 88' lang='lat' dir='ltr'>non</span> 
     </span>
     <span class='ocr_line' id='line_1_7' title="bbox 216 1025 2302 1099; baseline 0 -15"><span class='ocrx_word' id='word_1_56' title='bbox 216 1025 431 1099; x_wconf 86' lang='lat' dir='ltr'>bonum,</span> <span class='ocrx_word' id='word_1_57' title='bbox 492 1025 602 1084; x_wconf 90' lang='lat' dir='ltr'>sed</span> <span class='ocrx_word' id='word_1_58' title='bbox 636 1026 768 1084; x_wconf 88' lang='lat' dir='ltr'>loco</span> <span class='ocrx_word' id='word_1_59' title='bbox 805 1026 945 1084; x_wconf 89' lang='lat' dir='ltr'>boni</span> <span class='ocrx_word' id='word_1_60' title='bbox 981 1025 1202 1083; x_wconf 89' lang='lat' dir='ltr'>malum</span> <span class='ocrx_word' id='word_1_61' title='bbox 1235 1028 1424 1099; x_wconf 85' lang='lat' dir='ltr'>vitae,</span> <span class='ocrx_word' id='word_1_62' title='bbox 1485 1034 1544 1085; x_wconf 91' lang='lat' dir='ltr'>et</span> <span class='ocrx_word' id='word_1_63' title='bbox 1589 1026 1721 1085; x_wconf 87' lang='lat' dir='ltr'>loco</span> <span class='ocrx_word' id='word_1_64' title='bbox 1766 1029 1895 1085; x_wconf 86' lang='lat' dir='ltr'>veri</span> <span class='ocrx_word' id='word_1_65' title='bbox 1939 1025 2153 1084; x_wconf 87' lang='lat' dir='ltr'>falsum</span> <span class='ocrx_word' id='word_1_66' title='bbox 2191 1026 2302 1085; x_wconf 86' lang='lat' dir='ltr'>do·-</span> 
     </span>
     <span class='ocr_line' id='line_1_8' title="bbox 215 1126 2306 1202; baseline 0 -17"><span class='ocrx_word' id='word_1_67' title='bbox 215 1130 438 1201; x_wconf 84' lang='lat' dir='ltr'>ctrinae3</span> <span class='ocrx_word' id='word_1_68' title='bbox 477 1126 593 1184; x_wconf 93' lang='lat' dir='ltr'>hoc</span> <span class='ocrx_word' id='word_1_69' title='bbox 623 1126 991 1202; x_wconf 83' lang='lat' dir='ltr'>significatur</span> <span class='ocrx_word' id='word_1_70' title='bbox 1017 1126 1112 1184; x_wconf 91' lang='lat' dir='ltr'>hic</span> <span class='ocrx_word' id='word_1_71' title='bbox 1154 1143 1264 1201; x_wconf 85' lang='lat' dir='ltr'>per</span> <span class='ocrx_word' id='word_1_72' title='bbox 1302 1127 1460 1201; x_wconf 90' lang='lat' dir='ltr'>quod</span> <span class='ocrx_word' id='word_1_73' title='bbox 1492 1129 1694 1185; x_wconf 83' lang='lat' dir='ltr'>excisa</span> <span class='ocrx_word' id='word_1_74' title='bbox 1731 1128 1809 1185; x_wconf 89' lang='lat' dir='ltr'>sit</span> <span class='ocrx_word' id='word_1_75' title='bbox 1848 1126 2150 1202; x_wconf 82' lang='lat' dir='ltr'>Samaria3</span> <span class='ocrx_word' id='word_1_76' title='bbox 2189 1128 2306 1186; x_wconf 86' lang='lat' dir='ltr'>sal-</span> 
     </span>
     <span class='ocr_line' id='line_1_9' title="bbox 213 1227 2306 1303; baseline 0 -18"><span class='ocrx_word' id='word_1_77' title='bbox 213 1244 321 1285; x_wconf 86' lang='lat' dir='ltr'>sum</span> <span class='ocrx_word' id='word_1_78' title='bbox 380 1228 685 1286; x_wconf 84' lang='lat' dir='ltr'>doctrinae</span> <span class='ocrx_word' id='word_1_79' title='bbox 749 1228 881 1303; x_wconf 88' lang='lat' dir='ltr'>ejus</span> <span class='ocrx_word' id='word_1_80' title='bbox 936 1227 1305 1302; x_wconf 84' lang='lat' dir='ltr'>significatur</span> <span class='ocrx_word' id='word_1_81' title='bbox 1360 1244 1472 1302; x_wconf 85' lang='lat' dir='ltr'>per</span> <span class='ocrx_word' id='word_1_82' title='bbox 1531 1244 1731 1302; x_wconf 84' lang='lat' dir='ltr'>regem</span> <span class='ocrx_word' id='word_1_83' title='bbox 1799 1228 1929 1303; x_wconf 85' lang='lat' dir='ltr'>ejus</span> <span class='ocrx_word' id='word_1_84' title='bbox 1992 1229 2093 1303; x_wconf 89' lang='lat' dir='ltr'>qui</span> <span class='ocrx_word' id='word_1_85' title='bbox 2146 1231 2306 1288; x_wconf 87' lang='lat' dir='ltr'>sicut</span> 
     </span>
     <span class='ocr_line' id='line_1_10' title="bbox 212 1327 2304 1404; baseline 0.001 -20"><span class='ocrx_word' id='word_1_86' title='bbox 212 1343 395 1404; x_wconf 84' lang='lat' dir='ltr'><strong>spuma</strong></span> <span class='ocrx_word' id='word_1_87' title='bbox 439 1345 628 1404; x_wconf 89' lang='lat' dir='ltr'>super</span> <span class='ocrx_word' id='word_1_88' title='bbox 661 1327 930 1386; x_wconf 80' lang='lat' dir='ltr'>faciebus</span> <span class='ocrx_word' id='word_1_89' title='bbox 975 1344 1301 1401; x_wconf 84' lang='lat' dir='ltr'>aquarum,</span> <span class='ocrx_word' id='word_1_90' title='bbox 1356 1342 1475 1386; x_wconf 84' lang='lat' dir='ltr'>rex</span> <span class='ocrx_word' id='word_1_91' title='bbox 1512 1328 1807 1403; x_wconf 80' lang='lat' dir='ltr'>significat</span> <span class='ocrx_word' id='word_1_92' title='bbox 1845 1345 2086 1400; x_wconf 87' lang='lat' dir='ltr'>verum,</span> <span class='ocrx_word' id='word_1_93' title='bbox 2146 1335 2206 1387; x_wconf 87' lang='lat' dir='ltr'>et</span> <span class='ocrx_word' id='word_1_94' title='bbox 2242 1331 2304 1387; x_wconf 85' lang='lat' dir='ltr'>in</span> 
     </span>
     <span class='ocr_line' id='line_1_11' title="bbox 210 1421 2304 1505; baseline 0.001 -20"><span class='ocrx_word' id='word_1_95' title='bbox 210 1421 459 1504; x_wconf 77' lang='lat' dir='ltr'>opposito</span> <span class='ocrx_word' id='word_1_96' title='bbox 498 1445 712 1501; x_wconf 87' lang='lat' dir='ltr'>sensu,</span> <span class='ocrx_word' id='word_1_97' title='bbox 769 1435 834 1485; x_wconf 89' lang='lat' dir='ltr'>ut</span> <span class='ocrx_word' id='word_1_98' title='bbox 860 1427 983 1501; x_wconf 85' lang='lat' dir='ltr'>hic,</span> <span class='ocrx_word' id='word_1_99' title='bbox 1041 1426 1295 1495; x_wconf 78' lang='lat' dir='ltr'>falsum,</span> <span class='ocrx_word' id='word_1_100' title='bbox 1333 1445 1548 1504; x_wconf 85' lang='lat' dir='ltr'><strong>spuma</strong></span> <span class='ocrx_word' id='word_1_101' title='bbox 1583 1443 1768 1504; x_wconf 85' lang='lat' dir='ltr'>super</span> <span class='ocrx_word' id='word_1_102' title='bbox 1803 1428 2073 1487; x_wconf 81' lang='lat' dir='ltr'>faciebus</span> <span class='ocrx_word' id='word_1_103' title='bbox 2111 1446 2304 1505; x_wconf 84' lang='lat' dir='ltr'>aqua-</span> 
     </span>
     <span class='ocr_line' id='line_1_12' title="bbox 207 1528 2303 1606; baseline 0.001 -21"><span class='ocrx_word' id='word_1_104' title='bbox 207 1546 316 1587; x_wconf 83' lang='lat' dir='ltr'>rum</span> <span class='ocrx_word' id='word_1_105' title='bbox 364 1528 661 1606; x_wconf 84' lang='lat' dir='ltr'>significat</span> <span class='ocrx_word' id='word_1_106' title='bbox 721 1546 977 1587; x_wconf 81' lang='lat' dir='ltr'>vacuum</span> <span class='ocrx_word' id='word_1_107' title='bbox 1029 1535 1089 1585; x_wconf 90' lang='lat' dir='ltr'>et</span> <span class='ocrx_word' id='word_1_108' title='bbox 1148 1539 1492 1603; x_wconf 77' lang='lat' dir='ltr'>separatum</span> <span class='ocrx_word' id='word_1_109' title='bbox 1559 1545 1596 1586; x_wconf 89' lang='lat' dir='ltr'>a</span> <span class='ocrx_word' id='word_1_110' title='bbox 1655 1531 1811 1587; x_wconf 79' lang='lat' dir='ltr'>veris</span> <span class='ocrx_word' id='word_1_111' title='bbox 1826 1573 1842 1602; x_wconf 89' lang='lat'><em>,</em></span> <span class='ocrx_word' id='word_1_112' title='bbox 1913 1546 2107 1605; x_wconf 88' lang='lat' dir='ltr'>aquae</span> <span class='ocrx_word' id='word_1_113' title='bbox 2161 1536 2303 1588; x_wconf 89' lang='lat' dir='ltr'>sunt</span> 
     </span>
     <span class='ocr_line' id='line_1_13' title="bbox 208 1625 2302 1707; baseline 0.002 -23"><span class='ocrx_word' id='word_1_114' title='bbox 208 1648 356 1704; x_wconf 79' lang='lat' dir='ltr'>vera3</span> <span class='ocrx_word' id='word_1_115' title='bbox 409 1647 521 1707; x_wconf 80' lang='lat' dir='ltr'>per</span> <span class='ocrx_word' id='word_1_116' title='bbox 577 1629 734 1704; x_wconf 88' lang='lat' dir='ltr'>quod</span> <span class='ocrx_word' id='word_1_117' title='bbox 787 1628 1117 1705; x_wconf 80' lang='lat' dir='ltr'>perdentur</span> <span class='ocrx_word' id='word_1_118' title='bbox 1180 1628 1422 1687; x_wconf 84' lang='lat' dir='ltr'>excelsa</span> <span class='ocrx_word' id='word_1_119' title='bbox 1457 1625 1658 1702; x_wconf 85' lang='lat' dir='ltr'>Aven,</span> <span class='ocrx_word' id='word_1_120' title='bbox 1723 1629 2090 1705; x_wconf 87' lang='lat' dir='ltr'>significatur</span> <span class='ocrx_word' id='word_1_121' title='bbox 2143 1629 2302 1705; x_wconf 86' lang='lat' dir='ltr'>quod</span> 
     </span>
     <span class='ocr_line' id='line_1_14' title="bbox 209 1727 2300 1806; baseline -0 -18"><span class='ocrx_word' id='word_1_122' title='bbox 209 1729 570 1789; x_wconf 77' lang='lat' dir='ltr'>destruentur</span> <span class='ocrx_word' id='word_1_123' title='bbox 588 1732 882 1806; x_wconf 89' lang='lat' dir='ltr'>principia</span> <span class='ocrx_word' id='word_1_124' title='bbox 910 1727 1048 1787; x_wconf 85' lang='lat' dir='ltr'>falsi</span> <span class='ocrx_word' id='word_1_125' title='bbox 1075 1734 1135 1786; x_wconf 86' lang='lat' dir='ltr'>et</span> <span class='ocrx_word' id='word_1_126' title='bbox 1161 1728 1297 1787; x_wconf 89' lang='lat' dir='ltr'>inde</span> <span class='ocrx_word' id='word_1_127' title='bbox 1328 1732 1810 1790; x_wconf 83' lang='lat' dir='ltr'>ratiocinationes</span> <span class='ocrx_word' id='word_1_128' title='bbox 1843 1748 1996 1806; x_wconf 87' lang='lat' dir='ltr'>quae</span> <span class='ocrx_word' id='word_1_129' title='bbox 2018 1737 2156 1788; x_wconf 88' lang='lat' dir='ltr'>sunt</span> <span class='ocrx_word' id='word_1_130' title='bbox 2180 1729 2300 1788; x_wconf 86' lang='lat' dir='ltr'>illis</span> 
     </span>
     <span class='ocr_line' id='line_1_15' title="bbox 206 1829 2297 1906; baseline 0.001 -19"><span class='ocrx_word' id='word_1_131' title='bbox 206 1832 286 1906; x_wconf 90' lang='lat' dir='ltr'>qui</span> <span class='ocrx_word' id='word_1_132' title='bbox 317 1832 376 1888; x_wconf 88' lang='lat' dir='ltr'>in</span> <span class='ocrx_word' id='word_1_133' title='bbox 411 1831 578 1890; x_wconf 88' lang='lat' dir='ltr'>cultu</span> <span class='ocrx_word' id='word_1_134' title='bbox 612 1829 744 1904; x_wconf 87' lang='lat' dir='ltr'>illo,</span> <span class='ocrx_word' id='word_1_135' title='bbox 785 1831 972 1906; x_wconf 89' lang='lat' dir='ltr'>quiin</span> <span class='ocrx_word' id='word_1_136' title='bbox 1001 1845 1067 1904; x_wconf 87' lang='lat' dir='ltr'>se</span> <span class='ocrx_word' id='word_1_137' title='bbox 1105 1836 1412 1905; x_wconf 87' lang='lat' dir='ltr'>spectatus</span> <span class='ocrx_word' id='word_1_138' title='bbox 1452 1838 1543 1890; x_wconf 89' lang='lat' dir='ltr'>est</span> <span class='ocrx_word' id='word_1_139' title='bbox 1578 1832 1831 1889; x_wconf 86' lang='lat' dir='ltr'>interior</span> <span class='ocrx_word' id='word_1_140' title='bbox 1868 1830 2297 1905; x_wconf 74' lang='lat' dir='ltr'>idololatr-ioue,</span> 
     </span>
     <span class='ocr_line' id='line_1_16' title="bbox 204 1929 2302 2008; baseline 0 -20"><span class='ocrx_word' id='word_1_141' title='bbox 204 1948 318 1989; x_wconf 88' lang='lat' dir='ltr'>nam</span> <span class='ocrx_word' id='word_1_142' title='bbox 353 1934 456 2008; x_wconf 87' lang='lat' dir='ltr'>qui</span> <span class='ocrx_word' id='word_1_143' title='bbox 487 1934 547 1989; x_wconf 91' lang='lat' dir='ltr'>in</span> <span class='ocrx_word' id='word_1_144' title='bbox 584 1930 739 1989; x_wconf 86' lang='lat' dir='ltr'>malo</span> <span class='ocrx_word' id='word_1_145' title='bbox 776 1933 933 1989; x_wconf 85' lang='lat' dir='ltr'>vitae</span> <span class='ocrx_word' id='word_1_146' title='bbox 971 1936 1031 1988; x_wconf 90' lang='lat' dir='ltr'>et</span> <span class='ocrx_word' id='word_1_147' title='bbox 1065 1931 1122 1987; x_wconf 92' lang='lat' dir='ltr'>in</span> <span class='ocrx_word' id='word_1_148' title='bbox 1157 1929 1323 1988; x_wconf 80' lang='lat' dir='ltr'>falsis</span> <span class='ocrx_word' id='word_1_149' title='bbox 1362 1931 1663 1991; x_wconf 85' lang='lat' dir='ltr'>doctrinae</span> <span class='ocrx_word' id='word_1_150' title='bbox 1702 1936 1840 1989; x_wconf 88' lang='lat' dir='ltr'>sunt</span> <span class='ocrx_word' id='word_1_151' title='bbox 1877 1948 1944 1990; x_wconf 84' lang='lat' dir='ltr'>se</span> <span class='ocrx_word' id='word_1_152' title='bbox 1990 1930 2192 1990; x_wconf 84' lang='lat' dir='ltr'>colunt</span> <span class='ocrx_word' id='word_1_153' title='bbox 2241 1935 2302 1989; x_wconf 82' lang='lat' dir='ltr'>et</span> 
     </span>
     <span class='ocr_line' id='line_1_17' title="bbox 204 2025 2301 2108; baseline 0.001 -20"><span class='ocrx_word' id='word_1_154' title='bbox 204 2032 492 2106; x_wconf 87' lang='lat' dir='ltr'>muudum;</span> <span class='ocrx_word' id='word_1_155' title='bbox 545 2049 658 2107; x_wconf 91' lang='lat' dir='ltr'>per</span> <span class='ocrx_word' id='word_1_156' title='bbox 694 2031 852 2107; x_wconf 91' lang='lat' dir='ltr'>quod</span> <span class='ocrx_word' id='word_1_157' title='bbox 888 2029 1140 2089; x_wconf 83' lang='lat' dir='ltr'>tribulus</span> <span class='ocrx_word' id='word_1_158' title='bbox 1196 2025 1254 2089; x_wconf 65' lang='lat' dir='ltr'>ei</span> <span class='ocrx_word' id='word_1_159' title='bbox 1292 2033 1468 2108; x_wconf 87' lang='lat' dir='ltr'>spina</span> <span class='ocrx_word' id='word_1_160' title='bbox 1518 2030 1802 2089; x_wconf 82' lang='lat' dir='ltr'>ascendet</span> <span class='ocrx_word' id='word_1_161' title='bbox 1862 2047 2050 2106; x_wconf 88' lang='lat' dir='ltr'>super</span> <span class='ocrx_word' id='word_1_162' title='bbox 2085 2032 2301 2091; x_wconf 84' lang='lat' dir='ltr'>altaria</span> 
     </span>
     <span class='ocr_line' id='line_1_18' title="bbox 205 2130 2298 2208; baseline -0 -19"><span class='ocrx_word' id='word_1_163' title='bbox 205 2147 420 2201; x_wconf 84' lang='lat' dir='ltr'>corum,</span> <span class='ocrx_word' id='word_1_164' title='bbox 486 2133 853 2208; x_wconf 81' lang='lat' dir='ltr'>significatur</span> <span class='ocrx_word' id='word_1_165' title='bbox 902 2130 1059 2207; x_wconf 92' lang='lat' dir='ltr'>quod</span> <span class='ocrx_word' id='word_1_166' title='bbox 1107 2148 1311 2188; x_wconf 81' lang='lat' dir='ltr'>verum</span> <span class='ocrx_word' id='word_1_167' title='bbox 1360 2131 1735 2189; x_wconf 79' lang='lat' dir='ltr'>falsificatum</span> <span class='ocrx_word' id='word_1_168' title='bbox 1787 2137 1847 2188; x_wconf 88' lang='lat' dir='ltr'>et</span> <span class='ocrx_word' id='word_1_169' title='bbox 1895 2130 2113 2188; x_wconf 86' lang='lat' dir='ltr'>malum</span> <span class='ocrx_word' id='word_1_170' title='bbox 2160 2130 2298 2189; x_wconf 88' lang='lat' dir='ltr'>inde</span> 
     </span>
     <span class='ocr_line' id='line_1_19' title="bbox 203 2230 2296 2306; baseline 0 -18"><span class='ocrx_word' id='word_1_171' title='bbox 203 2233 256 2289; x_wconf 91' lang='lat' dir='ltr'>in</span> <span class='ocrx_word' id='word_1_172' title='bbox 290 2235 439 2290; x_wconf 87' lang='lat' dir='ltr'>omni</span> <span class='ocrx_word' id='word_1_173' title='bbox 475 2232 640 2290; x_wconf 85' lang='lat' dir='ltr'>cultu</span> <span class='ocrx_word' id='word_1_174' title='bbox 678 2249 912 2306; x_wconf 86' lang='lat' dir='ltr'>eorum,</span> <span class='ocrx_word' id='word_1_175' title='bbox 969 2230 1184 2289; x_wconf 88' lang='lat' dir='ltr'>altaria</span> <span class='ocrx_word' id='word_1_176' title='bbox 1208 2239 1348 2290; x_wconf 85' lang='lat' dir='ltr'>sunt</span> <span class='ocrx_word' id='word_1_177' title='bbox 1386 2232 1573 2289; x_wconf 87' lang='lat' dir='ltr'>omnis</span> <span class='ocrx_word' id='word_1_178' title='bbox 1611 2231 1826 2289; x_wconf 69' lang='lat' dir='ltr'>cultus</span> <span class='ocrx_word' id='word_1_179' title='bbox 1893 2230 2075 2304; x_wconf 90' lang='lat' dir='ltr'>Apud</span> <span class='ocrx_word' id='word_1_180' title='bbox 2110 2231 2296 2289; x_wconf 89' lang='lat' dir='ltr'>Amos</span> 
     </span>
     <span class='ocr_line' id='line_1_20' title="bbox 205 2328 2297 2412; baseline -0.002 -20"><span class='ocrx_word' id='word_1_181' title='bbox 205 2329 323 2406; x_wconf 77' lang='lat' dir='ltr'>„In</span> <span class='ocrx_word' id='word_1_182' title='bbox 358 2331 455 2393; x_wconf 80' lang='lat' dir='ltr'>die</span> <span class='ocrx_word' id='word_1_183' title='bbox 485 2330 602 2394; x_wconf 78' lang='lat' dir='ltr'>illo</span> <span class='ocrx_word' id='word_1_184' title='bbox 618 2376 636 2408; x_wconf 82' lang='lat'><em>,</em></span> <span class='ocrx_word' id='word_1_185' title='bbox 703 2351 822 2412; x_wconf 80' lang='lat' dir='ltr'>quo</span> <span class='ocrx_word' id='word_1_186' title='bbox 865 2331 1255 2392; x_wconf 70' lang='lat' dir='ltr'>visitaturus</span> <span class='ocrx_word' id='word_1_187' title='bbox 1296 2350 1440 2392; x_wconf 73' lang='lat' dir='ltr'>sum</span> <span class='ocrx_word' id='word_1_188' title='bbox 1470 2329 2048 2412; x_wconf 67' lang='lat' dir='ltr'>praevaricationes</span> <span class='ocrx_word' id='word_1_189' title='bbox 2075 2328 2297 2391; x_wconf 70' lang='lat' dir='ltr'>Israe-</span> 
     </span>
     <span class='ocr_line' id='line_1_21' title="bbox 157 2428 2291 2511; baseline 0 -21"><span class='ocrx_word' id='word_1_190' title='bbox 157 2450 166 2459; x_wconf 60' lang='lat'><strong><em>‘</em></strong></span> <span class='ocrx_word' id='word_1_191' title='bbox 206 2428 288 2491; x_wconf 78' lang='lat' dir='ltr'>lis</span> <span class='ocrx_word' id='word_1_192' title='bbox 328 2453 497 2510; x_wconf 78' lang='lat' dir='ltr'>super</span> <span class='ocrx_word' id='word_1_193' title='bbox 535 2430 755 2507; x_wconf 81' lang='lat' dir='ltr'>illum,</span> <span class='ocrx_word' id='word_1_194' title='bbox 811 2433 1082 2494; x_wconf 73' lang='lat' dir='ltr'>visitabo</span> <span class='ocrx_word' id='word_1_195' title='bbox 1125 2452 1316 2511; x_wconf 76' lang='lat' dir='ltr'>super</span> <span class='ocrx_word' id='word_1_196' title='bbox 1369 2430 1614 2493; x_wconf 75' lang='lat' dir='ltr'>altaria</span> <span class='ocrx_word' id='word_1_197' title='bbox 1662 2429 1983 2506; x_wconf 64' lang='lat' dir='ltr'>Bethelise,</span> <span class='ocrx_word' id='word_1_198' title='bbox 2044 2437 2119 2492; x_wconf 78' lang='lat' dir='ltr'>ut</span> <span class='ocrx_word' id='word_1_199' title='bbox 2175 2449 2291 2491; x_wconf 75' lang='lat' dir='ltr'>ea·-</span> 
     </span>
     <span class='ocr_line' id='line_1_22' title="bbox 205 2530 2289 2611; baseline 0 -21"><span class='ocrx_word' id='word_1_200' title='bbox 205 2530 487 2594; x_wconf 79' lang='lat' dir='ltr'>eidantur</span> <span class='ocrx_word' id='word_1_201' title='bbox 521 2553 755 2594; x_wconf 75' lang='lat' dir='ltr'>cornua</span> <span class='ocrx_word' id='word_1_202' title='bbox 793 2531 1083 2607; x_wconf 67' lang='lat' dir='ltr'>Altaria,</span> <span class='ocrx_word' id='word_1_203' title='bbox 1153 2532 1505 2611; x_wconf 75' lang='lat' dir='ltr'>cadantque</span> <span class='ocrx_word' id='word_1_204' title='bbox 1548 2532 1618 2593; x_wconf 80' lang='lat' dir='ltr'>in</span> <span class='ocrx_word' id='word_1_205' title='bbox 1655 2535 1939 2594; x_wconf 45' lang='lat' dir='ltr'>terram&amp;</span> <span class='ocrx_word' id='word_1_206' title='bbox 1991 2532 2113 2591; x_wconf 90' lang='lat' dir='ltr'>III:</span> <span class='ocrx_word' id='word_1_207' title='bbox 2168 2535 2195 2589; x_wconf 93' lang='lat'>1</span> <span class='ocrx_word' id='word_1_208' title='bbox 2215 2535 2253 2590; x_wconf 90' lang='grc'><strong>4</strong></span> <span class='ocrx_word' id='word_1_209' title='bbox 2272 2551 2289 2607; x_wconf 81' lang='lat'>3</span> 
     </span>
     <span class='ocr_line' id='line_1_23' title="bbox 202 2631 2290 2711; baseline -0 -20"><span class='ocrx_word' id='word_1_210' title='bbox 202 2650 302 2708; x_wconf 90' lang='lat' dir='ltr'>per</span> <span class='ocrx_word' id='word_1_211' title='bbox 343 2637 577 2693; x_wconf 87' lang='lat' dir='ltr'>visitare</span> <span class='ocrx_word' id='word_1_212' title='bbox 618 2636 1170 2711; x_wconf 82' lang='lat' dir='ltr'>praevaricationes</span> <span class='ocrx_word' id='word_1_213' title='bbox 1220 2632 1462 2692; x_wconf 68' lang='lat' dir='ltr'>Israelis</span> <span class='ocrx_word' id='word_1_214' title='bbox 1512 2650 1696 2710; x_wconf 88' lang='lat' dir='ltr'>super</span> <span class='ocrx_word' id='word_1_215' title='bbox 1730 2633 1923 2709; x_wconf 87' lang='lat' dir='ltr'>illum,</span> <span class='ocrx_word' id='word_1_216' title='bbox 1988 2631 2290 2710; x_wconf 84' lang='lat' dir='ltr'>significa-</span> 
     </span>
     <span class='ocr_line' id='line_1_24' title="bbox 202 2733 2296 2816; baseline 0.001 -27"><span class='ocrx_word' id='word_1_217' title='bbox 202 2739 288 2790; x_wconf 88' lang='lat' dir='ltr'>tur</span> <span class='ocrx_word' id='word_1_218' title='bbox 334 2741 520 2793; x_wconf 86' lang='lat' dir='ltr'>status</span> <span class='ocrx_word' id='word_1_219' title='bbox 568 2734 801 2793; x_wconf 87' lang='lat' dir='ltr'>illorum</span> <span class='ocrx_word' id='word_1_220' title='bbox 851 2735 1093 2793; x_wconf 85' lang='lat' dir='ltr'>ultimus</span> <span class='ocrx_word' id='word_1_221' title='bbox 1109 2778 1126 2808; x_wconf 87' lang='lat'><em>,</em></span> <span class='ocrx_word' id='word_1_222' title='bbox 1202 2736 1262 2792; x_wconf 91' lang='lat' dir='ltr'>in</span> <span class='ocrx_word' id='word_1_223' title='bbox 1311 2751 1495 2793; x_wconf 86' lang='lat' dir='ltr'>sensu</span> <span class='ocrx_word' id='word_1_224' title='bbox 1546 2733 1839 2811; x_wconf 86' lang='lat' dir='ltr'>spirituali</span> <span class='ocrx_word' id='word_1_225' title='bbox 1873 2740 2099 2816; x_wconf 60' lang='lat' dir='ltr'>⁴status</span> <span class='ocrx_word' id='word_1_226' title='bbox 2154 2739 2296 2811; x_wconf 87' lang='lat' dir='ltr'>post</span> 
     </span>
     <span class='ocr_line' id='line_1_25' title="bbox 199 2835 2294 2912; baseline 0.001 -21"><span class='ocrx_word' id='word_1_227' title='bbox 199 2836 424 2894; x_wconf 84' lang='lat' dir='ltr'>mortem</span> <span class='ocrx_word' id='word_1_228' title='bbox 462 2835 696 2911; x_wconf 88' lang='lat' dir='ltr'>quando</span> <span class='ocrx_word' id='word_1_229' title='bbox 726 2835 1064 2912; x_wconf 87' lang='lat' dir='ltr'>judicandi,</span> <span class='ocrx_word' id='word_1_230' title='bbox 1130 2836 1375 2893; x_wconf 82' lang='lat' dir='ltr'>visitare</span> <span class='ocrx_word' id='word_1_231' title='bbox 1413 2853 1523 2912; x_wconf 86' lang='lat' dir='ltr'>pro</span> <span class='ocrx_word' id='word_1_232' title='bbox 1565 2835 1837 2912; x_wconf 87' lang='lat' dir='ltr'>judicare</span> <span class='ocrx_word' id='word_1_233' title='bbox 1892 2835 2105 2894; x_wconf 88' lang='lat' dir='ltr'>dicitur</span> <span class='ocrx_word' id='word_1_234' title='bbox 2152 2836 2294 2912; x_wconf 86' lang='lat' dir='ltr'>quia</span> 
     </span>
     <span class='ocr_line' id='line_1_26' title="bbox 199 2935 2287 3012; baseline 0.001 -21"><span class='ocrx_word' id='word_1_235' title='bbox 199 2935 436 2994; x_wconf 84' lang='lat' dir='ltr'>visitatio</span> <span class='ocrx_word' id='word_1_236' title='bbox 474 2952 717 3011; x_wconf 82' lang='lat' dir='ltr'>semper</span> <span class='ocrx_word' id='word_1_237' title='bbox 761 2936 1071 3012; x_wconf 86' lang='lat' dir='ltr'>praecedit</span> <span class='ocrx_word' id='word_1_238' title='bbox 1096 2936 1388 3012; x_wconf 87' lang='lat' dir='ltr'>judicium</span> <span class='ocrx_word' id='word_1_239' title='bbox 1401 2955 1416 3010; x_wconf 85' lang='lat'>3</span> <span class='ocrx_word' id='word_1_240' title='bbox 1471 2954 1584 3011; x_wconf 87' lang='lat' dir='ltr'>per</span> <span class='ocrx_word' id='word_1_241' title='bbox 1616 2936 1831 2994; x_wconf 86' lang='lat' dir='ltr'>altaria</span> <span class='ocrx_word' id='word_1_242' title='bbox 1877 2935 2146 2995; x_wconf 87' lang='lat' dir='ltr'>Bethelis</span> <span class='ocrx_word' id='word_1_243' title='bbox 2200 2937 2287 2996; x_wconf 87' lang='lat' dir='ltr'>si-</span> 
     </span>
     <span class='ocr_line' id='line_1_27' title="bbox 200 3034 2288 3114; baseline 0.001 -21"><span class='ocrx_word' id='word_1_244' title='bbox 200 3034 489 3108; x_wconf 83' lang='lat' dir='ltr'>gnificatur</span> <span class='ocrx_word' id='word_1_245' title='bbox 526 3035 719 3094; x_wconf 83' lang='lat' dir='ltr'>cultus</span> <span class='ocrx_word' id='word_1_246' title='bbox 760 3054 834 3095; x_wconf 82' lang='lat' dir='ltr'>ex</span> <span class='ocrx_word' id='word_1_247' title='bbox 872 3035 1060 3111; x_wconf 83' lang='lat' dir='ltr'>ma103</span> <span class='ocrx_word' id='word_1_248' title='bbox 1103 3054 1215 3112; x_wconf 79' lang='lat' dir='ltr'>per</span> <span class='ocrx_word' id='word_1_249' title='bbox 1252 3053 1476 3095; x_wconf 85' lang='lat' dir='ltr'>cornua</span> <span class='ocrx_word' id='word_1_250' title='bbox 1513 3036 1717 3094; x_wconf 86' lang='lat' dir='ltr'>altaris</span> <span class='ocrx_word' id='word_1_251' title='bbox 1755 3037 2123 3114; x_wconf 83' lang='lat' dir='ltr'>significatur</span> <span class='ocrx_word' id='word_1_252' title='bbox 2157 3036 2288 3096; x_wconf 89' lang='lat' dir='ltr'>cul-</span> 
     </span>
     <span class='ocr_line' id='line_1_28' title="bbox 201 3135 2290 3214; baseline 0.002 -23"><span class='ocrx_word' id='word_1_253' title='bbox 201 3139 281 3192; x_wconf 87' lang='lat' dir='ltr'>tus</span> <span class='ocrx_word' id='word_1_254' title='bbox 314 3153 384 3194; x_wconf 83' lang='lat' dir='ltr'>ex</span> <span class='ocrx_word' id='word_1_255' title='bbox 422 3136 629 3208; x_wconf 85' lang='lat' dir='ltr'>falsis,</span> <span class='ocrx_word' id='word_1_256' title='bbox 682 3139 764 3195; x_wconf 89' lang='lat' dir='ltr'>ita</span> <span class='ocrx_word' id='word_1_257' title='bbox 808 3154 919 3212; x_wconf 89' lang='lat' dir='ltr'>per</span> <span class='ocrx_word' id='word_1_258' title='bbox 970 3135 1121 3195; x_wconf 91' lang='lat' dir='ltr'>haec</span> <span class='ocrx_word' id='word_1_259' title='bbox 1160 3136 1572 3213; x_wconf 82' lang='lat' dir='ltr'>significantur</span> <span class='ocrx_word' id='word_1_260' title='bbox 1610 3139 1806 3195; x_wconf 87' lang='lat' dir='ltr'>omnia</span> <span class='ocrx_word' id='word_1_261' title='bbox 1841 3138 2068 3211; x_wconf 88' lang='lat' dir='ltr'>cultus,</span> <span class='ocrx_word' id='word_1_262' title='bbox 2134 3153 2290 3214; x_wconf 89' lang='lat' dir='ltr'>quae</span> 
     </span>
     <span class='ocr_line' id='line_1_29' title="bbox 201 3222 2287 3313; baseline 0.001 -20"><span class='ocrx_word' id='word_1_263' title='bbox 201 3236 335 3308; x_wconf 89' lang='lat' dir='ltr'>quod</span> <span class='ocrx_word' id='word_1_264' title='bbox 373 3222 742 3295; x_wconf 79' lang='lat' dir='ltr'>destruenda</span> <span class='ocrx_word' id='word_1_265' title='bbox 782 3239 942 3310; x_wconf 75' lang='lat' dir='ltr'>sint,&#39;</span> <span class='ocrx_word' id='word_1_266' title='bbox 987 3237 1353 3313; x_wconf 85' lang='lat' dir='ltr'>significatur</span> <span class='ocrx_word' id='word_1_267' title='bbox 1399 3255 1509 3313; x_wconf 86' lang='lat' dir='ltr'>per</span> <span class='ocrx_word' id='word_1_268' title='bbox 1562 3238 1721 3313; x_wconf 83' lang='lat' dir='ltr'>quod</span> <span class='ocrx_word' id='word_1_269' title='bbox 1774 3256 1998 3297; x_wconf 88' lang='lat' dir='ltr'>cornua</span> <span class='ocrx_word' id='word_1_270' title='bbox 2048 3238 2287 3296; x_wconf 75' lang='lat' dir='ltr'>exsolu-</span> 
     </span>
     <span class='ocr_line' id='line_1_30' title="bbox 199 3332 2291 3414; baseline 0.001 -23"><span class='ocrx_word' id='word_1_271' title='bbox 199 3332 391 3395; x_wconf 86' lang='lat' dir='ltr'>dentur</span> <span class='ocrx_word' id='word_1_272' title='bbox 447 3346 508 3395; x_wconf 86' lang='lat' dir='ltr'>ct</span> <span class='ocrx_word' id='word_1_273' title='bbox 557 3337 772 3396; x_wconf 87' lang='lat' dir='ltr'>cadent</span> <span class='ocrx_word' id='word_1_274' title='bbox 817 3339 878 3395; x_wconf 90' lang='lat' dir='ltr'>in</span> <span class='ocrx_word' id='word_1_275' title='bbox 925 3345 1162 3396; x_wconf 86' lang='lat' dir='ltr'>terram.</span> <span class='ocrx_word' id='word_1_276' title='bbox 1253 3337 1490 3396; x_wconf 87' lang='lat' dir='ltr'>Dicitur</span> <span class='ocrx_word' id='word_1_277' title='bbox 1526 3337 1683 3414; x_wconf 88' lang='lat' dir='ltr'>quod</span> <span class='ocrx_word' id='word_1_278' title='bbox 1719 3338 2058 3396; x_wconf 88' lang='lat' dir='ltr'>visitabitur</span> <span class='ocrx_word' id='word_1_279' title='bbox 2106 3353 2291 3413; x_wconf 86' lang='lat' dir='ltr'>super</span> 
     </span>
     <span class='ocr_line' id='line_1_31' title="bbox 199 3434 2286 3514; baseline 0 -22"><span class='ocrx_word' id='word_1_280' title='bbox 199 3434 403 3496; x_wconf 86' lang='lat' dir='ltr'>Altaria</span> <span class='ocrx_word' id='word_1_281' title='bbox 439 3434 748 3508; x_wconf 87' lang='lat' dir='ltr'>Bethelis,</span> <span class='ocrx_word' id='word_1_282' title='bbox 804 3440 943 3513; x_wconf 91' lang='lat' dir='ltr'>quia</span> <span class='ocrx_word' id='word_1_283' title='bbox 974 3436 1377 3497; x_wconf 75' lang='lat' dir='ltr'>‚Jeroboamus</span> <span class='ocrx_word' id='word_1_284' title='bbox 1414 3440 1723 3514; x_wconf 89' lang='lat' dir='ltr'>separavit</span> <span class='ocrx_word' id='word_1_285' title='bbox 1759 3436 2065 3495; x_wconf 64' lang='lat' dir='ltr'>Isi-aclitas</span> <span class='ocrx_word' id='word_1_286' title='bbox 2104 3453 2140 3492; x_wconf 90' lang='lat' dir='ltr'>a</span> <span class='ocrx_word' id='word_1_287' title='bbox 2167 3436 2286 3494; x_wconf 82' lang='lat' dir='ltr'>Ju-</span> 
     </span>
     <span class='ocr_line' id='line_1_32' title="bbox 198 3532 2287 3611; baseline -0 -19"><span class='ocrx_word' id='word_1_288' title='bbox 198 3532 370 3609; x_wconf 84' lang='lat' dir='ltr'>daeis,</span> <span class='ocrx_word' id='word_1_289' title='bbox 397 3558 400 3561; x_wconf 45' lang='lat'>2</span> <span class='ocrx_word' id='word_1_290' title='bbox 432 3545 492 3596; x_wconf 89' lang='lat' dir='ltr'>et</span> <span class='ocrx_word' id='word_1_291' title='bbox 531 3540 721 3596; x_wconf 79' lang='lat' dir='ltr'>erexit</span> <span class='ocrx_word' id='word_1_292' title='bbox 759 3539 875 3597; x_wconf 92' lang='lat' dir='ltr'>duo</span> <span class='ocrx_word' id='word_1_293' title='bbox 918 3537 1157 3611; x_wconf 85' lang='lat' dir='ltr'>altaria,</span> <span class='ocrx_word' id='word_1_294' title='bbox 1216 3556 1399 3595; x_wconf 90' lang='lat' dir='ltr'>unum</span> <span class='ocrx_word' id='word_1_295' title='bbox 1434 3540 1495 3596; x_wconf 90' lang='lat' dir='ltr'>in</span> <span class='ocrx_word' id='word_1_296' title='bbox 1536 3535 1789 3595; x_wconf 79' lang='lat' dir='ltr'>Bctbele</span> <span class='ocrx_word' id='word_1_297' title='bbox 1833 3542 1893 3594; x_wconf 88' lang='lat' dir='ltr'>et</span> <span class='ocrx_word' id='word_1_298' title='bbox 1927 3535 2178 3593; x_wconf 89' lang='lat' dir='ltr'>alterum</span> <span class='ocrx_word' id='word_1_299' title='bbox 2223 3536 2287 3591; x_wconf 89' lang='lat' dir='ltr'>in</span> 
     </span>
     <span class='ocr_line' id='line_1_33' title="bbox 194 3631 2288 3714; baseline 0.001 -25"><span class='ocrx_word' id='word_1_300' title='bbox 194 3631 370 3710; x_wconf 73' lang='lat' dir='ltr'>Dans,</span> <span class='ocrx_word' id='word_1_301' title='bbox 415 3646 475 3697; x_wconf 88' lang='lat' dir='ltr'>et</span> <span class='ocrx_word' id='word_1_302' title='bbox 513 3639 654 3714; x_wconf 87' lang='lat' dir='ltr'>quia</span> <span class='ocrx_word' id='word_1_303' title='bbox 686 3656 797 3714; x_wconf 88' lang='lat' dir='ltr'>per</span> <span class='ocrx_word' id='word_1_304' title='bbox 832 3638 1143 3696; x_wconf 87' lang='lat' dir='ltr'>Bethelem</span> <span class='ocrx_word' id='word_1_305' title='bbox 1185 3645 1244 3696; x_wconf 93' lang='lat' dir='ltr'>et</span> <span class='ocrx_word' id='word_1_306' title='bbox 1278 3638 1513 3697; x_wconf 88' lang='lat' dir='ltr'>Danem</span> <span class='ocrx_word' id='word_1_307' title='bbox 1541 3635 1948 3711; x_wconf 86' lang='lat' dir='ltr'>significantur</span> <span class='ocrx_word' id='word_1_308' title='bbox 1984 3635 2191 3692; x_wconf 90' lang='lat' dir='ltr'>ultima</span> <span class='ocrx_word' id='word_1_309' title='bbox 2225 3636 2288 3691; x_wconf 85' lang='lat' dir='ltr'>in</span> 
     </span>
     <span class='ocr_line' id='line_1_34' title="bbox 193 3731 2289 3808; baseline 0.001 -17"><span class='ocrx_word' id='word_1_310' title='bbox 193 3731 471 3808; x_wconf 87' lang='lat' dir='ltr'>Ecclesia,</span> <span class='ocrx_word' id='word_1_311' title='bbox 525 3744 585 3797; x_wconf 86' lang='lat' dir='ltr'>et</span> <span class='ocrx_word' id='word_1_312' title='bbox 637 3737 852 3796; x_wconf 88' lang='lat' dir='ltr'>ultima</span> <span class='ocrx_word' id='word_1_313' title='bbox 897 3740 957 3797; x_wconf 90' lang='lat' dir='ltr'>in</span> <span class='ocrx_word' id='word_1_314' title='bbox 991 3738 1227 3797; x_wconf 87' lang='lat' dir='ltr'>homine</span> <span class='ocrx_word' id='word_1_315' title='bbox 1281 3737 1596 3797; x_wconf 87' lang='lat' dir='ltr'>Ecclesiae</span> <span class='ocrx_word' id='word_1_316' title='bbox 1647 3742 1941 3794; x_wconf 87' lang='lat' dir='ltr'>vocantur</span> <span class='ocrx_word' id='word_1_317' title='bbox 1993 3733 2289 3793; x_wconf 88' lang='lat' dir='ltr'>naturalia</span> 
     </span>
     <span class='ocr_line' id='line_1_35' title="bbox 193 3836 2288 3922; baseline 0.002 -32"><span class='ocrx_word' id='word_1_318' title='bbox 193 3838 503 3911; x_wconf 82' lang='lat' dir='ltr'>sensualia,</span> <span class='ocrx_word' id='word_1_319' title='bbox 541 3842 682 3896; x_wconf 71' lang='lat' dir='ltr'>‘seu</span> <span class='ocrx_word' id='word_1_320' title='bbox 734 3839 1033 3897; x_wconf 88' lang='lat' dir='ltr'>naturalia</span> <span class='ocrx_word' id='word_1_321' title='bbox 1063 3839 1384 3922; x_wconf 58' lang='lat' dir='ltr'>⁸mundana</span> <span class='ocrx_word' id='word_1_322' title='bbox 1440 3845 1498 3896; x_wconf 89' lang='lat' dir='ltr'>et</span> <span class='ocrx_word' id='word_1_323' title='bbox 1559 3854 1882 3913; x_wconf 88' lang='lat' dir='ltr'>corporea,</span> <span class='ocrx_word' id='word_1_324' title='bbox 1947 3836 2081 3894; x_wconf 91' lang='lat' dir='ltr'>ideo</span> <span class='ocrx_word' id='word_1_325' title='bbox 2134 3836 2288 3895; x_wconf 91' lang='lat' dir='ltr'>haec</span> 
     </span>
     <span class='ocr_line' id='line_1_36' title="bbox 192 3935 2289 4015; baseline 0.001 -23"><span class='ocrx_word' id='word_1_326' title='bbox 192 3948 284 4007; x_wconf 84' lang='lat' dir='ltr'>per</span> <span class='ocrx_word' id='word_1_327' title='bbox 321 3937 630 3998; x_wconf 87' lang='lat' dir='ltr'>Bethelem</span> <span class='ocrx_word' id='word_1_328' title='bbox 673 3946 733 3998; x_wconf 89' lang='lat' dir='ltr'>et</span> <span class='ocrx_word' id='word_1_329' title='bbox 767 3938 1001 3998; x_wconf 86' lang='lat' dir='ltr'>Danem</span> <span class='ocrx_word' id='word_1_330' title='bbox 1039 3939 1477 4015; x_wconf 88' lang='lat' dir='ltr'>significantur,</span> <span class='ocrx_word' id='word_1_331' title='bbox 1525 3955 1633 4014; x_wconf 89' lang='lat' dir='ltr'>per</span> <span class='ocrx_word' id='word_1_332' title='bbox 1666 3936 1978 3995; x_wconf 85' lang='lat' dir='ltr'>Bethelem</span> <span class='ocrx_word' id='word_1_333' title='bbox 2015 3935 2289 3995; x_wconf 88' lang='lat' dir='ltr'>ultimum</span> 
     </span>
     <span class='ocr_line' id='line_1_37' title="bbox 192 4030 2293 4115; baseline 0.002 -24"><span class='ocrx_word' id='word_1_334' title='bbox 192 4030 310 4094; x_wconf 89' lang='lat' dir='ltr'>boni</span> <span class='ocrx_word' id='word_1_335' title='bbox 343 4047 401 4098; x_wconf 88' lang='lat' dir='ltr'>et</span> <span class='ocrx_word' id='word_1_336' title='bbox 434 4054 547 4115; x_wconf 74' lang='lat' dir='ltr'>p‘er</span> <span class='ocrx_word' id='word_1_337' title='bbox 591 4039 828 4098; x_wconf 89' lang='lat' dir='ltr'>Danem</span> <span class='ocrx_word' id='word_1_338' title='bbox 882 4039 1153 4097; x_wconf 84' lang='lat' dir='ltr'>ultimum</span> <span class='ocrx_word' id='word_1_339' title='bbox 1202 4040 1367 4109; x_wconf 87' lang='lat' dir='ltr'>veri,</span> <span class='ocrx_word' id='word_1_340' title='bbox 1419 4038 1557 4097; x_wconf 90' lang='lat' dir='ltr'>inde</span> <span class='ocrx_word' id='word_1_341' title='bbox 1594 4056 1705 4115; x_wconf 91' lang='lat' dir='ltr'>per</span> <span class='ocrx_word' id='word_1_342' title='bbox 1739 4038 1879 4097; x_wconf 87' lang='lat' dir='ltr'>bina</span> <span class='ocrx_word' id='word_1_343' title='bbox 1912 4037 2019 4096; x_wconf 90' lang='lat' dir='ltr'>illa</span> <span class='ocrx_word' id='word_1_344' title='bbox 2053 4037 2293 4096; x_wconf 83' lang='lat' dir='ltr'>Altaria.</span> 
     </span>
     <span class='ocr_line' id='line_1_38' title="bbox 192 4134 2290 4214; baseline 0 -17"><span class='ocrx_word' id='word_1_345' title='bbox 192 4134 531 4210; x_wconf 80' lang='lat' dir='ltr'>significatur</span> <span class='ocrx_word' id='word_1_346' title='bbox 577 4140 773 4198; x_wconf 88' lang='lat' dir='ltr'>cultus</span> <span class='ocrx_word' id='word_1_347' title='bbox 821 4142 882 4198; x_wconf 90' lang='lat' dir='ltr'>in</span> <span class='ocrx_word' id='word_1_348' title='bbox 928 4139 1151 4197; x_wconf 86' lang='lat' dir='ltr'>ultimis</span> <span class='ocrx_word' id='word_1_349' title='bbox 1197 4156 1307 4198; x_wconf 89' lang='lat' dir='ltr'>seu</span> <span class='ocrx_word' id='word_1_350' title='bbox 1349 4141 1410 4196; x_wconf 89' lang='lat' dir='ltr'>in</span> <span class='ocrx_word' id='word_1_351' title='bbox 1463 4141 1776 4208; x_wconf 79' lang='lat' dir='ltr'>extremiS,</span> <span class='ocrx_word' id='word_1_352' title='bbox 1843 4140 2040 4214; x_wconf 90' lang='lat' dir='ltr'>qualis</span> <span class='ocrx_word' id='word_1_353' title='bbox 2092 4138 2290 4198; x_wconf 85' lang='lat' dir='ltr'>cultus</span> 
     </span>
    </p>
   </div>
   <div class='ocr_carea' id='block_1_3' title="bbox 194 4239 2288 4318">
    <p class='ocr_par' dir='ltr' id='par_1_3' title="bbox 194 4239 2288 4318">
     <span class='ocr_line' id='line_1_39' title="bbox 194 4239 2288 4318; baseline 0.004 -27"><span class='ocrx_word' id='word_1_354' title='bbox 194 4241 272 4292; x_wconf 78' lang='lat' dir='ltr'>est</span> <span class='ocrx_word' id='word_1_355' title='bbox 304 4241 460 4316; x_wconf 87' lang='lat' dir='ltr'>apud</span> <span class='ocrx_word' id='word_1_356' title='bbox 493 4240 630 4300; x_wconf 88' lang='lat' dir='ltr'>illos</span> <span class='ocrx_word' id='word_1_357' title='bbox 667 4243 769 4318; x_wconf 91' lang='lat' dir='ltr'>qui</span> <span class='ocrx_word' id='word_1_358' title='bbox 805 4247 1090 4318; x_wconf 84' lang='lat' dir='ltr'>separant</span> <span class='ocrx_word' id='word_1_359' title='bbox 1127 4240 1479 4299; x_wconf 88' lang='lat' dir='ltr'>charitatem</span> <span class='ocrx_word' id='word_1_360' title='bbox 1521 4258 1557 4298; x_wconf 98' lang='lat' dir='ltr'>a</span> <span class='ocrx_word' id='word_1_361' title='bbox 1596 4239 1711 4300; x_wconf 85' lang='lat' dir='ltr'>fide</span> <span class='ocrx_word' id='word_1_362' title='bbox 1731 4285 1746 4316; x_wconf 91' lang='lat'><em>,</em></span> <span class='ocrx_word' id='word_1_363' title='bbox 1806 4246 1866 4299; x_wconf 89' lang='lat' dir='ltr'>et</span> <span class='ocrx_word' id='word_1_364' title='bbox 1902 4240 2057 4302; x_wconf 88' lang='lat' dir='ltr'>hanc</span> <span class='ocrx_word' id='word_1_365' title='bbox 2096 4240 2288 4300; x_wconf 87' lang='lat' dir='ltr'>solam</span> 
     </span>
    </p>
   </div>
  </div>
 </body>
</html>
