2791 4778
386 385 606 441 CAPUT
661 385 972 447 semum,
1664 346 1675 355 '¹
1741 382 1962 436 vane:
2010 393 2062 444 e.
2221 394 2330 447 261

254 545 391 622 Cap:
424 544 562 605 XL.-
614 548 677 606 9.
717 549 825 606 10.
864 549 973 604 11.
1026 545 1233 604 Levit:
1272 540 1454 602 VIII:
1500 544 1606 601 10.
1646 545 1752 600 ll.
1797 546 1904 600 12.
1956 541 2146 603 Num:
2181 539 2331 603 VII:

259 649 327 721 l;
370 663 545 704 causa
581 645 741 721 quod
782 651 1149 722 ungerentur
1185 643 1446 717 Altaria,
1504 659 1575 702 ac
1620 641 1970 702 Tentorium
2005 650 2334 703 conventus

249 762 365 804 cum
398 745 665 806 omnibus
706 764 859 822 quae
900 746 1075 818 inibi,
1137 749 1291 813 erat,
1341 748 1411 801 ut
1448 750 1973 818 repraesentarent
2022 743 2241 802 Divina
2276 751 2336 803 et

248 850 433 904 sancta
466 844 634 906 Coeli
682 853 741 906 et
787 846 1125 917 Ecclesiae,
1190 848 1628 919 consequenter
1677 848 1887 901 sancta
1939 843 2136 901 cultus
2149 887 2167 918 ‚
2222 861 2332 904 nec

246 950 676 1021 repraesentare
719 947 825 1005 illa
857 949 1212 1022 potuerunt,
1253 945 1370 1001 nisi
1403 946 1762 1018 inaugurata
1787 942 2043 1001 fuissent
2076 943 2332 1020 pertale

248 1044 387 1120 quod
434 1046 807 1122 significabat
854 1046 1078 1104 bonum
1125 1045 1376 1117 amoriS,
1431 1060 1569 1100 nam
1616 1043 1900 1101 Divinum
1951 1060 2062 1118 per
2110 1043 2333 1102 bonum

252 1148 443 1204 amoris
481 1147 694 1220 intrat,
753 1152 813 1205 et
847 1163 959 1222 per
992 1143 1140 1203 illud
1177 1143 1375 1216 adest,
1431 1142 1681 1219 proinde
1718 1144 1899 1202 etiam
1933 1144 1993 1201 in
2028 1142 2220 1217 cultu,
2273 1150 2335 1202 et

252 1243 451 1321 absque
488 1245 593 1306 illo
627 1246 912 1305 Divinum
945 1262 1066 1304 non
1096 1245 1279 1301 intrat
1312 1260 1423 1301 nec
1464 1241 1666 1303 adest:
1720 1242 1878 1319 quod
1922 1242 2132 1301 Altare
2169 1249 2334 1303 esset

248 1327 606 1421 praecipuum
643 1345 1226 1422 repraesentativum
1250 1342 1522 1412 Domini,
1559 1359 1631 1401 ae
1665 1343 1801 1401 inde
1837 1343 2035 1402 cultus
2073 1360 2149 1401 ex
2173 1343 2331 1402 bono

249 1447 469 1519 amoris,
539 1447 815 1505 videatur
874 1464 947 1505 n:
1010 1447 1222 1502 2777.
1290 1445 1504 1503 2811.
1564 1445 1779 1501 4489.
1834 1443 2046 1501 4541.
2119 1445 2328 1503 8935.
2373 1435 2531 1496 [518]

251 1546 435 1604 8940.
493 1549 705 1606 9388.
772 1547 982 1605 9389.
1045 1546 1268 1603 9714:
1326 1552 1385 1602 et
1421 1543 1580 1624 quod
1618 1543 1966 1601 Tentorium
2003 1561 2139 1601 cum
2174 1544 2334 1602 Arca

251 1655 390 1704 esset
438 1648 831 1722 praecipuum
883 1645 1465 1721 repraesentativum
1519 1642 1690 1702 Coeli
1738 1642 1842 1700 ubi
1886 1642 2205 1715 Dominus,
2262 1661 2328 1702 n:

256 1744 679 1805 9457.9481.
722 1746 931 1805 9485.
987 1744 1198 1802 9594.
1236 1745 1447 1803 9632.
1495 1745 1704 1802 9596.
1753 1746 1959 1803 9784.
2054 1741 2332 1820 Quane,

252 1845 389 1918 quod
416 1849 687 1904 unxerint
719 1845 857 1904 illos
895 1846 998 1921 qui
1032 1842 1367 1902 sacerdotio
1401 1843 1818 1919 fungerentur,
1859 1860 2186 1921 eorumque
2222 1862 2330 1904 ve-

245 1949 382 2018 stes,
419 1953 649 2004 constat
684 1944 846 2021 apud
877 1944 1090 2003 Mosen
1129 1941 1369 2017 „Sume
1408 1940 1631 2009 Oleum
1657 1942 1976 2004 unctionis
2004 1948 2064 2003 et
2088 1943 2335 2023 effunde

251 2060 416 2122 super
462 2051 654 2124 caput
708 2043 1069 2116 Ahar-onia,
1127 2049 1187 2103 et
1225 2060 1428 2126 unqe&
1464 2047 1652 2104 eum“
1705 2043 1906 2103 Exod:
1955 2043 2207 2105 XXIX:
2271 2050 2329 2102 7.

254 2140 390 2220 Cap:
426 2145 647 2206 XXX:
692 2148 818 2205 30:
871 2144 1032 2221 apud
1066 2143 1335 2203 Eundem
1374 2141 1628 2216 „Indue
1660 2141 2022 2203 Ahwonem
2059 2143 2335 2205 vestibus

251 2244 617 2321 sanctitatis,
682 2250 741 2303 et
776 2263 975 2324 unyes
1009 2261 1181 2314 eum,
1234 2249 1293 2302 et
1320 2242 1753 2323 sanctificabis
1791 2261 1962 2310 eum,
2007 2247 2082 2302 ut
2124 2261 2334 2302 sacer-

256 2338 410 2404 dotio
438 2345 765 2427 sunyatur
802 2343 975 2406 Mihi
987 2363 1014 2417 ‚·
1069 2348 1129 2403 et
1152 2341 1336 2426 filios
1378 2341 1516 2425 ejus
1561 2361 1761 2422 unqe-9
1808 2339 2335 2422 quemadmodum

262 2443 480 2505 amiati
506 2451 801 2525 patrem;
856 2452 915 2505 et
950 2445 1073 2506 erit
1108 2449 1183 2504 ut
1220 2444 1309 2504 eit
1343 2439 1484 2503 illis
1519 2443 1731 2504 unctio
1766 2460 1980 2504 eorum
2011 2442 2084 2502 in
2122 2460 2332 2503 sacer-

263 2537 474 2602 dotium
508 2543 750 2606 saeculi
785 2545 857 2605 in
880 2544 1312 2625 yeme-atione&
1344 2545 1607 2603 εον-ηοω(
1646 2543 1849 2603 Exodz
1890 2542 2030 2603 XL:
2076 2547 2106 2602 l
2126 2544 2186 2602 3.
2228 2548 2333 2602 14.

267 2642 381 2702 15:
431 2648 576 2721 apud
617 2645 887 2705 Eundem
937 2643 1279 2719 „Moscheh
1324 2642 1551 2721 effudit
1602 2642 1679 2702 de
1721 2641 1851 2703 oleo
1904 2661 2094 2722 super
2127 2640 2336 2723 Caput

255 2739 581 2818 ΑΙιανοηὶε,
657 2751 718 2804 et
762 2744 958 2805 unexit
1002 2742 1191 2805 illum
1242 2743 1334 2804 ad
1395 2742 1929 2825 sanctificandum
1981 2741 2206 2804 illum.-
2275 2752 2336 2805 et

254 2836 380 2901 dein
409 2846 640 2906 sumsit
685 2844 762 2904 de
809 2842 939 2904 oleo
987 2844 1337 2914 unctionie,
1405 2848 1466 2903 et
1509 2844 1586 2904 de
1633 2844 1947 2923 sanquine
1988 2844 2102 2923 qui
2147 2863 2335 2923 super

253 2936 456 3019 altari,
508 2954 566 3007 et
603 2944 852 3023 sparsit
886 2964 1079 3025 super
1110 2944 1499 3019 Aharonem,
1558 2963 1748 3023 super
1781 2949 1979 3005 vestes
2014 2945 2181 3027 ejece,
2219 2965 2332 3005 eu—

244 3056 345 3116 per
374 3042 548 3123 filios
594 3046 762 3129 ejus,
826 3051 885 3104 et
935 3064 1125 3124 super
1170 3051 1369 3105 vestes
1403 3040 1701 3125 filiorum
1746 3044 1884 3128 ejus
1931 3063 2075 3107 eum
2117 3064 2212 3119 eo,
2275 3049 2336 3105 et

251 3144 646 3224 sanctificavit
684 3144 1073 3219 Ahar-onem,
1124 3150 1323 3206 veste-9
1359 3144 1530 3225 ejus,
1573 3142 1873 3225 filiosque
1905 3145 2071 3227 ejus,
2135 3153 2195 3206 et
2229 3164 2331 3204 ve-

252 3241 361 3300 stes
394 3242 683 3324 filiorum
734 3245 871 3327 ejus
923 3263 1067 3305 eum
1119 3247 1234 3304 eo“
1292 3244 1500 3303 Levit:
1552 3244 1735 3304 VHI:
1807 3250 1916 3305 12.
1970 3248 2094 3320 303
2151 3262 2337 3304 causa

252 3341 388 3413 quod
403 3353 721 3422 ungeretur
736 3346 999 3418 Aharon‚
1032 3351 1091 3403 et
1120 3344 1279 3420 quod
1317 3350 1679 3421 ungerentur
1713 3345 1818 3403 filii
1854 3347 2006 3424 ejus,
2043 3347 2335 3420 ipsaeque

255 3453 434 3500 eorum
464 3452 663 3505 vestes
681 3490 697 3519 ,
738 3453 894 3519 erat,
932 3452 1001 3503 ut
1034 3451 1562 3521 repraesentarent
1584 3445 1905 3503 Dominum
1933 3442 2131 3519 quoad
2156 3443 2333 3503 Divi-

251 3552 371 3599 num
399 3543 625 3603 Bonum
646 3587 663 3615 ,
710 3552 769 3603 et
805 3544 999 3621 quoad
1034 3545 1319 3606 Divinum
1354 3544 1585 3603 Verum
1621 3543 1787 3611 inde,
1840 3542 2084 3600 Aharon
2120 3541 2333 3599 Domi-

251 3650 372 3697 num
398 3644 589 3719 quoad
612 3645 897 3703 Divinum
925 3645 1189 3719 Bonum,
1229 3661 1300 3704 ae
1334 3643 1441 3703 filii
1484 3645 1615 3721 ejus
1653 3642 1850 3724 quoad
1883 3642 2170 3701 Divinum
2203 3639 2333 3699 Ve-

254 3751 367 3799 rum
403 3745 566 3820 inde3
622 3762 692 3803 ac
732 3748 789 3802 in
826 3762 1046 3821 genere
1082 3752 1149 3802 ut
1177 3743 1586 3803 Sacerdotium
1616 3748 2099 3818 repraesentaret
2121 3741 2334 3801 Domi-

253 3850 374 3897 num
429 3845 624 3919 quoad
689 3861 841 3921 opus
904 3844 1252 3903 salvationis
1313 3845 1547 3919 Ipsius:
1638 3842 1796 3919 quod
1855 3849 2218 3919 ungerentur
2277 3846 2338 3902 in

253 3939 526 4016 vestibus,
577 3944 781 4003 Exod:
831 3945 1088 4005 XXIX:
1147 3946 1269 4019 29,
1328 3952 1485 4019 erat,
1541 3946 1684 4020 quia
1717 3943 1938 4004 Vestes
1973 3960 2335 4021 repraesen-

252 4033 436 4099 tabant
485 4045 820 4121 spiritualia
871 4045 1203 4103 induentia:
1273 4044 1434 4120 quod
1487 4044 1730 4103 Aharon
1794 4047 2341 4122 repraesentaverit

251 4130 541 4202 Dominum
594 4145 790 4221 quoad
826 4146 1106 4204 Divinum
1142 4145 1412 4215 Bonum,
1462 4145 1738 4205 videatur
1781 4164 1850 4204 n:
1905 4148 2124 4222 98063
2181 4146 2340 4222 quod

254 4230 342 4292 filii
369 4240 493 4317 ejus
528 4248 1116 4322 repraesentaverint
1142 4245 1463 4306 Dominum
1495 4245 1986 4322 quoadDivinum
2008 4246 2234 4306 Verum
2265 4262 2341 4303 ex
