2791 4778
430 341 666 400 CAPUT
707 342 1051 410 QUINTUM.
1820 339 2031 395 VERS:
2075 352 2128 403 9.
2290 354 2397 408 117

274 504 485 581 tualia,
522 502 805 563 videatur
834 520 903 562 ιιι
941 501 1106 562 745.
1140 502 1299 561 776.
1342 500 1503 561 866.
1536 499 1696 559 988.
1738 500 1896 560 991.
1931 500 2143 559 3219.
2183 502 2392 563 5149.
2451 553 2458 560 .

283 608 469 664 7441
501 625 518 663 ι
555 604 833 663 similiter
863 620 976 681 per
1011 601 1162 675 alas,
1200 619 1270 661 n:
1316 602 1530 659 8764.
1577 601 1799 660 9514ι
1839 600 1998 678 quod
2032 618 2142 678 per
2166 601 2395 664 bestias

272 705 685 783 significentur
729 702 1106 778 affectiones,
1148 709 1208 762 et
1253 719 1365 779 per
1400 700 1627 760 bestias
1678 703 1808 779 agri
1855 700 2198 768 affectiones
2233 701 2391 780 boni,

268 824 346 865 n:
390 806 607 864 2180.
664 806 875 865 3218.
930 804 1144 863 3519.
1214 803 1425 862 5198.
1487 803 1699 860 9090.
1747 803 1959 861 9280.
2001 803 2272 864 10609ι
2330 811 2392 863 et

269 905 440 982 quod
470 904 608 964 inde
646 910 707 964 et
740 920 887 964 aves
937 910 998 963 et
1041 904 1277 964 bestiae
1336 904 1399 960 in
1449 901 1756 961 sacrificiis
1805 900 2104 961 adhibitae
2152 902 2389 980 suerint,

266 1024 341 1064 ιιι
379 1010 409 1065 1
430 1007 592 1065 823.
621 1005 832 1065 3519.
865 1006 1075 1067 7523.
1113 1005 1323 1079 928ος
1362 1002 1444 1060 ad
1470 1000 1974 1061 confirmationem
2012 1002 2170 1080 quod
2195 1002 2395 1065 bestia

273 1109 417 1183 agri
451 1112 515 1164 et
547 1107 677 1164 avis
713 1104 857 1164 talia
903 1105 1260 1181 significent,
1308 1102 1491 1162 velim
1523 1101 1619 1161 hie
1656 1102 1830 1161 modo
1866 1120 2050 1161 unum
2083 1102 2278 1162 locum
2315 1122 2393 1165 ex

266 1204 480 1266 Verbo
517 1205 816 1264 adducere
859 1202 1167 1280 „Feriam
1201 1201 1343 1266 illis
1355 1201 1598 1283 foedus
1636 1203 1707 1264 in
1733 1202 1839 1263 die
1869 1199 1985 1263 illo
2023 1221 2167 1262 oum
2193 1203 2393 1267 bestia

261 1306 425 1386 <tyri
436 1350 454 1381 ,
492 1311 554 1367 et
587 1323 733 1365 cum
768 1323 884 1366 ave
917 1303 1231 1367 coelorum
1244 1349 1261 1379 ,
1315 1308 1377 1365 et
1413 1300 1629 1382 reptili
1667 1308 1871 1364 terrae
1881 1322 1909 1374 ,·
1961 1308 2021 1364 et
2073 1321 2294 1365 arcum
2332 1312 2392 1366 et

264 1404 568 1486 yladium
606 1411 667 1467 et
690 1402 921 1467 bellum
942 1406 1262 1487 sranyam
1288 1405 1366 1466 de
1394 1411 1598 1479 terra,
1640 1410 1701 1466 et
1726 1402 2120 1482 desponsabo.
2137 1411 2195 1467 te
2217 1403 2394 1466 Mihi

265 1507 345 1567 in
405 1512 763 1581 aecemum,
810 1509 887 1568 et'
915 1504 1301 1586 desponsabo
1355 1511 1416 1565 te
1449 1502 1622 1565 Mihi
1676 1504 1748 1566 in
1769 1503 2043 1587 justitia
2079 1510 2140 1565 et
2175 1504 2250 1567 in
2267 1504 2386 1589 ju-

257 1605 468 1681 dicio,
522 1613 583 1668 et
632 1607 706 1667 in
738 1605 1184 1669 misericordia
1216 1612 1276 1668 et
1316 1604 1389 1666 in
1424 1605 1967 1678 miserationibus,
2024 1609 2084 1664 et
2118 1603 2387 1684 despon-

261 1707 421 1769 sabo
479 1713 539 1767 te
586 1705 761 1768 Mihi
813 1708 884 1768 in
926 1708 1245 1769 veritate“
1301 1707 1544 1768 Hosch:
1582 1706 1663 1768 11:
1712 1710 1819 1767 18.
1867 1708 1952 1764 19
1967 1725 1984 1780 3
2039 1722 2151 1781 per
2208 1707 2387 1767 ferire

259 1807 480 1867 foedus
520 1824 657 1867 cum
687 1807 886 1867 bestia
912 1810 1038 1886 agri
1076 1815 1134 1868 et
1170 1825 1303 1868 eum
1332 1825 1445 1866 ave
1482 1807 1813 1884 coelorum,
1852 1804 2221 1882 significatur
2247 1824 2386 1867 cum

256 1902 681 1968 affectionibus
733 1908 875 1967 boni
925 1915 986 1968 et
1041 1926 1174 1967 eum
1212 1908 1372 1970 veris
1417 1908 1858 1985 spiritualibus,
1915 1923 2048 1966 eum
2081 1907 2176 1968 his
2225 1910 2383 1967 enim

258 2009 648 2087 conjungitur
680 2009 976 2068 Dominus
1011 2009 1265 2083 homini,
1331 2014 1425 2067 est
1459 2011 1613 2067 enim
1650 2009 1944 2068 Dominus
1993 2009 2056 2065 in
2098 2009 2173 2067 iis
2222 2007 2386 2085 apud

256 2108 466 2185 illum,
523 2126 711 2187 quare
749 2108 964 2169 dieitur
998 2127 1136 2170 eum
1167 2107 1285 2168 illis
1321 2108 1568 2183 foedus,
1623 2109 1834 2169 foedus
1882 2114 1974 2167 est
2009 2108 2379 2186 conjunctio:

255 2208 426 2287 quod
458 2209 691 2269 bestiae
729 2209 1064 2287 significent
1110 2209 1455 2269 affectiones
1490 2209 1660 2285 boni,
1719 2216 1779 2270 et
1828 2225 1973 2268 aves
2020 2207 2374 2284 spiritualia,

254 2315 317 2370 in
354 2308 750 2388 sequentibus
797 2313 859 2368 in
907 2313 1034 2370 suis
1072 2309 1358 2370 Articulis
1407 2310 1587 2386 pleno
1644 2308 2009 2369 ostendetur.
2077 2306 2377 2384 Quoniam

259 2410 473 2488 Adeps
522 2412 585 2472 in
621 2409 941 2471 sacrifieiis
996 2411 1370 2488 significabat
1419 2412 1702 2471 Divinum
1735 2410 1970 2470 Bonum
2034 2415 2094 2467 et
2129 2405 2390 2484 Sanguis

261 2510 553 2571 Divinum
580 2511 838 2584 Verum,
878 2519 1195 2588 utrumque
1232 2530 1268 2571 a
1293 2511 1569 2583 Domino,
1609 2527 1680 2570 ae
1716 2516 2038 2587 utrumque
2073 2514 2385 2584 receptum

264 2611 349 2669 ab
385 2609 616 2670 homine
648 2612 907 2672 faciebat
934 2614 1425 2690 conjunctionem,
1466 2611 1600 2670 ideo
1627 2609 1991 2687 prohibitum
2025 2610 2134 2669 fuit
2172 2616 2380 2686 poste-

260 2713 351 2770 ris
391 2708 631 2784 Jaeobi,
664 2729 774 2771 seu
806 2713 1063 2772 Judaeis
1102 2719 1161 2771 et
1196 2712 1527 2786 Israelitis,
1566 2711 1883 2771 comedere
1918 2710 2105 2772 ullum
2142 2710 2381 2789 adipem

257 2819 322 2872 et
355 2810 543 2871 ullum
576 2815 944 2889 sanguinem,
985 2813 1258 2872 videatur
1282 2809 1487 2871 Levit:
1527 2811 1687 2890 Capt
1725 2812 1844 2871 111:
1884 2815 1990 2871 17.
2048 2809 2207 2888 Cape
2235 2811 2376 2872 VII:

251 2915 347 2975 23
381 2912 463 2971 ad
490 2915 603 2973 27.
660 2912 807 2990 Cap:
844 2913 1064 2979 XV112,
1089 2916 1196 2971 11.
1242 2915 1351 2971 12.
1390 2913 1646 2973 13.14.
1699 2913 1911 2972 Deutr:
1940 2912 2084 2974 XII:
2121 2915 2229 2972 17.
2259 2915 2371 2973 23.

250 3016 372 3075 24.
419 3015 531 3073 25.
585 3011 743 3091 Cap:
780 3013 921 3072 XV:
966 3016 1090 3089 233
1145 3028 1334 3072 eausa
1369 3019 1530 3089 erat,
1588 3017 1728 3089 quia
1778 3013 1941 3074 Gens
1987 3015 2095 3074 illa
2141 3031 2259 3073 non
2312 3017 2372 3072 iu

239 3114 455 3191 aliquo
489 3113 648 3172 bono
684 3116 920 3187 amoris,
958 3131 1071 3173 nee
1103 3115 1166 3172 in
1200 3112 1403 3189 aliquo
1430 3130 1575 3174 vero
1610 3114 1752 3174 boni
1785 3115 1916 3187 fuit,
1955 3114 2065 3175 sed
2098 3116 2158 3172 in
2195 3114 2364 3173 falsis
2412 3132 2573 3194 [421]

238 3213 426 3291 mali3
463 3222 526 3273 et
558 3215 798 3291 adipem
835 3224 896 3274 et
919 3216 1271 3290 sanguinem
1305 3215 1617 3274 comedere
1655 3214 1816 3291 apud
1842 3214 1978 3274 illos
2014 3215 2377 3290 significaret

204 3324 209 3327 “
239 3316 734 3375 commixtionem
760 3316 889 3374 veri
924 3333 998 3373 ex
1033 3314 1190 3374 bono
1229 3331 1364 3373 cum
1391 3313 1547 3374 falso
1585 3332 1659 3373 ex
1686 3315 1862 3389 male,
1902 3314 2061 3390 quod
2097 3322 2190 3372 est
2224 3331 2370 3389 pro-

236 3414 572 3492 phanatio;
626 3415 762 3474 inde
799 3431 1037 3492 quoque
1075 3421 1349 3473 constare
1403 3420 1604 3491 potest
1653 3414 1812 3490 quod
1860 3431 1973 3491 per
2018 3415 2373 3488 sanguinem

241 3513 627 3590 significetur
683 3514 968 3574 Divinum
1004 3515 1268 3575 Verum:
1345 3514 1503 3592 quod
1538 3514 1744 3591 Adeps
1808 3530 1919 3572 seu
1964 3511 2264 3589 pinguedo
2311 3513 2371 3568 in

244 3612 461 3673 Verbo
485 3614 782 3692 significet
806 3615 1030 3675 bonum
1056 3616 1294 3685 amoris,
1317 3614 1593 3675 videatur
1621 3634 1676 3673 n:
1714 3617 1748 3672 3
1766 3616 1797 3673 5
1815 3615 1874 3672 3.
1911 3613 1946 3670 5
1963 3612 2123 3672 943.
2155 3612 2365 3671 6409.

251 3715 525 3790 100333
565 3721 625 3774 et
663 3714 821 3790 quod
849 3714 1074 3775 ,Iudaei
1110 3720 1169 3773 et
1189 3713 1506 3774 Israelitae
1543 3715 1737 3774 solum
1773 3715 1828 3770 in
1868 3712 2130 3772 externis
2167 3719 2229 3772 et
2251 3729 2370 3772 non

239 3816 308 3874 in
342 3815 598 3874 internis
633 3815 880 3886 suerint,
916 3820 978 3874 et
1012 3814 1149 3874 inde
1185 3833 1302 3874 non
1338 3816 1398 3872 in
1434 3817 1593 3873 veris
1632 3822 1692 3872 et
1727 3814 1898 3873 bonis
1933 3813 2366 3890 spiritualibus,

241 3912 457 3974 sedin
493 3913 665 3997 falsis
701 3914 871 3990 mali,
937 3920 1000 3973 et
1047 3914 1204 3992 quod
1255 3917 1453 3975 omnia
1488 3914 1685 3975 cultus
1734 3932 1942 3974 eorum
1988 3913 2206 3975 fuerint
2256 3933 2365 3973 ex-

238 4022 424 4074 terna
455 4020 745 4092 separata
803 4015 879 4074 ab
927 4016 1206 4091 internis,
1264 4020 1325 4075 et
1381 4015 1547 4091 quod
1592 4031 1786 4091 usque
1831 4031 1943 4093 per
1980 4022 2230 4077 externa
2263 4033 2364 4074 re-

238 4123 641 4191 praesentare
679 4118 985 4191 potuerint
1036 4118 1269 4176 interna
1318 4116 1546 4189 cultus,
1596 4116 1873 4175 videatur
1933 4117 1994 4175 in
2028 4117 2368 4176 Duos-mm
2481 4124 2499 4136 ·

239 4211 461 4275 ‘Novae
511 4215 1006 4276 Hmnosommns
1043 4235 1115 4275 ιιι
1154 4218 1314 4276 248.
1399 4214 1695 4292 Quoniam
1747 4214 2003 4295 Sanguis
2065 4217 2122 4274 in
2162 4212 2364 4272 Sacri-
