2791 4778
416 331 652 387 CAPUT
696 329 1040 398 QUINTUM.
1847 330 2056 386 VERS:
2101 343 2155 394 1.
2316 345 2384 395 ll

246 492 422 551 ‚malo
458 497 598 551 sunt
634 491 951 566 oppositae
1002 494 1144 548 sunt
1177 487 1380 565 Plagis
1427 504 1581 564 quae
1618 487 1781 565 apud
1813 487 1950 548 illos
1999 489 2101 563 qui
2134 491 2194 547 in
2229 490 2384 550 bono

263 597 436 666 sunt,
464 581 552 651 'et
586 592 675 649 sic
718 588 797 647 ad
833 606 1037 649 eorum
1080 588 1347 648 dextram
1378 594 1540 647 ⁴sunt
1573 605 1721 648 vera
1763 591 1823 647 in
1887 588 2074 647 densa
2109 588 2382 666 caligine,

262 692 376 752 sed
419 691 575 750 falsa
631 693 789 750 sicut
836 691 897 748 in
958 691 1216 749 maximo
1261 688 1513 747 lumine:
1581 688 1741 765 quod
1793 688 2019 764 Plagae
2064 688 2125 746 in
2159 688 2383 749 Mundo

260 791 564 870 spirituali
596 789 716 850 illis
754 791 856 866 qui
888 791 950 849 in
986 788 1142 847 malo
1178 795 1318 848 sunt
1345 790 1658 865 oppositae
1696 791 1814 847 sint
1840 788 2045 864 Plagis
2086 789 2385 867 quasillis

263 894 370 970 qui
409 893 470 951 in
513 890 672 950 bono
723 895 891 963 sunt,
947 889 1223 948 videatur
1268 891 1329 947 in
1386 887 1589 964 Opere
1639 887 1713 947 de
1752 886 1953 947 Coeno
1994 904 2071 947 Εἰ·
2109 888 2384 949 Iura-nno

261 1010 337 1052 n:
383 992 762 1051 151.152:
820 1005 1040 1063 causa,
1080 1007 1148 1047 n:
1195 991 1355 1047 122.
1404 989 1563 1048 123.

419 1093 580 1151 299.
633 1089 880 1149 Librum
929 1091 1217 1164 scriptum
1266 1091 1426 1147 intus
1474 1094 1533 1147 et
1570 1105 1607 1146 a
1640 1094 1844 1165 tergo,
1900 1087 2058 1163 quod
2092 1088 2384 1165 significet

262 1196 486 1250 statum
518 1193 678 1250 vitae
718 1191 980 1249 omnium
1014 1191 1076 1247 in
1113 1186 1297 1247 Coelo
1333 1195 1395 1247 et
1429 1190 1490 1246 in
1525 1194 1722 1262 terra,
1752 1179 1843 1246 'in
1878 1190 2174 1248 communi
2229 1196 2288 1249 et
2321 1193 2383 1248 in

259 1291 630 1368 particulari,
671 1295 906 1349 constat
943 1306 1017 1347 ex
1043 1287 1474 1364 significatione
1510 1288 1672 1359 libri,
1708 1288 1805 1347 hio
1839 1287 1976 1347 libri
2006 1291 2187 1358 vitae,
2224 1290 2385 1364 quod

262 1393 344 1450 sit
375 1391 535 1468 quod
561 1408 598 1448 a
614 1392 869 1449 Domino
896 1391 1245 1465 inscriptum
1268 1405 1380 1448 seu
1410 1388 1824 1464 implantatum
1855 1393 1948 1447 est
1970 1388 2224 1447 hominis
2251 1392 2381 1466 spi-

260 1492 424 1560 ritui,
448 1492 563 1549 hoc
593 1495 703 1565 est,
742 1488 906 1548 cordi
934 1494 994 1548 et
1020 1490 1273 1563 animae,
1313 1505 1423 1547 seu
1451 1488 1610 1565 quod
1634 1489 1811 1563 idem,
1851 1488 2009 1565 quod
2037 1488 2167 1565 ejus
2198 1492 2385 1548 amori

262 1597 327 1648 et
353 1589 492 1649 fidei
503 1634 519 1663 ,
559 1590 634 1648 de
670 1588 794 1666 'qua
824 1606 1006 1664 supra
1033 1607 1101 1648 n:
1139 1592 1167 1647 l
1189 1590 1224 1647 9
1241 1591 1311 1663 9;
1348 1590 1490 1648 inde
1515 1607 1625 1665 per
1651 1588 1861 1647 librum
1889 1589 1988 1646 hic
2014 1589 2383 1664 significatur

259 1695 462 1749 status
500 1692 662 1749 vitae
708 1690 966 1749 omnium
1006 1691 1066 1747 in
1097 1688 1280 1748 Coelo
1325 1695 1386 1747 et
1424 1691 1483 1748 in
1513 1695 1709 1759 terra,
1745 1695 1805 1747 et
1830 1706 1940 1765 per
1967 1690 2254 1764 scriptum
2292 1691 2379 1748 si-

257 1789 572 1866 gnificatur
607 1789 765 1866 quod
798 1788 1213 1866 implantatum
1253 1795 1346 1848 est
1382 1806 1419 1846 a
1451 1788 1708 1848 Domino
1720 1808 1736 1864 3
1793 1789 1953 1865 quod
1986 1788 2250 1848 scribere
2287 1791 2375 1847 si-

260 1891 500 1967 gnificet
535 1889 927 1965 implantare,
976 1889 1253 1947 videatur
1289 1890 1468 1948 etiam
1506 1905 1691 1965 supra
1725 1906 1790 1946 n:
1834 1892 2011 1964 2223
2068 1895 2128 1947 et
2182 1908 2257 1948 ex
2292 1891 2380 1948 si-

258 1991 636 2067 gnificatione
674 1992 932 2048 intus-et
959 2007 995 2048 a
1023 1998 1213 2066 terg0,
1250 1989 1412 2066 quod
1438 1991 1516 2047 sit
1552 1989 1712 2065 quod
1742 1996 1833 2057 est
1860 1989 2024 2048 cordi
2060 1996 2120 2048 et
2145 1992 2379 2048 animae

198 2150 201 2153 ,
257 2108 369 2150 seu
404 2093 591 2149 amori
625 2096 687 2149 et
709 2090 868 2162 fidei,
905 2107 1072 2148 amor
1108 2092 1264 2149 enim
1302 2095 1394 2148 est
1429 2091 1587 2148 intus
1625 2088 1786 2165 apud
1820 2088 2116 2149 hominem
2155 2095 2216 2148 et
2249 2091 2381 2166 spi-

255 2193 463 2266 ritum,
521 2191 663 2267 quia
696 2191 839 2250 facit
875 2191 1008 2268 ejus
1037 2191 1253 2265 vitam,
1290 2188 1441 2248 fides
1484 2195 1720 2265 autem,
1761 2191 1874 2248 nisi
1908 2192 1968 2248 in
2005 2190 2137 2266 ejus
2176 2207 2377 2248 amore

256 2293 363 2366 sit,
418 2307 537 2350 non
588 2297 682 2350 est
731 2293 890 2349 intus
940 2290 1103 2367 apud
1135 2290 1341 2363 illum,
1397 2289 1508 2348 sed
1542 2296 1680 2366 post
1739 2305 1852 2349 seu
1903 2307 1940 2347 a
1975 2294 2174 2365 terg03
2228 2288 2381 2348 fides

257 2372 417 2451 enin't
478 2408 636 2468 quae
670 2391 820 2449 fides
880 2407 1130 2467 prorsus
1167 2409 1352 2449 unum
1400 2391 1543 2449 facit
1581 2407 1715 2450 eum
1755 2406 1986 2464 amore,
2043 2407 2180 2447 nam
2218 2391 2382 2465 quod

251 2492 432 2551 homo
470 2497 630 2549 amat
674 2490 788 2549 hoc
823 2490 963 2550 fidei
999 2491 1129 2567 ejus
1167 2496 1291 2565 est,
1348 2490 1509 2567 quod
1545 2496 1745 2549 autem
1779 2507 1898 2548 non
1932 2494 2094 2547 amat
2131 2506 2249 2547 non
2286 2505 2382 2548 est

252 2589 397 2649 fidei
431 2590 593 2666 ejus3
631 2596 884 2666 apparet
912 2589 1148 2667 quidem
1184 2591 1345 2672 quod
1378 2593 1459 2649 sit
1492 2590 1642 2649 fides
1679 2589 1839 2667 quod
1875 2589 2092 2666 aliquis
2131 2605 2206 2647 ex
2244 2606 2386 2653 me-.

251 2691 446 2764 moria
481 2692 702 2766 cogitat
750 2697 808 2750 et
853 2707 929 2750 ex
964 2689 1234 2750 doctrina
1282 2690 1493 2765 docet,
1549 2690 1660 2750 sed
1695 2692 1747 2749 si
1782 2689 1958 2749 modo
2006 2705 2082 2748 ex
2120 2689 2379 2748 naturali

251 2806 458 2849 amore
507 2796 567 2849 et
612 2808 731 2849 non
768 2808 840 2849 ex
878 2790 1176 2867 spirituali
1221 2790 1284 2849 id
1318 2796 1512 2861 amat,
1567 2797 1660 2850 est
1713 2790 1887 2850 modo
1924 2791 2093 2849 visus
2143 2792 2378 2866 cogita-

246 2890 424 2949 tionis
454 2893 685 2950 externi
709 2892 982 2965 hominis,
1024 2893 1127 2967 qui
1151 2893 1319 2950 visus
1347 2894 1630 2950 mentitur
1654 2891 1851 2961 fidem,
1888 2889 1998 2950 sed
2032 2889 2186 2949 haec
2208 2890 2378 2959 fides,

248 2993 388 3065 quia
422 2996 518 3051 est
551 2991 779 3068 absque
815 2994 943 3050 vita
973 2993 1326 3068 priusquam
1359 2991 1713 3067 implantata
1750 2998 1841 3050 est
1875 2994 2109 3049 interno
2152 2990 2380 3049 homini

192 3119 195 3122 >
246 3095 307 3149 et
344 3091 475 3167 ejus
512 3094 727 3162 amori,
778 3109 898 3151 non
933 3097 1027 3150 est
1072 3095 1134 3150 in
1168 3091 1406 3150 homine
1456 3091 1567 3151 sed
1601 3099 1739 3168 post
1775 3092 1943 3150 illum
1982 3106 2097 3148 seu
2132 3107 2171 3148 a
2204 3099 2376 3167 tergo

244 3189 410 3265 ejus;
464 3190 614 3250 fides
648 3191 1002 3269 implantata
1034 3194 1268 3250 interno
1304 3192 1530 3250 homini
1565 3198 1626 3249 et
1662 3192 1793 3268 ejus
1837 3191 2055 3265 amori,
2111 3197 2205 3250 est
2240 3207 2376 3250 ere·

247 3289 392 3348 dere
428 3298 489 3350 et
523 3309 726 3351 amare
763 3310 976 3352 verum
1014 3293 1157 3366 quia
1193 3298 1287 3350 est
1322 3309 1560 3365 verum,
1618 3299 1677 3351 et
1711 3309 1828 3349 non
1865 3308 2068 3349 amare
2115 3290 2177 3350 id
2210 3292 2379 3367 prin-

248 3389 526 3465 cipaliter
577 3397 824 3469 propter
861 3393 1078 3450 famam
1124 3388 1472 3450 eruditionis
1528 3398 1588 3450 et
1628 3392 1765 3451 inde
1808 3391 2096 3450 honorem
2134 3396 2237 3448 aut
2277 3390 2376 3448 lu-

248 3505 445 3548 crum:
500 3508 578 3551 ex
612 3492 706 3551 his
742 3499 1022 3551 constare
1057 3497 1292 3567 potest,
1350 3491 1493 3567 quid
1528 3492 1896 3567 significatur
1941 3506 2054 3567 per
2089 3490 2377 3565 seriptum

244 3590 407 3649 intus
443 3598 504 3651 et
533 3609 570 3649 a
595 3598 786 3669 terg0.
826 3592 1041 3667 Agitur
1076 3593 1138 3649 in
1172 3590 1287 3649 hoc
1326 3588 1538 3667 Capite
1577 3592 1651 3650 de
1689 3608 1760 3651 eo
1779 3634 1796 3665 ,
1838 3590 1997 3667 quod
2027 3587 2207 3649 Solus
2241 3588 2374 3648 Do-

243 3688 441 3747 minus
475 3692 627 3750 seiat
662 3697 859 3752 status
897 3694 1058 3750 vitae
1094 3692 1355 3750 omnium
1394 3693 1457 3749 in
1485 3693 1785 3774 communi
1820 3695 1882 3749 et
1907 3690 2280 3767 singulorum
2316 3691 2378 3749 in

245 3788 610 3862 particulari,
647 3799 707 3851 et
743 3791 903 3868 quod
937 3808 1111 3851 nemo
1138 3798 1381 3867 praeter
1417 3792 1659 3868 Ipsum3
1698 3792 1812 3850 hoc
1849 3791 2376 3867 repraesentative

244 3887 481 3945 sistitur
528 3907 636 3965 per
680 3891 926 3951 Librum
989 3893 1310 3967 scriptum,
1377 3909 1556 3968 quem
1615 3892 1822 3951 nullus
1864 3894 2060 3968 potuit
2117 3893 2374 3967 aperire,

243 3984 453 4061 legere
490 3994 550 4047 et
581 3990 913 4068 inspicere,
972 4009 1153 4069 qnam
1190 3988 1370 4052 Solus
1407 3991 1646 4068 Agnus,
1701 3992 1815 4052 hoe
1851 3997 1945 4052 est
1957 4036 1974 4067 ,
2043 3991 2377 4050 Dominus:

247 4085 412 4161 quod
447 4104 621 4148 nemo
656 4089 769 4151 hoe
804 4094 974 4164 sciat,
1013 4109 1190 4169 quam
1218 4090 1398 4152 Solus
1423 4091 1716 4152 Dominus
1754 4098 1849 4152 est
1890 4093 2031 4168 qnia
2068 4096 2164 4151 est
2192 4089 2375 4150 Solus

238 4186 446 4265 DeuS,
506 4195 566 4249 et
604 4192 742 4267 quia
778 4192 1056 4253 formavit
1093 4192 1340 4253 Coelum
1380 4193 1736 4272 Angelicum
1774 4193 1850 4252 ad
1886 4193 2203 4269 imaginem
2247 4188 2370 4261 Sui,
