2791 4778
380 377 608 434 CAPUT
650 377 959 443 SEXTUM.
1744 378 1958 434 VERS:
2004 390 2056 440 6.
2215 390 2325 442 293

243 544 460 616 guntur,
512 536 653 597 ideo
690 537 932 613 dicitur‘,
988 553 1106 596 vae
1147 534 1520 613 sapientibus
1570 540 1629 597 in
1676 536 1866 597 oeulis
1910 539 2071 615 suiS,
2126 544 2187 599 et
2223 556 2329 601 eo-

242 656 352 697 ram
396 638 663 696 faciebus
724 639 850 697 suis
899 636 1402 715 intelligentibus,
1480 642 1539 695 et
1587 655 1696 715 per
1731 639 2035 713 sapientes
2071 641 2132 699 in
2176 657 2324 700 ocu-

238 738 303 797 lis
349 740 466 797 suis
519 737 927 814 significantur
987 739 1090 813 qui
1142 755 1216 796 ex
1283 738 1531 812 propria
1588 737 2011 814 intelligentia,
2095 746 2158 799 et
2216 757 2328 817 per

236 838 616 917 intelligentes
670 856 871 898 coram
922 837 1193 896 faciebus
1248 838 1373 895 suis
1436 838 1840 914 significantur
1892 841 1995 914 qui
2047 857 2125 899 ex
2179 858 2323 916 pro-

236 942 351 1015 pria
400 938 747 1012 affectione,
813 938 971 997 oculi
1028 939 1182 996 enirn
1245 936 1582 1013 significant
1632 936 2033 1009 intellectum,
2111 946 2172 1000 et
2230 940 2324 999 ia-

241 1041 345 1098 cies
402 1039 806 1115 affectionem3
902 1044 962 1096 et
1019 1055 1129 1115 per
1186 1054 1300 1096 vae
1360 1037 1645 1097 heroibus
1709 1037 1787 1096 ad
1844 1040 2173 1115 potandum
2231 1043 2325 1099 vi-

236 1156 390 1210 num,
457 1147 516 1197 et
565 1142 709 1198 viris
762 1139 991 1198 roboris
1048 1138 1127 1196 ad
1182 1138 1554 1198 miscendum
1598 1140 1888 1215 siceram,
1960 1140 2327 1217 significatur

238 1239 376 1313 quod
407 1239 525 1299 illis
564 1242 667 1315 qui
703 1256 921 1315 magna
956 1241 1188 1315 spirant
1223 1254 1293 1296 ac
1329 1241 1624 1315 ingeniosi
1659 1245 1797 1297 sunt
1843 1239 1922 1298 ad
1969 1240 2323 1299 confirman-

204 1326 209 1330 ’
238 1338 359 1398 dum
392 1339 543 1398 salsa
580 1357 737 1415 quae
774 1340 979 1397 favent
1015 1337 1316 1397 amoribus
1354 1340 1448 1396 sni
1477 1356 1548 1397 ac
1584 1341 1891 1415 principiis
1927 1343 2072 1415 sum,
2108 1341 2326 1400 heroe’s

240 1447 361 1497 sunt
393 1442 492 1515 qui
525 1456 749 1516 magna
783 1441 1042 1516 spirant,
1081 1441 1197 1497 viri
1220 1438 1453 1499 roboris
1488 1446 1626 1498 sunt
1662 1441 1763 1515 qui
1796 1436 2090 1516 ingeniosi
2125 1448 2185 1500 et
2213 1440 2329 1499 sibi

236 1540 616 1616 intelligentes
653 1541 961 1610 videntur,
997 1546 1208 1615 potare
1236 1541 1438 1597 vinum
1478 1546 1570 1598 est
1604 1540 1843 1600 haurire
1880 1540 2062 1612 falsa,
2118 1547 2177 1601 et
2211 1543 2324 1601 mi-

238 1653 386 1699 scere
418 1641 675 1699 siceram
722 1647 813 1699 est
850 1639 1204 1699 confirmare
1232 1639 1369 1698 illa:
1425 1656 1630 1699 omnes
1666 1640 1755 1700 illi
1798 1641 1951 1700 tales
1999 1647 2164 1715 sunt,
2223 1642 2325 1717 qui

239 1743 448 1798 suntin
482 1756 690 1800 amore
738 1741 831 1799 sui
876 1746 937 1799 et
972 1739 1240 1799 ambiunt
1287 1740 1634 1800 eruditionis
1684 1741 1931 1812 famam,
1995 1750 2132 1800 sunt
2170 1743 2324 1801 enim

238 1840 288 1896 in
318 1845 566 1917 proprio,
613 1847 673 1899 et
707 1841 783 1899 ab
818 1840 921 1900 illo
959 1840 1185 1900 elevari
1217 1847 1546 1916 nequeunt,
1582 1858 1768 1917 quare
1806 1843 2086 1918 cogitatio
2123 1858 2329 1903 eorum

240 1945 320 1998 est
349 1943 405 1998 in
435 1940 710 2001 sensuali
744 1957 1064 2017 corpore0‚
1118 1944 1213 1999 cui
1246 1959 1366 2000 non
1402 1940 1645 2016 aliquod
1684 1959 1891 2001 verum
1929 1949 2183 2019 apparet
2217 1959 2328 2001 nec

240 2037 434 2101 bonum
469 2042 783 2119 spirituale
813 2043 1174 2119 percipitur5
1230 2048 1292 2100 at
1328 2043 1431 2117 qui
1466 2058 1585 2099 non
1619 2043 1680 2099 in
1716 2059 1917 2101 amore
1954 2044 2050 2102 sui
2082 2049 2221 2104 sunt
2258 2060 2328 2101 ae

242 2140 480 2201 ambiunt
512 2143 975 2219 intelligentiam
1009 2150 1257 2219 propter
1292 2159 1439 2204 usus
1476 2143 1665 2215 vitae,
1720 2142 1809 2200 illi
1843 2160 1880 2199 a
1915 2145 2158 2218 proprio
2197 2142 2325 2202 ele-

243 2247 432 2299 vantur
469 2260 505 2301 a
537 2242 800 2302 Domino
849 2245 908 2300 in
951 2242 1146 2302 lucem
1202 2242 1354 2302 coeli
1390 2243 1538 2317 ipsis
1576 2242 2012 2317 nescientibus,
2077 2259 2147 2299 ae
2185 2241 2327 2300 illu-

245 2344 494 2403 strantur.
586 2344 768 2421 Apud
800 2343 1140 2403 Hoscheam
1192 2387 1227 2420 „
1238 2339 1556 2404 Scortatz'o
1590 2347 1651 2402 et
1683 2347 1966 2404 mustum
2005 2341 2331 2422 occupavit

253 2457 375 2516 cor,
428 2440 702 2524 populus
766 2463 945 2505 meus·
1008 2442 1258 2524 liynum
1306 2442 1694 2522 intmqqat,
1769 2447 1829 2502 et
1880 2439 2144 2503 baculus
2194 2442 2331 2525 effus

253 2544 546 2619 respondet
582 2542 692 2605 illi
704 2591 719 2619 ,
768 2545 926 2622 quia
953 2544 1227 2625 spiritus
1254 2542 1715 2627 scortationum
1742 2540 2033 2618 sed-accit,
2077 2547 2137 2603 et
2161 2561 2334 2603 seor—

250 2640 366 2700 tatz’
399 2653 534 2707 eunt
580 2646 696 2706 sub
733 2644 881 2705 Deo
918 2663 1070 2705 suo:
1125 2644 1410 2705 sociatus
1446 2642 1647 2705 idolis
1672 2643 2022 2725 Ephraim,
2074 2642 2334 2705 recessit

245 2732 437 2805 vinum
473 2765 717 2820 eorum,
777 2744 1114 2806 scortando
1163 2744 1483 2806 scortari“
1537 2745 1660 2804 IV:
1722 2748 1830 2804 11.
1894 2748 2000 2804 12.
2048 2748 2153 2803 17.
2206 2746 2326 2820 183
2371 2744 2532 2807 [539]

248 2845 423 2918 agitur
454 2847 550 2907 hie
588 2847 661 2904 de
689 2846 807 2905 illis
848 2850 950 2921 qui
986 2846 1304 2905 falsificant
1339 2863 1516 2921 vera,
1570 2846 1904 2906 falsificatio
1941 2849 2067 2903 veri
2103 2844 2329 2923 signifi-

244 2950 391 3003 catur
421 2965 529 3022 per
561 2949 1009 3020 scortationem,
1051 2964 1121 3006 ac
1155 2945 1371 3004 falsum
1407 2946 1544 3006 inde
1580 2966 1690 3024 per
1717 2954 2015 3019 mustum,
2053 2947 2189 3006 inde
2217 2964 2331 3023 pa-

244 3046 318 3101 tet
348 3048 482 3121 quid
518 3047 884 3122 significatur
933 3065 1041 3123 per
1090 3046 1250 3123 quod
1293 3049 1578 3106 scortatio
1626 3055 1687 3106 et
1722 3054 1981 3106 mustum
2019 3047 2347 3123 occupavit

244 3157 359 3217 cor,
407 3148 567 3223 quod
622 3150 869 3224 spiritus
934 3150 1359 3207 scortationum
1414 3146 1683 3219 seduxit,
1742 3150 1988 3207 scortati
2035 3155 2174 3207 sunt
2220 3146 2332 3205 sub

243 3239 356 3304 Deo
389 3264 528 3321 suo,
595 3256 656 3305 et
704 3229 957 3306 recessit
997 3250 1197 3310 vinum
1233 3247 1550 3306 scortando
1587 3252 1874 3319 scortari,
1924 3248 2079 3323 quod
2115 3262 2332 3322 nempe

242 3341 532 3407 falsificent
559 3349 781 3408 Divina
816 3364 985 3422 vera,
1038 3355 1097 3407 et
1139 3347 1298 3423 quod
1332 3348 1471 3407 inde
1505 3347 1624 3408 illis
1659 3366 1778 3406 non
1820 3347 2063 3424 aliquod
2104 3365 2332 3421 verum,

245 3450 470 3506 scortari
517 3448 630 3508 sub
665 3448 801 3507 Deo
838 3464 947 3506 suo
984 3447 1280 3524 significat
1314 3447 1634 3507 falsificare
1668 3448 1891 3510 Divina
1924 3463 2099 3517 vera,
2146 3453 2208 3504 et
2232 3462 2332 3503 re-

249 3549 408 3606 cessit
444 3552 646 3607 vinum
680 3547 977 3625 significat
1002 3548 1164 3625 quod
1198 3548 1334 3607 inde
1361 3548 1480 3606 illis
1518 3533 1632 3606 ηὸῗι
1670 3545 1913 3622 aliquod
1947 3562 2187 3620 verum3
2223 3561 2336 3620 per

245 3641 504 3719 Ephraim
554 3651 657 3725 qui
704 3651 969 3709 sociatus
1017 3647 1193 3706 idolis
1243 3648 1653 3724 significantur
1694 3646 1780 3705 illi
1822 3646 1918 3720 qui
1970 3661 2046 3703 ex
2090 3645 2336 3720 propria

247 3742 642 3824 intelligentia,
700 3755 759 3809 et
809 3766 921 3825 per
963 3748 1125 3808 idola
1172 3749 1387 3823 quibus
1439 3749 1700 3807 sociatus
1738 3743 2144 3822 significantur
2179 3742 2335 3803 falsa

247 3843 559 3923 religionis3
614 3867 725 3925 per
761 3848 920 3925 quod
954 3848 1217 3925 populus
1252 3865 1421 3907 meus
1456 3848 1685 3924 lignum
1717 3850 2070 3922 interroget,
2130 3851 2190 3905 et
2221 3844 2337 3904 ba-

249 3943 399 4005 culus
428 3949 555 4026 ejus
581 3950 947 4026 respondeat
972 3950 1075 4024 illi,
1106 3948 1475 4025 significatur
1502 3948 1661 4024 quod
1685 3946 2000 4007 consulant
2026 3948 2338 4024 proprium

250 4055 519 4119 amorem,
562 4066 634 4108 ac
668 4050 915 4110 faveant
952 4053 1009 4109 ei
1044 4067 1117 4107 ex
1153 4051 1400 4126 propria
1434 4048 1866 4125 intelligentia,
1915 4047 2144 4124 lignum
2181 4048 2339 4107 enim

252 4155 350 4202 seu
380 4147 595 4208 idolum
634 4167 708 4208 ex
741 4150 902 4227 ligno
941 4150 1100 4227 quod
1133 4152 1465 4226 interrogat
1499 4149 1794 4228 significat
1826 4150 2135 4226 proprium
2171 4164 2341 4206 arno-

251 4256 377 4319 rem,
419 4254 475 4307 et
499 4249 753 4309 baculus
793 4253 893 4325 qui
927 4250 1251 4327 respondet
1286 4249 1583 4327 significat
1614 4251 1945 4327 potentiam
1975 4267 2047 4310 ex
2075 4250 2341 4327 propriO,
