2791 4778
104 3247 113 3424 ἑ

104 3431 111 3536 ξ

98 3765 107 3824 ³·

538 357 615 408 ,50
944 342 1437 399 APOCALYPSIS
1480 342 1913 402 EXPLICATA.
1994 343 2041 412 §.
2088 353 2214 405 315.

434 579 440 584 .
540 505 867 564 destructio
894 503 1225 579 Ecclesiae3
1263 508 1648 578 eomparatur
1672 501 1777 560 illa
1803 502 2159 561 vestimento
2190 504 2519 561 occisorum
2547 507 2652 581 qui

540 606 802 664 confossi
845 604 1073 680 gladio,
1131 606 1272 680 quia
1306 605 1725 662 vestimentum
1781 603 2110 660 occisorum
2159 602 2456 678 significat
2498 603 2647 664 abo-

542 704 881 767 minandum
917 703 1131 763 falsum
1159 719 1566 779 conspurcans
1604 708 1663 761 et
1688 702 2001 761 destruens
2029 701 2133 761 illa
2160 719 2315 778 quae
2342 703 2647 765 Ecclesiae

541 811 708 879 sunt,
750 807 848 882 qui
883 804 1018 864 ideo
1047 805 1325 863 dicuntur
1358 803 1618 862 confossi
1654 802 1870 878 gladio,
1911 803 2052 877 quia
2086 802 2321 879 gladius
2358 803 2651 880 significat

539 906 757 964 salsum
795 904 1111 964 destruens
1141 922 1345 963 verum
1365 924 1380 978 3
1421 903 1558 962 inde
1588 904 1831 977 dicitur,
1871 908 2093 960 terram
2131 911 2292 962 tuam
2320 904 2647 980 perdidisti,

536 1007 828 1083 populum
876 1012 1041 1064 tuum
1081 1004 1380 1074 occidisti,
1438 1022 1548 1079 per
1584 1011 1801 1062 terram
1849 1002 2199 1078 intelligitur
2233 1004 2536 1078 Ecclesia,
2590 1011 2650 1065 et

536 1126 648 1183 per
689 1107 977 1183 populum
1012 1105 1100 1164 illi
1132 1106 1215 1165 ibi
1253 1106 1353 1180 qui
1387 1107 1447 1162 in
1482 1106 1641 1162 veris
1678 1110 1843 1176 sunt,
1902 1119 2049 1178 quos
2088 1104 2359 1163 occidere
2412 1109 2504 1162 cst
2537 1103 2648 1165 de-

537 1215 769 1267 struere
817 1224 927 1282 per
975 1205 1156 1282 falsa3
1225 1212 1436 1282 parate
1480 1203 1615 1263 filiis
1675 1205 1806 1281 ejus
1853 1206 2305 1273 mactationem,
2358 1203 2650 1280 significat

538 1307 696 1384 quod
729 1306 1037 1383 perdenda
1083 1309 1202 1364 sint
1247 1322 1453 1364 eorum
1500 1304 1684 1377 falsa,
1732 1304 1837 1363 filii
1873 1304 2003 1380 ejus
2040 1311 2182 1363 sunt
2217 1304 2390 1362 salsa.
2470 1304 2651 1380 Apud

536 1409 863 1467 Jeremiam
903 1404 1168 1481 „Erunt
1207 1402 1487 1485 confossi
1512 1402 1785 1465 Jehovae
1823 1403 1893 1464 in
1934 1403 2039 1463 die
2078 1400 2194 1464 illo
2229 1423 2273 1463 a
2287 1403 2423 1484 fine
2449 1408 2651 1467 tem-ae

535 1507 625 1569 ad
649 1509 846 1589 finem
887 1509 1135 1566 tem-affl
1190 1504 1395 1566 XXV:
1434 1506 1552 1582 333
1603 1523 1713 1583 per
1766 1505 2075 1564 confossos
2115 1505 2390 1565 Jchovae
2446 1522 2486 1562 a
2530 1505 2649 1566 fine

535 1618 733 1667 terrae
775 1607 852 1665 ad
888 1607 1065 1665 finem
1106 1612 1330 1681 terrae,
1384 1606 1792 1682 significantur
1835 1604 1922 1664 illi
1958 1605 2119 1681 apud
2155 1618 2305 1682 quos
2343 1604 2650 1665 destructa

536 1716 676 1767 sunt
697 1710 891 1767 omnia
910 1725 1054 1766 vera
1067 1706 1375 1765 Ecclesiae
1404 1724 1514 1782 per
1532 1706 1703 1782 falsa3
1738 1705 2286 1765 confossiJehovae
2313 1704 2652 1780 significant

534 1809 671 1868 illos
710 1808 870 1884 apud
898 1823 1047 1884 quos
1077 1805 1382 1866 destructa
1410 1813 1564 1882 sunt,
1606 1813 1666 1866 et
1694 1824 1730 1865 a
1755 1805 1871 1864 fine
1912 1812 2108 1864 terrae
2145 1806 2222 1863 ad
2247 1805 2426 1866 finem
2452 1812 2650 1866 terrae

535 1907 827 1985 significat
853 1908 1050 1965 omnia
1079 1905 1406 1967 Ecclesiae.
1441 1906 1619 1983 Apud
1638 1905 1909 1965 Eundem
1939 1902 2333 1984 „Propterea
2357 1904 2448 1965 da
2464 1902 2652 1986 filios

534 2027 749 2068 eorum
773 2004 982 2085 fami,
1039 2010 1096 2064 et
1134 2004 1402 2082 defluere
1435 2007 1556 2087 sao
1592 2002 1744 2066 illos
1782 2023 1973 2084 super
2008 2024 2236 2066 manus
2277 2002 2519 2084 gladii,
2576 2011 2651 2067 ut

536 2107 816 2168 homines
861 2105 1004 2167 rari
1029 2107 1202 2186 fiant
1216 2151 1232 2181 ,
1291 2105 1485 2168 occisi
1519 2111 1742 2178 morte,
1792 2105 2058 2188 juvenes
2108 2123 2323 2166 eorum
2353 2105 2651 2184 pereussa·

531 2205 757 2288 yladz’o
785 2207 855 2267 in
882 2203 1085 2266 bello“
1125 2206 1373 2267 XVIII:
1419 2211 1499 2266 21
1526 2228 1541 2283 3
1581 2207 1732 2266 filios
1765 2207 1907 2264 dare
1944 2206 2116 2281 fami,
2159 2213 2220 2265 et
2256 2205 2516 2266 defluere
2552 2207 2651 2267 fa-

532 2327 669 2368 cere
707 2325 890 2384 super
924 2325 1132 2366 manus
1169 2307 1369 2384 gladii,
1408 2306 1703 2384 significat
1740 2307 2120 2383 exstinguere
2155 2323 2304 2366 vera
2334 2306 2650 2367 Ecclesiae

529 2429 638 2487 per
675 2410 973 2470 desectum
1009 2412 1409 2487 cognitionum
1445 2410 1604 2483 veri,
1663 2414 1723 2466 et
1767 2425 1879 2484 per
1913 2407 2096 2482 falsa,
2153 2408 2259 2467 filii
2306 2414 2442 2467 sunt
2473 2423 2643 2481 vera,

531 2511 721 2569 fames
751 2517 842 2569 est
871 2510 1141 2569 desectus
1158 2512 1582 2587 cognitionum,
1616 2515 1675 2567 et
1699 2508 1932 2585 gladius
1963 2514 2055 2566 est
2081 2508 2298 2566 falsum
2328 2508 2651 2567 destruens

532 2630 768 2685 verum3
824 2617 891 2667 ut
936 2611 1204 2668 homines
1256 2613 1376 2668 rari
1421 2602 1597 2682 fiant,
1653 2610 1835 2668 occisi
1883 2615 2101 2677 morte,
2154 2608 2448 2684 significat
2483 2608 2654 2685 quod

532 2711 762 2770 affectio
801 2710 926 2769 veri
965 2718 1024 2769 et
1056 2710 1194 2767 inde
1231 2711 1528 2786 sapientia
1561 2708 1754 2782 nulla,
1806 2709 2074 2767 homines
2124 2707 2459 2785 significant
2492 2706 2649 2768 affe-

529 2812 785 2869 ctionem
820 2812 947 2868 veri
985 2817 1045 2866 et
1080 2808 1216 2867 inde
1253 2811 1636 2884 sapientiam,
1674 2810 1949 2868 videatur
1984 2825 2170 2885 supra
2203 2828 2271 2868 n:
2316 2810 2486 2885 2803
2534 2809 2652 2885 ju-

529 2927 716 2970 venes
749 2925 954 2968 eorum
991 2910 1265 2983 percussi
1295 2907 1493 2983 gladio
1521 2910 1583 2967 in
1609 2908 1787 2979 belle,
1823 2910 2118 2985 significat
2154 2913 2295 2986 quia
2321 2925 2467 2967 vera
2502 2917 2655 2968 sunt

529 3011 839 3069 destructa
874 3025 984 3082 per
1018 3009 1496 3083 impugnationes
1533 3008 1695 3078 falsi,
1724 3009 1983 3086 juvenes
2019 3016 2158 3068 sunt
2192 3027 2368 3082 vera,
2404 3008 2654 3085 gladius

531 3117 625 3170 est
660 3108 877 3166 salsum
917 3107 1259 3182 destruens,
1313 3115 1372 3167 et
1405 3108 1630 3167 bellum
1683 3115 1776 3168 est
1808 3112 2176 3186 impugnatio
2227 3111 2377 3187 ejus.
2459 3109 2658 3186 Apud

527 3207 905 3268 Ezechielem
950 3253 984 3281 „
1001 3205 1298 3267 Tramite
1321 3227 1443 3288 per·
1468 3205 2017 3289 Hierosolymam,
2057 3215 2118 3269 et
2146 3209 2487 3289 percutite,
2530 3227 2659 3269 neo

518 3312 754 3388 pareat
790 3304 1008 3367 ocal-us
1036 3314 1250 3383 vester,
1295 3328 1500 3369 senem
1510 3355 1527 3385 ,
1577 3308 1889 3389 juvenem,
1944 3315 2004 3368 et
2044 3309 2382 3390 virginem,
2436 3314 2497 3378 et
2537 3309 2656 3371 in-

326 3420 489 3481 [376]
517 3408 800 3490 fantem,
840 3407 1103 3469 occidite
1139 3407 1229 3469 ad
1253 3408 1713 3489 perditionem.-
1765 3409 1880 3469 sed
1912 3416 2130 3470 contra
2166 3407 2374 3471 ullum
2409 3409 2672 3486 virttem.

529 3529 717 3591 super
740 3528 858 3590 quo
897 3508 1186 3589 siquam,
1229 3528 1305 3569 ne
1342 3509 1887 3590 appropinquate“
1913 3511 2026 3570 IX:
2065 3511 2122 3571 5.
2162 3513 2237 3588 63
2292 3510 2446 3571 haec
2481 3509 2663 3569 dicta

528 3620 666 3669 sunt
701 3630 740 3669 a
771 3612 899 3669 viro
935 3611 1138 3669 induto
1172 3611 1370 3670 linteis
1422 3628 1531 3669 seu
1569 3610 1644 3668 ab
1682 3611 1894 3687 angelo
1932 3611 2008 3669 ad
2043 3611 2194 3670 alios
2231 3611 2510 3689 angeloS,
2576 3628 2663 3671 ae

525 3710 730 3768 audita
763 3727 800 3767 a
827 3709 1157 3785 Propheta,
1197 3728 1306 3786 per
1343 3729 1498 3787 quae
1533 3728 1651 3769 non
1686 3711 2050 3770 intellectum
2091 3718 2184 3771 est
2216 3718 2283 3770 ut
2318 3713 2664 3770 transirent

520 3828 634 3888 per
658 3808 1133 3885 HIerosolymam
1166 3818 1224 3869 et
1250 3817 1637 3887 percuterent
1664 3818 1726 3870 et
1751 3811 2092 3871 occiderent
2119 3828 2325 3883 senes,
2355 3812 2660 3888 juveneS,

520 3911 784 3987 virgines
823 3915 880 3967 et
908 3910 1159 3970 infantes
1192 3912 1267 3970 ad
1293 3912 1713 3988 perditionem,
1753 3912 1862 3971 sed
1886 3929 1997 3988 per
2023 3912 2505 3989 Hierosolymam
2545 3912 2661 3969 in-

523 4010 810 4086 telligitur
835 4008 1106 4071 Ecclesia
1134 4012 1332 4088 quoad
1361 4011 1709 4081 doctrinam,
1746 4017 1806 4071 et
1836 4012 1993 4088 quod
2020 4029 2267 4087 prorsus
2294 4017 2544 4071 vastata
2571 4012 2669 4082 sit

522 4110 717 4186 quoad
748 4112 941 4168 omnia
967 4112 1125 4170 bona
1155 4120 1214 4170 et
1235 4128 1378 4170 vera
1406 4128 1559 4186 quae
1586 4111 1809 4170 faciunt
1828 4112 2010 4188 illam3
2041 4131 2152 4189 per
2178 4129 2384 4173 senem
2408 4111 2663 4171 intelli-

521 4212 678 4287 gitur
703 4214 1001 4289 sapientia
1025 4228 1178 4287 quae
1198 4216 1290 4269 est
1313 4208 1475 4281 boni,
1502 4228 1612 4287 per
1618 4211 1903 4287 juvenem
1934 4213 2331 4290 intelligentia
2358 4229 2518 4290 quae
2553 4217 2666 4272 est
