2791 4778
380 370 602 427 CAPUT
642 368 950 428 SEXTUM.
1391 424 1394 425 ⁷
1642 360 1853 421 VERS:
1910 376 1963 426 6.
2197 378 2306 430 279

238 535 533 606 praecepta
578 527 886 601 Jehovae,
941 542 1093 603 quas
1143 528 1320 585 etiam
1370 526 1724 601 consequuti
1776 531 1946 599 sunt,
2002 542 2076 584 ex
2125 543 2312 588 causa

237 631 356 706 quia
396 628 552 704 apud
585 628 722 687 illos
758 628 1032 686 Ecclesia
1079 627 1596 702 repraesentativa
1641 633 1798 694 erat,
1852 632 1913 684 et
1957 642 2112 702 quae
2150 626 2312 688 dicta

238 736 288 787 et
315 728 579 787 mandata
617 735 755 786 sunt
789 746 827 786 a
861 726 1143 787 Jehovah
1178 724 1725 801 correspondebant
1759 725 2185 801 spiritualibus,
2226 729 2311 787 ita

236 828 333 887 hae
364 835 553 887 terrae
591 827 1039 887 benedictiones
1076 824 1591 885 benedictionibus
1627 824 1823 900 Coeli3
1862 824 2309 887 benedictiones

237 927 381 986 Coeli
413 929 629 1003 quibus
669 927 1138 1003 correspondent
1179 925 1625 984 benedictiones
1662 931 1885 997 terrae,
1940 941 2009 984 se
2045 925 2313 985 referunt

237 1044 416 1087 omne-s
452 1028 526 1086 ad
561 1028 667 1086 illa
695 1044 851 1103 quae
887 1034 1027 1085 sunt
1059 1027 1201 1084 boni
1243 1027 1462 1083 amoris
1499 1030 1560 1084 et
1595 1026 1726 1083 veri
1757 1024 1922 1101 fidei;
1978 1042 2164 1102 quare
2199 1044 2310 1102 per

231 1127 466 1203 pluviam
519 1129 939 1203 tempestivam
999 1133 1059 1184 et
1114 1127 1440 1185 serotinam
1491 1124 1899 1200 significantur
1944 1124 2060 1184 hae
2117 1126 2307 1186 bene·

234 1227 521 1296 dictiones»,
585 1245 723 1285 nam
770 1244 878 1302 per
930 1226 1199 1302 pluviam
1247 1227 1307 1282 in
1361 1226 1566 1300 specie
1615 1223 1980 1300 significatur
2026 1227 2310 1286 Divinum

231 1325 429 1384 Verum
465 1328 721 1385 influens
759 1343 791 1384 e
828 1326 1029 1399 coelo,
1081 1343 1153 1384 ex
1192 1343 1309 1401 quo
1345 1330 1702 1395 nascuntur,
1759 1332 2039 1383 crescunt
2074 1331 2133 1385 et
2166 1343 2310 1402 pro-

232 1425 499 1485 ducuntur
526 1428 728 1486 omnia
760 1426 1073 1485 Ecclesiae
1109 1431 1168 1482 et
1205 1423 1373 1483 Coeli
1409 1423 1569 1499 apud
1601 1423 1926 1498 hominem3
1984 1442 2168 1500 quare
2204 1442 2313 1500 per

231 1525 593 1598 frumentum,
655 1532 917 1583 mustum
967 1532 1027 1583 et
1075 1524 1274 1582 oleum
1325 1541 1481 1598 quae
1534 1523 1842 1598 colligent,
1906 1524 2313 1600 significantur

232 1641 379 1683 omne
403 1626 621 1685 bonum
654 1632 714 1683 et
743 1642 949 1701 verum
978 1625 1207 1682 externi
1243 1630 1303 1681 et
1331 1624 1548 1681 interni
1581 1622 1852 1681 hominis
1927 1624 2105 1700 Apud
2143 1625 2309 1681 Eun-

230 1722 345 1782 dem
393 1724 545 1797 „Ita
593 1723 911 1784 habitavit
961 1719 1175 1783 Israel
1224 1740 1467 1796 secure,
1530 1718 1869 1782 solitarius
1923 1723 2014 1784 ad
2062 1723 2313 1802 fontem

231 1820 452 1899 Jacobi‚
506 1825 577 1884 in
615 1831 788 1884 terra
809 1823 1128 1902 frumenti
1164 1828 1224 1882 et
1259 1821 1478 1891 musti,
1532 1821 1727 1881 etiam
1768 1819 1939 1883 Coeli
1988 1822 2126 1904 ejus
2160 1819 2311 1882 stil-

229 1917 421 1982 labant
454 1926 710 1985 rorem“
764 1923 959 1981 Dent:
998 1921 1310 1981 XXXIII:
1354 1924 1472 1997 283
1527 1922 1679 1981 haec
1717 1930 1847 1980 erat
1882 1923 2155 1983 clausula
2202 1923 2316 1981 be-

230 2024 602 2084 nedictionum
642 2022 894 2081 filiorum
939 2022 1186 2081 Israclis
1225 2040 1262 2079 a
1305 2021 1503 2094 Mose,
1558 2021 1662 2079 ubi
1707 2022 2061 2097 prophetica
2096 2024 2313 2095 omnia,

234 2127 285 2180 et
330 2140 430 2198 per
480 2123 940 2196 unumquemvis
1000 2121 1186 2180 filium
1229 2138 1338 2179 seu
1388 2138 1500 2196 per
1547 2123 2004 2195 unamquamvis
2067 2121 2317 2180 Tribum

234 2219 452 2281 Israelis
505 2221 882 2298 significatur
936 2220 1162 2297 aliquid
1205 2221 1549 2292 Ecclesiae,
1619 2219 1892 2279 similiter
1950 2236 2021 2277 ac
2080 2219 2314 2278 Genes:

234 2319 375 2397 Cap:
433 2322 638 2382 XLIX
653 2342 670 2398 3
747 2328 810 2379 et
856 2338 967 2398 per
1013 2320 1300 2379 Israelem
1360 2320 1458 2378 hic
1503 2317 1869 2395 significatur
1914 2321 2050 2395 ipsa
2096 2317 2310 2376 Eccle-

239 2422 346 2494 sia3
394 2432 447 2481 et
477 2442 582 2499 per
619 2421 894 2480 habitare
939 2438 1185 2491 secure,
1239 2420 1545 2479 solitarius
1584 2418 1660 2505 ad
1695 2418 1914 2477 fontem
1953 2417 2188 2490 Jacobi,
2228 2419 2314 2475 si-
2406 2471 2439 2488 ,,

243 2520 517 2592 gnificatur
546 2525 754 2581 vivere
791 2521 1017 2596 absque
1055 2521 1436 2578 infestatione
1474 2536 1511 2576 a
1546 2517 1719 2575 malis
1751 2523 1810 2576 et
1844 2518 2033 2592 falsiS,
2073 2534 2142 2576 ac
2180 2516 2320 2574 duci

239 2634 273 2673 a
316 2621 432 2678 solo
476 2617 729 2679 Domino
769 2639 879 2695 per
918 2622 1201 2679 Divinum
1241 2620 1497 2687 Verum,
1547 2618 1680 2675 fons
1725 2617 1944 2676 Jacobi
1997 2623 2090 2675 est
2136 2616 2313 2674 Divi-

233 2733 355 2775 num
393 2720 647 2793 Verum,
702 2737 771 2777 ac
807 2720 1104 2795 Verbum3
1162 2727 1222 2776 et
1257 2737 1365 2794 per
1412 2720 1616 2777 vivere
1651 2720 1710 2775 in
1746 2722 1907 2776 terra
1942 2717 2219 2775 frumenti
2255 2723 2318 2773 et

231 2821 417 2890 musti,
486 2820 854 2894 significatur
907 2822 968 2876 in
1013 2821 1169 2876 omni
1223 2818 1381 2876 bono
1431 2825 1491 2894 et
1537 2833 1681 2875 vero
1716 2816 2056 2891 Ecclesiae;
2113 2822 2173 2874 et
2208 2833 2317 2891 per

230 2919 389 2976 etiam
422 2918 591 2978 Coeli
628 2919 758 2994 ejus
786 2917 1093 2977 stillabant
1116 2936 1330 2991 rorem,
1369 2915 1737 2992 significatur
1764 2917 2020 2976 influxus
2051 2933 2083 2975 e
2111 2915 2313 2975 Coe-10.
2356 2931 2516 2994 [530]

232 3015 389 3091 Apud
421 3018 692 3076 Eundem
733 3017 1098 3094 „Equitare
1118 3016 1280 3094 fecit
1311 3034 1452 3077 eum
1487 3033 1677 3092 super
1709 3012 1980 3076 excelsis
2007 3021 2227 3088 temze,
2258 3021 2319 3074 et

228 3112 386 3176 dedit
427 3118 728 3198 butyrum
770 3115 1044 3176 armenti
1084 3123 1144 3176 et
1195 3113 1296 3175 lac
1335 3113 1558 3195 yreyie
1594 3132 1736 3173 cum
1778 3114 1970 3193 adipe
2005 3132 2320 3194 agnorum

226 3219 278 3272 et
325 3217 596 3278 arietum
650 3214 945 3297 filiorum
994 3214 1367 3275 Basehanie
1417 3219 1476 3272 et
1522 3213 1873 3289 hircorum,
1943 3233 2085 3274 cum
2128 3212 2320 3291 adipe

226 3331 423 3375 renum
473 3315 707 3388 tritici,
783 3319 842 3374 et
894 3314 1273 3392 sanquinem
1322 3331 1483 3375 uvae
1541 3312 1701 3374 bibis
1767 3315 2056 3373 merum“
2122 3313 2317 3370 Deut:

227 3410 487 3474 XXXII:
537 3417 565 3471 1
587 3417 646 3473 3.
695 3417 817 3490 143
871 3415 1023 3473 haec
1060 3413 1218 3472 dicta
1252 3419 1391 3471 sunt
1427 3413 1500 3472 de
1536 3413 1800 3487 Antiqua
1833 3412 2125 3479 Ecclesia,
2164 3426 2320 3484 quae

231 3513 386 3569 etiam
424 3516 537 3573 suit
573 3514 848 3573 Ecclesia
884 3521 1021 3572 ante
1057 3513 1485 3582 Israeliticam,
1523 3519 1584 3570 et
1619 3512 1728 3568 fuit
1763 3513 1822 3567 in
1858 3509 2014 3567 bono
2052 3507 2316 3565 charita-

230 3611 295 3669 tis
330 3620 385 3671 et
426 3615 589 3674 veris
626 3612 766 3672 fidei
779 3633 796 3688 ;
846 3613 1005 3671 bona
1048 3614 1236 3671 omnis
1274 3613 1549 3688 generis,
1600 3612 1659 3666 in
1696 3608 1909 3683 quibus
1947 3612 2104 3677 erat,
2139 3605 2319 3662 intel-

227 3707 471 3785 liguntur
523 3730 636 3788 per
686 3713 819 3785 illa,
875 3729 1090 3787 nempe
1140 3729 1248 3787 per
1293 3712 1572 3786 butyrum
1621 3709 1897 3781 armenti,
1960 3706 2055 3765 lac
2098 3706 2316 3782 gregiS,

229 3808 447 3885 adipem
485 3830 804 3887 agnorum,
853 3811 1087 3887 adipem
1126 3813 1407 3877 arietum,
1444 3809 1680 3884 adipem
1716 3807 2042 3881 hircorum,
2082 3805 2321 3882 adipem

228 3923 419 3968 renum
456 3913 662 3986 tritici,
708 3928 777 3968 ac
811 3928 956 3970 vera
991 3909 1327 3987 spiritualia
1359 3926 1470 3984 per
1505 3909 1858 3983 sanguinem
1890 3924 2044 3967 uvae
2089 3913 2150 3965 et
2188 3923 2319 3966 me·

227 4022 360 4067 rum.
442 4003 621 4086 Apud
670 4012 712 4070 J
717 4012 996 4070 eremiam
1067 4053 1097 4083 .,
1120 4007 1378 4070 Venient
1436 4011 1496 4065 et
1557 4010 1779 4067 canent
1845 4005 1917 4068 in
1976 4003 2324 4067 altitudine

227 4103 477 4183 Zionie,
531 4116 590 4169 et
632 4108 940 4187 confluent
991 4107 1082 4169 ad
1139 4109 1364 4169 bonum
1413 4105 1716 4178 Jehovae,
1783 4105 1872 4166 ad
1921 4106 2209 4169 triticum
2264 4112 2324 4165 et

231 4204 311 4263 ad
341 4215 625 4270 mustum
669 4218 728 4270 et
779 4208 868 4269 ad
906 4205 1109 4269 oleum
1162 4214 1221 4267 et
1260 4206 1350 4267 ad
1399 4205 1580 4287 filios
1625 4206 1847 4290 yreyie
1893 4215 1952 4269 et
2001 4204 2318 4269 arment&
