2791 4778
398 348 505 400 134
736 332 1225 390 APOCALYPSIS
1275 333 1708 391 EXPLICATA.
1772 334 1819 401 §.
1864 342 2184 395 334-336.

391 515 558 572 nem,
627 495 919 572 significat
981 497 1339 572 agnitionem
1397 500 1458 554 et
1508 493 1999 570 glorificationem
2046 494 2286 554 Domini
2320 514 2503 573 prop-

191 608 350 670 [432]
390 606 588 667 terea,
654 601 714 654 et
748 597 1070 672 gratiarum
1124 597 1420 654 actionem
1468 594 1627 672 quod
1663 595 1738 652 ab
1774 595 1919 671 Ipso
1969 596 2046 652 sit
2083 612 2255 653 omne
2291 596 2507 656 bonum

392 703 456 758 ot
477 714 724 767 -verum,
778 702 838 756 et
888 695 1025 754 inde
1088 694 1347 776 coelum·
1386 702 1450 753 et
1494 695 1750 753 felicitas
1797 703 2045 753 aeterna
2091 695 2208 753 illis
2256 700 2359 773 qui
2407 715 2506 754 re-

386 799 632 874 cipiunt.

548 900 633 957 33
652 899 709 956 5.
761 897 837 955 Et
866 895 1068 955 audivi
1095 913 1304 954 vocem
1321 895 1689 972 Angelorum
1719 896 2038 954 multorum
2068 898 2288 954 circum
2315 896 2508 956 Thro-

385 1017 563 1066 num,
600 995 897 1056 Animalia
925 1002 987 1056 et
1013 994 1318 1070 SenioreS,
1361 995 1522 1072 quod
1560 996 1854 1071 significet
1888 999 2250 1072 agnitionem
2288 1005 2351 1055 et
2375 998 2511 1055 inde

386 1099 872 1176 glorificationem
912 1098 1153 1156 Domini
1191 1095 1266 1153 ab
1304 1095 1556 1172 Angelis
1592 1097 1933 1155 inferiorum
1973 1096 2326 1169 Coelorum,
2366 1115 2509 1155 con-

388 1206 551 1259 stare
609 1205 813 1277 potest
865 1215 934 1256 ex
987 1183 1110 1254 illi's
1167 1214 1321 1271 quae
1375 1214 1560 1271 supra
1621 1215 1688 1254 n:
1734 1199 1869 1255 322
1922 1196 2081 1255 dicta
2127 1204 2298 1270 sunt,
2355 1198 2512 1273 quod

385 1317 603 1379 nempe
640 1301 753 1359 hoc
781 1299 986 1358 ordine
1026 1299 1378 1372 agnoverint
1419 1305 1479 1355 et
1515 1297 1980 1373 glorificaverint
2005 1298 2347 1370 Dominum,
2385 1302 2509 1373 pri-

384 1420 551 1461 mum
602 1400 820 1478 Angeli
877 1400 1250 1474 superiorum
1308 1395 1655 1470 Coelorum,
1722 1399 1858 1456 dein
1905 1398 2119 1473 Angeli
2165 1398 2511 1456 inferiorum

386 1501 737 1571 coelorum,
792 1506 852 1558 et
887 1499 1121 1557 demum
1160 1497 1243 1555 illi
1283 1500 1385 1572 qui
1421 1499 1573 1555 insra
1612 1498 1860 1572 Coelos;
1919 1516 2028 1573 per
2063 1506 2326 1573 quatuor
2362 1501 2511 1556 Ani·

386 1601 569 1661 maiia
606 1603 759 1658 enim
797 1608 857 1656 et
892 1601 1100 1674 viginti
1139 1605 1395 1673 quatuor
1433 1597 1744 1674 SenioreS,
1784 1601 1881 1674 qui
1912 1601 2164 1675 primum
2204 1599 2512 1675 glorifica-

386 1709 556 1775 runt,
636 1699 1046 1774 significantur
1096 1698 1315 1775 Angcli
1381 1701 1761 1773 superiorum
1829 1698 2166 1768 Coelorum,
2233 1700 2514 1757 videatur

389 1816 578 1877 supra
610 1818 683 1856 n:
730 1801 903 1872 3223
956 1817 1066 1875 per
1101 1800 1211 1856 hos
1264 1805 1462 1857 autem
1513 1817 1669 1857 nunc
1709 1801 1812 1877 qui
1848 1803 2067 1858 circum
2109 1800 2416 1858 Thronum
2458 1809 2514 1858 et

389 1902 612 1959 circum
650 1898 951 1957 Animalia
987 1906 1046 1956 et
1083 1898 1402 1970 SenioreS‚
1458 1899 1868 1975 intelliguntur
1904 1900 2118 1976 Angeli
2164 1902 2513 1958 inferiorum

388 1999 739 2075 Coelorum3
780 2007 839 2058 et
872 2017 978 2082 per
1014 2017 1184 2058 omne
1215 1999 1497 2060 Creatum
1536 2000 1696 2075 quod
1724 2002 1901 2058 estin
1933 1987 2116 2059 Coelo
2155 2008 2217 2059 et
2241 2002 2301 2057 in
2331 2010 2512 2073 terra,

374 2108 450 2161 et
486 2100 598 2161 sub
635 2107 796 2159 terra
833 2107 892 2160 et
927 2102 984 2158 in
1016 2104 1195 2175 mari,
1252 2101 1325 2157 de
1366 2100 1584 2176 quibus
1635 2118 1771 2158 mox
1808 2101 1962 2158 infra
1999 2100 2190 2159 Vers:
2242 2107 2269 2158 1
2293 2104 2366 2175 3,
2420 2104 2517 2160 in-

390 2201 740 2279 telliguntur
776 2203 875 2278 qui
911 2203 1062 2260 insra
1092 2200 1326 2260 Coelos,
1369 2200 1544 2276 Quod
1581 2204 1699 2260 sint
1725 2201 1940 2277 Angeli
1977 2203 2321 2260 inferiorum
2352 2200 2512 2262 Coe-

384 2302 611 2374 lorum,
653 2305 753 2379 qui
780 2285 1330 2378 hic'intelliguntur²
1374 2302 1550 2359 etiam
1588 2309 1759 2377 patet
1794 2318 1868 2360 ex
1898 2320 2001 2372 eo,
2039 2303 2197 2379 qnod
2236 2302 2515 2361 dicantur

384 2408 606 2465 circum
628 2406 931 2465 Thronum
970 2404 1269 2464 Animalia
1296 2410 1355 2461 et
1384 2401 1685 2474 SenioreS,
1727 2411 1787 2462 et
1824 2422 1935 2481 per
1968 2407 2185 2463 circum
2216 2405 2275 2461 in
2301 2404 2512 2462 Verbo

384 2506 737 2583 intelligitur
775 2506 931 2581 quod
968 2509 1025 2563 in
1065 2504 1447 2562 ulterioribus
1483 2506 1783 2575 terminiS,
1839 2507 1926 2562 ita
1963 2505 2117 2580 quod
2157 2505 2358 2576 distat,
2400 2505 2511 2563 sed

385 2605 491 2663 ubi
525 2610 719 2682 agitur
755 2607 827 2664 de
866 2606 1081 2675 Coelo,
1132 2605 1487 2681 intelligitur
1523 2604 1681 2678 quod
1719 2605 1901 2663 distat
1936 2605 2121 2682 gradu
2161 2604 2510 2681 intelligen-

387 2707 508 2763 tiae
547 2712 606 2763 et
642 2707 1006 2780 sapientiae,
1063 2708 1146 2762 ita
1184 2706 1339 2780 quod
1377 2705 1532 2764 infra
1567 2712 1693 2780 est3
1750 2704 1919 2765 Coeli
1957 2709 2109 2763 enim
2148 2712 2288 2762 sunt
2317 2722 2508 2783 supe-

385 2807 574 2862 riores
614 2812 675 2861 et
707 2806 1054 2877 inferiorem,
1114 2805 1372 2864 distincti
1424 2809 1581 2863 inter
1627 2822 1692 2863 se
1731 2788 2056 2864 secundnm
2095 2808 2506 2881 receptionem

383 2904 590 2963 Divini
615 2903 763 2961 Veri
801 2913 862 2961 et
888 2904 1069 2975 Boni,
1108 2907 1192 2962 ita
1221 2906 1550 2964 secundum
1588 2906 1809 2981 gradus
1838 2907 2269 2982 intelligentiae
2309 2915 2370 2964 et
2398 2923 2505 2963 sa-

384 3006 670 3082 pientiae3
702 3004 810 3061 sed
837 3003 910 3062 de
939 3004 1240 3079 gradibuS,
1281 3007 1495 3081 quibus
1522 3007 1677 3064 inter
1704 3023 1769 3063 se
1798 3006 2018 3065 distant
2037 3005 2222 3073 Coeli,
2253 3006 2507 3082 proinde

387 3102 607 3179 Angeli
654 3106 752 3180 qui
805 3106 864 3162 in
900 3104 1042 3175 illis,
1097 3106 1373 3166 videatur
1407 3110 1467 3166 in
1505 3104 1705 3182 Opere
1756 3106 1827 3164 de
1879 3106 2082 3166 Conco
2119 3126 2197 3165 nr
2230 3106 2508 3166 Iuniano

384 3220 454 3262 n:
503 3204 612 3262 33.
660 3205 769 3263 34.
817 3208 926 3266 38.
974 3210 1083 3266 39.
1130 3211 1293 3267 208.
1340 3209 1501 3267 209.
1544 3210 1703 3264 211.
1749 3209 1927 3283 4253
1981 3208 2136 3264 infra
2170 3207 2501 3266 secundum

381 3303 493 3362 hos
550 3304 771 3381 gradus
821 3315 915 3367 est
962 3310 1123 3385 quod
1170 3308 1539 3382 significatur
1585 3310 1971 3382 perfflirctim
1988 3328 2004 3383 3
2080 3307 2273 3366 simile
2324 3310 2505 3366 etiam

384 3404 529 3465 alibi
562 3407 620 3465 in
658 3406 860 3468 Verbo
897 3410 1264 3485 significatur
1297 3425 1409 3482 per
1445 3409 1692 3475 circum,
1737 3410 2018 3466 circuitus
2030 3453 2046 3482 ‚
2089 3426 2122 3465 e
2157 3408 2504 3484 longinquO,

383 3507 643 3584 distanS,
701 3513 1141 3581 extremitates,
1200 3514 1260 3563 et
1294 3508 1528 3567 similia.

543 3610 703 3669 336.
757 3612 834 3668 Et
870 3617 998 3668 erat
1033 3624 1316 3665 numerus
1355 3625 1558 3666 eornm
1587 3609 1887 3684 myriades
1918 3609 2250 3686 myriadum
2289 3615 2349 3667 et
2376 3608 2506 3667 chi-

382 3708 575 3768 liades
604 3710 961 3777 chiliadnm,
999 3707 1158 3783 quod
1204 3706 1495 3782 significet
1531 3709 1994 3768 innumerabiles
2034 3711 2136 3785 qni
2172 3710 2230 3767 in
2257 3711 2417 3769 veris
2448 3715 2511 3766 et

382 3809 849 3867 innumerabiles
890 3808 990 3881 qui
1025 3809 1083 3864 in
1120 3807 1290 3864 bonis
1317 3852 1334 3877 ‚
1391 3816 1627 3867 constat
1675 3827 1746 3868 ex
1786 3810 2217 3886 significatione
2256 3810 2506 3882 numeri,

386 3906 544 3984 quod
593 3910 671 3964 sit
727 3912 1008 3981 quantum
1063 3913 1121 3964 et
1159 3906 1366 3983 quale,
1424 3916 1707 3990 quantum
1762 3894 2063 3968 insensu
2101 3909 2393 3978 naturali,
2446 3916 2510 3966 ct

386 4005 565 4082 quale
602 4008 662 4063 in
699 4022 879 4063 sensu
917 4008 1243 4084 spirituali,
1298 4027 1580 4069 numerus
1619 4013 1933 4087 appositus
1972 4010 2331 4069 determinat
2362 4010 2464 4068 illa
2486 4032 2505 4083 3

385 4106 492 4164 sed
529 4122 722 4182 usque
758 4124 867 4185 per
895 4125 1098 4167 omnes
1128 4128 1407 4171 numeros
1438 4114 1497 4170 in
1526 4109 1731 4170 Verbo
1758 4111 2123 4187 significatur
2150 4110 2376 4186 aliquid
2397 4111 2507 4180 rei,

384 4208 543 4265 sicut
577 4224 687 4284 per
725 4209 858 4284 duo,
898 4211 1031 4281 tria,
1069 4218 1342 4287 quatuor,
1384 4213 1665 4287 quinque,
1705 4217 1956 4286 septem,
1997 4212 2222 4284 decem,
2263 4217 2322 4269 et
2347 4209 2505 4268 duo-

961 4358 1008 4394 Α
