2791 4778
570 402 601 453 4
958 389 1455 446 APOCALYPSIS
1499 388 1928 447 EXPLICA'TA.
2011 389 2054 458 §.
2099 398 2227 451 297.

567 552 864 628 patitur‘a
897 549 1153 608 Domino
1167 593 1183 622 ,
1240 550 1440 624 atqui
1477 554 1569 608 est
1599 547 1825 607 ‘malum
1855 555 1924 607 et
1957 547 2094 607 indo
2133 547 2379 619 falsum,
2426 547 2525 606 ille
2562 566 2621 606 n(

566 668 633 709 se
671 650 888 709 adduci
921 651 1178 725 patitur,
1229 648 1324 706 hic
1360 650 1518 707 omni
1554 650 1616 709 vi
1661 654 1721 708 et
1757 654 1971 707 conatu
2011 649 2313 717 renititur,
2349 646 2478 706 vult
2522 651 2616 707 eni

566 751 645 808 ad
670 765 844 807 suum
873 764 1167 820 amorem,
1205 745 1360 807 hunc
1398 749 1587 825 spirat
1624 754 1683 807 et
1720 750 1970 821 animat,
2011 764 2196 824 quare
2233 747 2311 806 ad
2344 746 2477 806 illos
2509 765 2621 824 -cup

568 852 669 926 qui
701 850 761 906 in
798 849 977 908 simili
1011 864 1211 906 amore
1261 847 1402 905 mali
1438 854 1607 907 sunt:
1665 848 1878 906 exinde
1917 852 2190 907 constare
2227 848 2460 924 potest,
2517 865 2621 923 quc

564 968 682 1008 non
717 949 1009 1007 Dominus
1038 947 1268 1023 judicet
1304 946 1595 1022 aliquem,
1652 947 1762 1007 sed
1796 947 1957 1023 quod
1989 949 2272 1006 Divinum
2311 946 2538 1005 Verum
2573 965 2621 1005 r«

565 1055 802 1125 ceptum
825 1047 1056 1125 judicet
1086 1046 1162 1105 ad
1191 1047 1437 1106 Coelum
1466 1047 1602 1106 illos
1640 1049 1740 1123 qui
1766 1054 2122 1123 receperunt
2147 1047 2430 1105 Divinum
2450 1047 2621 1106 Veru‘

566 1149 775 1223 corde,
829 1148 941 1206 hoc
980 1152 1100 1216 est,
1159 1164 1358 1205 amore
1373 1167 1388 1221 3
1447 1153 1508 1206 et
1561 1147 1636 1204 ad
1670 1146 1973 1205 Infernum
2034 1146 2199 1220 illos,
2258 1147 2360 1223 qui
2405 1164 2521 1204 non
2570 1164 2621 1203 rc

558 1254 854 1324 ‘ceperunt
898 1247 1206 1306 Divinium
1255 1246 1485 1306 Verum
1543 1248 1752 1320 corde,
1823 1252 1882 1304 et
1926 1248 2029 1322 qui
2076 1253 2448 1322 negaverunt
2494 1246 2621 1305 illu<

563 1366 636 1407 ex
670 1347 763 1406 his
801 1353 1075 1407 constare
1111 1353 1313 1423 potest
1349 1346 1642 1422 quomodo
1677 1344 2164 1422 intelligendum,
2202 1346 2359 1421 quod
2384 1346 2620 1405 Domini

561 1448 806 1520 dixerit,
849 1446 1006 1522 quod
1043 1462 1214 1505 omne
1243 1446 1534 1524 judicium
1573 1444 1836 1504 sit⁴Filio
1874 1447 2014 1521 quia
2038 1445 2227 1503 Filius
2268 1445 2518 1504 hominis
2557 1461 2621 1505 es

562 1553 621 1606 et
656 1546 824 1622 alibi,
874 1546 1038 1623 quod
1073 1563 1190 1604 non
1222 1547 1457 1605 venerit
1505 1550 1574 1604 ut
1600 1545 1835 1623 judicet
1868 1544 2186 1615 mundum,
2238 1545 2346 1606 sed
2382 1551 2448 1603 ut
2482 1545 2621 1604 salv«

556 1647 868 1721 mundum,
909 1651 968 1704 et
997 1644 1153 1721 quod
1181 1645 1452 1704 Verbum
1489 1644 1649 1722 quod
1680 1646 1970 1721 loquutus
2001 1651 2123 1719 est,
2156 1644 2558 1721 judicaturum
2596 1662 2621 1703 s

556 1747 755 1804 illum:
812 1745 934 1805 Sed
958 1746 1108 1803 haec
1145 1744 1288 1804 talia
1315 1750 1489 1818 sunt,
1530 1762 1684 1821 quac
1722 1761 1838 1803 non
1875 1744 2097 1804 cadunt
2131 1745 2621 1821 inintelligentia]

556 1848 859 1922 propriam
894 1845 1184 1919 hominis,
1240 1850 1378 1902 sunt
1428 1846 1582 1903 enim
1618 1846 1771 1902 inter
1806 1843 2047 1903 Arcana
2093 1846 2427 1920 sapientiae
2463 1845 2621 1920 Ange

556 1945 780 2018 lorum3
836 1944 945 2004 sed
980 1961 1171 2019 usque
1211 1943 1283 2001 de
1321 1943 1435 2000 hac
1472 1961 1537 2003 re
1573 1943 1796 2020 aliquid
1833 1943 2196 2003 elucidatum
2236 1950 2327 2002 est
2374 1948 2435 2003 in
2471 1943 2621 2020 Ope1

558 2045 632 2103 de
688 2042 892 2102 Coeno
938 2062 1016 2101 Εἰ·
1060 2041 1333 2101 INanNo
1388 2061 1457 2100 n:
1503 2044 1636 2101 545
1695 2044 1771 2101 ad
1814 2043 1974 2118 551,
2047 2043 2151 2102 ubi
2204 2050 2403 2103 actum
2454 2051 2545 2121 est
2596 2044 2621 2101 d

561 2160 665 2212 eo,
721 2141 881 2217 quod
913 2143 1206 2200 Dominus
1241 2144 1537 2201 neminem
1572 2144 1633 2201 in
1666 2142 1968 2201 Infernum
2006 2144 2314 2220 conjiciat,
2372 2142 2480 2202 sed
2514 2161 2621 2219 quo

556 2245 689 2318 ipse
727 2242 972 2317 spiritus
1007 2248 1217 2300 semet.
1275 2240 1450 2318 Quod
1475 2243 1767 2300 Dominus
1804 2244 1882 2300 sit
1908 2244 2007 2318 qui
2034 2242 2382 2318 intelligitur
2415 2261 2524 2318 per
2551 2242 2621 2303 Se

558 2342 792 2402 dentem
829 2358 1014 2419 super
1044 2341 1316 2420 Throno,
1356 2347 1416 2400 et
1451 2359 1568 2401 non
1604 2342 1758 2401 alius
1797 2359 1974 2420 quem
2011 2342 2380 2420 distinguunt
2416 2343 2489 2403 ab
2523 2342 2621 2419 Ips

556 2450 617 2502 et
675 2450 890 2501 vocant
949 2442 1148 2502 Deum
1183 2444 1461 2517 Patrem,
1518 2450 1792 2503 constare
1853 2444 2148 2501 unicuivis
2210 2449 2413 2518 potest
2462 2460 2533 2501 ex
2568 2459 2621 2500 e<

557 2544 713 2619 quod
747 2560 866 2602 non
900 2541 1064 2601 aliud
1091 2543 1375 2601 Divinum
1411 2543 1593 2601 suerit
1630 2542 1790 2620 quod
1814 2542 2108 2600 Dominus
2142 2546 2377 2603 vocavit
2412 2544 2621 2602 Patren

556 2627 735 2717 duam
770 2658 946 2702 suum
978 2642 1299 2712 Divinum,
1349 2643 1483 2702 Hoc
1522 2647 1677 2701 enim
1726 2644 2013 2702 assumsit
2047 2641 2418 2718 Humanum,
2484 2659 2621 2719 quar

554 2742 688 2799 Hoc
722 2740 832 2798 fuit
863 2741 1046 2799 Pater
1077 2740 1278 2817 Ipsius
1290 2762 1306 2816 3
1362 2748 1422 2799 et
1458 2741 1616 2819 quod
1648 2741 1781 2801 Hoc
1828 2744 1907 2801 sit
1940 2741 2267 2814 Infinitum,
2325 2746 2621 2802 Aeternun

553 2840 924 2913 Increatum,
992 2838 1413 2916 Omnipotens„
1468 2841 1667 2914 Deus,
1722 2841 2046 2909 DominuS,
2114 2848 2174 2900 et
2221 2833 2473 2919 prorsus
2526 2842 2621 2900 nih

555 2938 833 2997 differens
872 2937 946 2996 ab
981 2937 1125 3013 Ipso
1160 2938 1411 3010 Divino,
1468 2939 1626 3015 quod
1664 2939 2032 3017 distinguunt
2068 2941 2141 2999 ab
2177 2942 2322 3018 Ipso
2361 2950 2420 3001 et
2455 2951 2621 3002 vocat

555 3039 826 3114 Patrem,
869 3045 1142 3097 constare
1176 3045 1380 3114 potest
1417 3055 1453 3097 a
1479 3045 1725 3115 recepta
1750 3039 1896 3100 Fide
1934 3058 2089 3116 quae
2120 3042 2532 3101 Athanasiana
2557 3059 2621 3098 vc

557 3143 744 3208 catur,
779 3137 882 3196 ubi
921 3139 1099 3197 etiam
1138 3137 1368 3212 dicitur,
1411 3138 1568 3213 quod
1601 3156 1775 3198 nemo
1814 3157 2019 3201 eorum
2056 3142 2354 3201 Maximus
2394 3149 2453 3201 et
2487 3141 2621 3200 Min:

556 3253 689 3294 mus
728 3243 787 3295 et
820 3254 994 3295 nemo
1024 3254 1227 3296 eorum
1256 3237 1495 3297 Primus
1534 3244 1591 3297 et
1615 3238 1890 3315 UltimuS,
1930 3240 2038 3300 sed
2073 3259 2322 3318 prorsus
2360 3239 2617 3318 aequale

559 3342 619 3397 et
655 3337 812 3412 quod
863 3339 1020 3396 sicut
1063 3354 1218 3396 unus
1277 3339 1362 3396 ita
1425 3338 1576 3397 alter
1608 3337 1915 3409 Infinitus,
1951 3340 2285 3416 AeternuS,
2335 3341 2620 3400 Increatu

555 3436 979 3513 Omnipotens,
1018 3437 1188 3496 Deus
1197 3481 1216 3512 ,
1254 3438 1583 3507 DominuS,
1638 3445 1699 3496 et
1733 3444 1934 3498 tamen
1985 3457 2103 3499 non
2147 3447 2269 3500 tres
2305 3441 2526 3500 Infiniti
2564 3456 2621 3498 se

553 3536 749 3609 Unus,
786 3555 902 3597 non
937 3543 1068 3595 tres.
1093 3536 1340 3595 Aeterni
1375 3536 1485 3595 sed
1519 3536 1708 3607 UnuS,
1743 3556 1861 3597 non
1896 3545 2019 3599 tres
2045 3539 2308 3600 Increati
2343 3539 2454 3599 sed
2479 3538 2620 3599 Unu

553 3654 672 3695 non
707 3644 830 3695 tres
868 3635 1323 3713 omnipotentes
1360 3635 1469 3695 sed
1494 3637 1692 3712 UnuS,
1734 3655 1852 3697 non
1888 3644 2010 3698 tres
2047 3641 2151 3698 Dii
2187 3646 2247 3699 et
2280 3640 2529 3698 Domini
2566 3654 2621 3697 se

557 3733 750 3795 Unus.
810 3736 978 3795 Haec
1015 3736 1178 3794 dicta
1213 3741 1367 3810 sunt,
1406 3744 1475 3794 ut
1510 3738 1734 3796 sciatur
1771 3738 1933 3814 quod
1966 3757 2085 3798 non
2120 3739 2236 3798 duo
2274 3739 2543 3798 distincti
2578 3738 2621 3795 i1

359 3841 518 3905 [345]
557 3833 904 3910 telligantur
960 3852 1072 3912 per
1116 3833 1440 3895 Sedentem
1489 3853 1673 3913 super
1721 3837 1962 3897 Throno
2026 3846 2087 3898 et
2131 3840 2403 3916 Agnum,
2480 3854 2554 3895 ac
2616 3856 2621 3895 1

556 3934 944 4010 sequentibus
979 3952 1089 4011 per
1115 3933 1312 3994 Deum
1349 3929 1409 3995 et
1435 3936 1700 4014 Agnum,
1739 3937 1849 3996 sed
1885 3939 2043 4014 quod
2075 3956 2186 4014 per
2218 3957 2404 3997 unum
2439 3936 2617 3997 intell

557 4039 734 4111 gatur
758 4034 1040 4092 Divinum
1053 4033 1288 4093 Bonum
1316 4041 1375 4093 et
1403 4054 1516 4113 per
1543 4037 1793 4095 alterum
1823 4039 2105 4096 Divinum
2120 4038 2347 4097 Verum
2374 4040 2437 4095 in
2466 4035 2621 4096 Coel

556 4139 874 4210 utrumque
898 4133 1231 4209 procedens
1263 4152 1300 4192 a
1323 4135 1595 4195 Domino.
1638 4135 1817 4212 Quod
1838 4137 2133 4198 Dominus
2162 4138 2538 4217 intelligatur
2564 4153 2621 4211 p·

560 4231 876 4293 Sedentem
915 4249 1099 4313 super
1135 4234 1403 4310 Thron0,
1461 4241 1696 4295 constat
1732 4238 1908 4295 etiam
1957 4255 2030 4297 ex
2067 4238 2415 4315 singulis-in
2456 4234 2621 4311 capi*
