2791 4778
331 344 590 400 UAPUT
632 344 942 402 SEXTUM.
1702 347 1914 402 VERS:
1962 357 2050 408 16.
2211 357 2318 409 507

185 522 299 564 non
336 504 699 565 honoratae
736 505 931 564 διψία
975 504 1205 563 Thren:
1247 504 1330 565 V:
1379 508 1500 581 123
1556 506 1745 565 facies
1788 505 2167 565 sacerdotum
2202 524 2320 564 non

184 613 554 682 acceptare,
619 604 916 692 significat
964 605 1128 663 nihili
1182 608 1504 665 aestimare
1551 607 1709 666 bona
1757 606 2094 680 Ecclesiae,
2161 624 2318 684 quae

182 713 319 765 sunt
356 708 595 765 amoris
638 713 698 764 et
735 705 904 781 fidei3
947 706 1292 766 sacerdotes
1330 710 1486 765 enim
1529 707 2069 784 repraesentabant
2104 707 2317 767 Domi-

178 825 317 865 num
381 807 597 884 quoad
647 807 928 868 Divinum
978 806 1243 882 Bonum,
1322 814 1381 866 et
1429 808 1567 867 inde
1631 808 2043 885 significabant
2100 808 2319 867 bonum

181 907 544 978 Ecclesiae,
609 924 679 966 ac
713 908 898 965 facies
937 909 1133 965 omnia
1171 909 1300 986 ejus
1315 953 1332 983 ,
1398 926 1554 984 quae
1601 926 1667 967 se
1715 909 1981 967 referunt
2027 908 2102 967 ad
2148 925 2316 965 amo-

179 1025 301 1066 rem
344 1017 412 1067 et
451 1008 634 1066 fidem
656 1028 672 1082 3
711 1008 897 1066 sac-ies
935 1025 1144 1067 senum
1181 1028 1297 1067 non
1332 1009 1653 1082 honorare,
1693 1008 1998 1085 significat·
2021 1008 2187 1067 nihili
2221 1008 2313 1067 fa-

184 1126 319 1167 cere
363 1112 578 1167 omnia
614 1110 980 1184 sapientiae,
1035 1126 1212 1167 senes
1249 1109 1583 1186 significant
1618 1112 2000 1186 sapientiam,
2038 1118 2098 1168 et
2133 1110 2319 1168 facies

183 1212 388 1267 omnia
448 1210 583 1286 ejus
623 1211 761 1285 quia
805 1211 1086 1268 interiora
1103 1230 1119 1285 3
1175 1211 1477 1286 principes
1527 1227 1705 1267 manu
1765 1227 1970 1267 eorum
2020 1212 2317 1285 suspensi,

182 1310 500 1386 significat
538 1310 697 1386 quod
749 1311 977 1385 rejecta
1014 1312 1091 1368 sit
1128 1312 1316 1369 omnis
1366 1310 1789 1385 intelligentia,
1844 1311 2143 1385 principes
2181 1317 2321 1368 sunt

181 1413 487 1485 primaria
525 1429 669 1468 vera
709 1428 781 1469 ex
831 1411 1045 1486 quibus
1083 1411 1492 1487 intelligentia.
1572 1410 1754 1487 Apud
1803 1410 2014 1468 Mosen
2064 1409 2322 1484 „Dixit

179 1508 386 1571 Jacob
443 1510 522 1569 de
570 1510 820 1584 Esaw,
880 1510 1147 1589 empiabo
1186 1511 1402 1591 facies
1445 1510 1580 1593 ejus
1641 1529 1893 1570 munere
1952 1516 2131 1578 eunte
2175 1515 2321 1570 ante

180 1629 317 1684 me,
389 1616 454 1670 et
500 1617 721 1688 postea
769 1610 985 1671 videbo
1017 1611 1233 1691 facies
1281 1611 1453 1694 effus,
1497 1613 1674 1691 forte
1725 1611 2069 1689 acceptabit
2110 1611 2323 1690 facies

182 1716 423 1771 meas“'
481 1712 719 1771 Genes:
771 1712 1049 1771 XXXII:
1105 1716 1193 1772 20
1212 1734 1227 1789 3
1285 1711 1527 1791 expiare
1574 1715 1758 1772 facies
1805 1713 1968 1788 ejus,
2026 1713 2324 1789 significat

185 1817 448 1888 captare
501 1816 761 1871 animum
812 1814 974 1889 ejus;
1045 1821 1261 1890 postea
1307 1803 1511 1875 vider⁸e
1567 1816 1751 1874 facies
1808 1814 1972 1890 ejus,
2029 1814 2323 1891 significat

190 1928 570 1988 cognoscere
627 1914 785 1989 quali
843 1916 1035 1972 animo
1099 1922 1221 1990 cst3
1272 1917 1446 1974 ·forte
1504 1915 1842 1991 acceptabit
1894 1915 2078 1985 facies
2136 1931 2320 1988 meaS,

188 2013 497 2089 significat
543 2015 696 2072 forte
747 2014 1004 2090 benigno
1054 2018 1249 2074 animo
1299 2033 1393 2074 me
1447 2017 1727 2089 recipiet,
1783 2022 2100 2089 acceptare
2137 2015 2322 2080 facies

196 2119 296 2169 est
351 2131 427 2171 ex
478 2114 792 2174 affcctione
846 2115 1004 2173 velle
1051 2115 1231 2173 alicui
1281 2115 1455 2173 bene.
1556 2113 1735 2190 Apud
1783 2113 2049 2172 Eundem
2116 2110 2325 2187 „Non

193 2209 545 2273 inclinabis
574 2214 934 2297 judicium,
988 2234 1112 2275 non
1146 2234 1449 2295 aynosces
1483 2214 1698 2296 facies
1709 2260 1726 2290 ,
1782 2233 1890 2273 nec
1925 2233 2155 2274 munus
2206 2229 2319 2272 ac·-

199 2310 452 2388 cz’pies“
489 2314 694 2375 Deutr:
725 2317 896 2375 XVI:
939 2322 965 2374 l
988 2318 1054 2394 93
1094 2334 1209 2375 non
1238 2334 1565 2394 agnoscere
1592 2316 1797 2392 facies,
1824 2316 2116 2393 significat
2144 2302 2313 2402 [non]

207 2429 509 2489 propenso
548 2421 742 2476 animo
783 2434 919 2477 esse
958 2435 1099 2494 erga
1136 2420 1511 2496 superiores,
1571 2418 1781 2477 divites
1821 2435 1889 2475 ac
1928 2419 2155 2475 amicos.
2188 2416 2326 2492 plus

210 2530 389 2587 quam
439 2535 582 2593 erga
632 2520 900 2591 vilioreS,
970 2536 1272 2595 pauperes
1329 2525 1389 2577 et
1437 2521 1733 2588 inimicOS,
1802 2520 1940 2593 quia
1983 2518 2213 2593 justum
2268 2523 2327 2575 et

201 2624 435 2675 rectum
473 2618 699 2695 absque
737 2619 858 2678 ullo
899 2627 1180 2695 respectu
1217 2621 1295 2678 ad
1329 2637 1646 2696 personam
1692 2617 2079 2695 spectabitur.
2141 2616 2322 2693 Apud

196 2713 557 2788 Malachiam
607 2719 839 2794 „Dedi
890 2737 1000 2779 vos
1045 2725 1383 2781 contemtos
1436 2725 1495 2779 et
1532 2716 1689 2780 viles
1731 2717 1905 2777 omni
1931 2714 2203 2795 popule,
2254 2734 2321 2774 eo

196 2817 370 2893 quod
405 2838 517 2877 vos
557 2837 680 2880 non
725 2820 1148 2881 custodiente-s
1201 2821 1345 2880 vias
1391 2839 1595 2894 meae,
1660 2823 1721 2877 et
1772 2816 2070 2896 accipitis
2111 2815 2327 2896 facies

193 2916 265 2979 in
298 2917 492 2998 .le9e“
534 2918 630 2978 11:
677 2926 748 2998 93
805 2924 1082 2998 accipere
1121 2922 1305 2980 facies
1342 2923 1403 2978 in
1439 2921 1603 2996 lege,
1660 2919 1852 2979 simile
1889 2920 1983 2977 hic
2030 2919 2325 2995 significat

194 3021 362 3094 quod
399 3034 585 3096 supra
621 3039 949 3098 agnoscere
987 3023 1171 3081 facies
1209 3025 1270 3080 in
1297 3021 1523 3100 judicio
1542 3065 1559 3096 ,
1597 3039 1813 3097 nempe
1852 3037 2154 3097 propenso
2193 3021 2325 3077 ani-

192 3137 290 3178 mo
334 3138 470 3178 esse
525 3129 583 3179 et
623 3123 828 3182 favere
866 3124 1308 3200 superioribus,
1365 3123 1647 3183 divitibus
1699 3130 1758 3181 et
1806 3124 2010 3180 amicis
2046 3139 2192 3196 prae
2230 3121 2322 3176 vi-

188 3218 476 3294 lioribuS,
529 3224 898 3300 pauperibus
939 3231 1001 3282 et
1034 3225 1306 3283 inimicis.
1362 3224 1546 3300 Apud
1581 3224 1822 3299 Esajam
1868 3220 2099 3297 „Quid
2126 3219 2319 3290 vobis‘,

188 3321 524 3383 conteritis
566 3322 908 3402 populum,
966 3329 1025 3383 et
1060 3324 1275 3403 facies
1299 3342 1663 3401 paupera-m
1699 3319 2081 3381 commolitis
2094 3323 2130 3354 “
2192 3321 2320 3378 III:

198 3425 330 3499 153
388 3425 747 3484 commolere
800 3427 984 3484 facies
1031 3442 1393 3501 pauperum,
1460 3422 1756 3497 significat
1806 3420 2118 3478 destruere
2172 3419 2321 3477 affe-

192 3526 427 3582 ctiones
467 3525 864 3601 cognoscendi
897 3543 1042 3583 vera
1078 3522 1239 3600 apud
1274 3523 1409 3580 illos
1442 3524 1543 3597 qui
1578 3523 1638 3578 in
1666 3522 2000 3596 ignorantia
2030 3521 2155 3577 veri
2184 3525 2325 3576 sunt

192 3631 273 3707 et.
301 3642 498 3700 usque
538 3626 879 3684 desiderant
927 3626 1170 3698 instrui,
1237 3622 1595 3682 commolere
1649 3620 1944 3697 significat
1990 3620 2321 3694 destruere-3

191 3724 388 3788 facies
439 3727 774 3800 significant
823 3726 1165 3785 affectiones
1225 3723 1624 3801 cognoscendi
1677 3739 1854 3794 vera,
1912 3728 1971 3779 et
2017 3736 2321 3797 pauperes

191 3825 336 3885 illos
374 3827 478 3902 qui
516 3830 579 3884 in
612 3829 946 3903 ignorantia
981 3826 1105 3883 veri
1141 3811 1282 3883 sunt
1319 3833 1379 3884 et
1416 3825 1759 3883 desiderant
1787 3825 2029 3896 instrui,
2070 3821 2131 3879 hi
2168 3821 2321 3879 enim

197 3932 341 3985 sunt
376 3928 475 4000 qui
522 3927 914 4005 spiritualiter
949 3925 1274 4004 pauperes*
1307 3933 1461 3985 sunt.
1543 3924 1725 4002 Apud
1758 3922 2052 3981 Davidem
2093 3918 2329 3997 „Filia

204 4023 374 4106 Tyri
440 4027 656 4106 afferet
715 4046 981 4098 manua„
1057 4026 1270 4107 facies
1332 4033 1481 4086 tuas
1535 4025 2032 4106 deprecabuntur
2093 4020 2329 4081 divites

192 4123 453 4205 populi,
511 4133 646 4189 tota
679 4125 970 4208 yloriosa
1000 4125 1156 4208 filia
1190 4127 1401 4208 Reyis
1441 4127 1651 4202 intus,
1710 4125 1787 4185 de
1821 4120 2127 4204 implexis
2178 4121 2330 4183 auri

200 4226 394 4287 vestis
435 4224 618 4310 ejue“
666 4229 900 4289 Psalm:
940 4228 1145 4288 XLV:
1192 4230 1298 4287 13.
1350 4230 1467 4303 143
1523 4245 1633 4304 per
1669 4227 1853 4286 filiam
1900 4226 2085 4303 Regis
2125 4226 2318 4300 signi-
