2791 4778
404 375 514 425 250
848 349 1339 417 APOCALYPSIS
1383 357 1815 418 EXPLICA'I'A.
1871 359 1916 425 ς.
1961 368 2092 420 376.

309 521 356 551 ⁴
403 515 652 584 XXXI:
709 521 826 592 123
884 535 994 593 per
1044 519 1335 588 triticum,
1393 526 1688 591 mustum,
1761 526 1822 576 et
1869 518 2068 576 oleum
2121 518 2514 594 significantur

398 622 561 681 bona
598 626 657 677 et
692 634 836 676 vera
875 621 1064 677 omnis
1100 620 1372 694 generis,
1416 618 1557 694 quid
1590 620 1649 675 in
1678 620 1885 694 specie
1921 618 2199 676 videatur
2231 635 2418 694 supra
2449 639 2510 678 n:

407 723 570 780 374.
651 717 835 794 Apud
878 718 1126 794 Esajam
1168 715 1483 793 „Juravit
1516 715 1802 777 Jehovah
1826 737 1951 797 per
1974 716 2277 779 dextram
2317 738 2511 795 auam,

400 826 463 880 et
491 838 611 899 per
655 817 984 879 brachium
1023 817 1269 877 roboris
1319 817 1428 878 eui
1439 861 1456 892 ,
1526 818 1587 877 ei
1642 817 1869 878 dedero
1893 818 2300 897 frumentum
2348 826 2514 880 tuum

401 916 686 999 amplius
740 917 942 979 cibum
997 915 1283 978 hostibus
1294 961 1310 990 ,
1385 922 1446 977 et
1504 917 1568 977 ei
1621 917 1888 979 biberint
1935 916 2077 998 filii
2132 915 2514 998 alieniyenae

400 1026 687 1081 mustum
727 1022 936 1091 tuum,
988 1035 1109 1096 pro
1139 1036 1260 1095 quo
1286 1013 1599 1078 laborasti
1609 1036 1636 1089 ;
1689 1017 1804 1078 ced
1830 1018 1944 1096 qui
1980 1014 2297 1097 colligunt
2334 1016 2508 1093 illud,

401 1117 715 1181 comedent
756 1114 955 1190 illud,
1011 1122 1070 1175 et
1108 1114 1464 1177 laudabunt
1503 1116 1810 1177 Jehovam
1822 1161 1841 1193 ,
1895 1123 1955 1178 et
1989 1117 2102 1196 qui
2134 1123 2509 1197 conyreyant

399 1218 610 1295 illud,
665 1217 866 1278 bibent
900 1213 1070 1277 illud
1111 1216 1182 1276 in
1231 1216 1429 1277 atriis
1464 1217 1881 1278 sanctitatis“
1946 1216 2150 1276 LXII:
2209 1222 2269 1276 7.
2329 1222 2387 1278 8.
2442 1220 2505 1290 93

399 1322 554 1380 haee
590 1318 663 1376 de
698 1317 1147 1393 Hierosolyma,
1206 1334 1318 1392 per
1368 1335 1545 1393 quam
1593 1318 1962 1394 significatur
2006 1317 2285 1376 Ecclesia
2326 1317 2505 1394 quoad

403 1420 733 1479 doctrinam
747 1438 762 1492 3
818 1434 1003 1494 quare
1049 1434 1160 1493 per
1203 1416 1562 1475 frumentum
1612 1417 1774 1492 quod
1820 1436 1938 1477 non
1989 1417 2227 1476 dabitur
2266 1418 2504 1492 amplius

403 1520 574 1579 cibus
607 1517 912 1593 hostibus,
970 1524 1028 1575 et
1063 1533 1174 1593 per
1209 1522 1473 1576 mustum
1526 1517 1689 1593 quod
1734 1535 1853 1575 non
1899 1517 2105 1575 bibent
2149 1516 2256 1574 filii
2306 1516 2505 1575 alieni-

403 1636 625 1697 genae,
693 1617 1059 1693 significatur
1121 1618 1183 1673 in
1238 1633 1459 1691 genere
1521 1617 1741 1676 bonum
1798 1625 1861 1675 et
1917 1635 2126 1675 verum
2186 1616 2504 1688 Ecclesiae,

402 1735 558 1795 quae
611 1734 728 1774 non
780 1717 1038 1792 amplius
1088 1723 1511 1774 consumentur
1566 1734 1677 1794 per
1725 1716 1887 1775 mala
1949 1724 2009 1775 et
2054 1715 2240 1786 falsa,
2314 1716 2509 1774 hostes

399 1817 484 1875 ibi
531 1821 670 1873 sunt
729 1815 914 1873 mala:
982 1824 1041 1874 et
1090 1814 1199 1873 filii
1249 1814 1623 1891 alienigenae
1670 1816 1844 1889 salsa,
1903 1832 1973 1873 ac
2040 1815 2357 1874 comedere
2412 1832 2509 1874 seu

403 1915 575 1975 cibus
609 1908 727 1972 illis
765 1913 925 1983 dari,
978 1933 1047 1972 ae
1083 1916 1289 1975 bibere
1328 1922 1423 1973 est
1456 1932 1807 1974 consumere
1818 1937 1835 1991 3
1894 1915 2048 1990 quod
2083 1914 2244 1972 bona
2283 1921 2344 1973 et
2377 1932 2513 1973 vera

400 2030 688 2074 mansura
744 2016 863 2072 sint
923 2015 1084 2091 apud
1141 2015 1277 2075 illos
1334 2018 1436 2090 qui
1495 2018 1795 2091 recipiunt
1841 2015 1970 2088 illa,
2037 2031 2108 2072 ac
2157 2031 2333 2072 usum
2386 2015 2515 2072 inde

399 2115 654 2187 faciunt,
709 2113 1076 2190 significatur
1117 2132 1228 2191 per
1264 2116 1363 2190 qui
1403 2115 1689 2192 colligunt
1723 2115 1870 2173 illud
1906 2114 2219 2173 comedent
2257 2114 2424 2187 illud,
2461 2120 2517 2172 et

405 2218 508 2291 qui
544 2221 908 2290 congregant
954 2213 1104 2272 illud
1148 2214 1355 2272 bibent
1407 2214 1584 2289 illud;
1655 2213 1850 2274 cultus
1891 2232 1963 2272 ex
1999 2212 2117 2272 illis
2156 2214 2518 2289 significatur

399 2332 511 2392 per
556 2313 804 2373 laudare
856 2313 1152 2373 Jehovam
1204 2320 1264 2371 et
1309 2313 1517 2372 bibere
1567 2317 1626 2372 in
1678 2316 1844 2372 atriis
1894 2315 2250 2371 sanctitatis.
2342 2312 2519 2389 Apud

399 2416 672 2474 Eundem
723 2411 1076 2490 „Ablatum
1124 2420 1220 2474 est
1280 2412 1603 2493 ⁸caudium
1649 2419 1709 2473 et
1757 2412 2073 2474 eccultatio
2125 2412 2203 2472 de
2251 2410 2516 2486 carmel,

398 2521 458 2575 et
510 2515 580 2576 in
618 2514 820 2575 vineis
867 2533 990 2574 uon
1028 2519 1354 2588 cantatur,
1418 2533 1543 2574 nou
1581 2510 1934 2596 jubilatur,
1990 2512 2209 2573 viuum
2259 2513 2330 2573 in
2388 2518 2514 2572 tor-

403 2613 614 2675 culari
650 2634 774 2674 nou
812 2612 1017 2675 calcat
1056 2611 1341 2689 calcans,
1397 2612 1608 2673 hedad
1646 2632 1891 2673 cessare
1912 2611 2050 2692 feci
2058 2615 2095 2646 “
2151 2613 2338 2671 XVI:
2405 2618 2430 2670 l
2450 2614 2514 2687 03

404 2715 561 2789 quod
602 2714 933 2790 jucundum
985 2715 1249 2772 coeleste
1300 2732 1370 2772 ex
1424 2714 1579 2772 bono
1629 2722 1688 2771 et
1734 2715 1891 2772 veris
1939 2713 2076 2770 inde
2127 2712 2396 2770 ablatum
2444 2714 2514 2770 sit

404 2814 542 2889 quia
570 2815 764 2887 ipsum
799 2813 1019 2870 bonum
1060 2821 1118 2871 et
1145 2831 1368 2886 verum,
1408 2817 1494 2871 ita
1529 2812 1884 2871 describitur
1897 2833 1912 2887 3
1951 2812 2172 2870 bonum
2208 2813 2514 2871 Ecclesiae

403 2911 756 2986 intelligitur
790 2929 899 2986 per
937 2911 1206 2980 Carmel,
1263 2920 1323 2971 et
1357 2929 1501 2971 vera
1536 2911 1673 2970 inde
1708 2929 1819 2987 per
1847 2913 2083 2984 vineaS,
2142 2928 2214 2968 ac
2257 2929 2367 2986 per
2393 2910 2509 2970 cal-

403 3015 698 3069 cationem
749 3011 869 3067 vini
919 3014 976 3066 in
1029 3012 1466 3087 torcularibus;
1523 3012 1793 3088 jucunda
1838 3028 2041 3069 eorum
2098 3010 2260 3087 quod
2322 3011 2510 3068 ablata

404 3128 519 3189 per
569 3108 882 3185 gaudium,
963 3110 1424 3182 exultationem,
1493 3113 1918 3184 cantationem,
1986 3110 2408 3186 jubilationem
2458 3116 2511 3167 et

401 3209 629 3284 hedad3
694 3207 970 3267 solebant
1032 3212 1186 3267 enim
1240 3217 1481 3269 cantare
1536 3212 1595 3268 in
1651 3212 1840 3268 vineis
1892 3217 1953 3268 et
2010 3212 2072 3267 in
2121 3209 2509 3268 torcularibus

405 3326 541 3370 cum
586 3307 930 3367 calcabatur
967 3326 1085 3366 uva
1120 3312 1181 3367 in
1222 3313 1459 3377 vinum,
1498 3315 1747 3386 propter
1773 3310 2391 3384 repraesentationem
2416 3309 2510 3384 ju-

404 3410 735 3471 cundorum
774 3427 848 3467 ex
894 3412 1086 3482 vei-ie,
1143 3426 1299 3485 quae
1347 3409 1836 3485 significabantur
1881 3425 1992 3483 per
2032 3411 2253 3471 vinum.
2345 3404 2514 3484 Apud

398 3512 728 3572 Jeremiam
769 3505 1020 3585 „Super
1042 3506 1274 3584 fletum
1309 3506 1603 3569 Jaaseris
1617 3505 1783 3583 flebo
1820 3507 1891 3567 ob
1931 3513 2022 3581 te,
2061 3507 2217 3567 vitis
2252 3505 2512 3577 Sibrium,

391 3609 794 3692 propagines
833 3614 980 3668 tuae
1016 3606 1448 3668 transiverunt
1482 3626 1688 3676 mare,
1740 3625 1934 3684 usque
1971 3605 2062 3666 ad
2093 3625 2270 3666 mare
2298 3605 2513 3667 Jae‘fce-

402 3710 502 3770 ris
537 3705 984 3788 pertiy'erunm
1049 3725 1239 3785 super
1279 3706 1546 3786 fructus
1613 3705 1908 3765 autumni
1964 3712 2107 3765 tuoe
2125 3749 2143 3781 ,
2212 3712 2275 3766 et
2339 3721 2518 3784 cuper

405 3808 794 3868 vindemiam
844 3811 1023 3867 tuam
1079 3810 1367 3867 vastator
1418 3804 1643 3864 cecidit
1656 3824 1684 3874 ,·
1738 3803 1905 3865 unde
1950 3802 2208 3865 collecta
2256 3811 2353 3866 est
2392 3802 2512 3863 lae-

406 3906 597 3975 titia,
644 3914 703 3966 ct
743 3904 1063 3986 qaudium
1106 3925 1187 3967 ecc
1230 3901 1540 3979 Car-mele,
1595 3909 1653 3963 et
1688 3923 1769 3964 ex
1809 3909 1982 3965 terra
2017 3902 2278 3975 Moabi;
2331 3910 2392 3963 et
2424 3902 2513 3963 vi-

404 4024 560 4067 uum
603 4005 672 4063 in
710 4001 1134 4067 torcularibus
1173 4024 1420 4065 cessare
1444 4004 1585 4085 feci
1596 4049 1613 4078 ,
1667 4023 1791 4064 uon
1827 4000 2095 4063 calcabit
2128 4003 2358 4078 hedad,
2414 4001 2513 4061 lw-

409 4102 548 4164 clad
583 4122 706 4163 nou
744 4103 1001 4163 hedad“
1047 4106 1340 4164 XLVIII:
1387 4108 1498 4163 32.
1545 4106 1664 4179 333
1719 4105 1817 4163 hic
1857 4105 2033 4163 etiam
2074 4107 2269 4180 agitur
2306 4103 2380 4161 de
2409 4100 2509 4158 ab·

408 4205 532 4262 lato
564 4204 831 4283 jucundo
871 4204 1120 4264 coelesti
1161 4223 1234 4262 ex
1271 4205 1426 4263 bono
1474 4206 1693 4263 amoris
1733 4211 1789 4263 et
1829 4223 1901 4261 ex
1943 4206 2102 4263 veris
2141 4203 2294 4278 inde,
2350 4213 2510 4262 omne

2682 4669 2698 4724 —r
