2791 4778
430 374 534 427 142
870 360 1363 416 APOCALYPSIS
1408 359 1845 419 EXPLICATA.
1902 361 1948 429 §.
1992 369 2120 423 340.

422 523 733 600 gnificatur
768 522 1116 599 glorificatio
1154 541 1229 581 ex
1266 525 1426 581 veris
1463 522 1910 599 spiritualibus,
1948 529 2009 581 et
2043 537 2155 598 per
2186 520 2547 584 benedicere

425 642 457 682 e
493 625 655 684 fonte
693 623 904 682 salutis
940 623 1307 700 significatur
1344 641 1375 681 e
1403 623 1561 682 bono
1587 624 1921 700 spirituali,
1959 623 2097 682 ideo
2133 620 2349 681 dicitur
2374 623 2550 684 Deus

425 726 497 783 de
532 724 678 798 illie,
719 729 781 780 et
813 723 1106 783 Dominus
1144 724 1217 783 de
1252 724 1391 794 hoc,
1430 724 1603 782 Deus
1642 726 1797 782 enim
1851 726 1912 782 in
1947 721 2153 782 Verbo
2192 722 2407 781 dicitur
2443 722 2553 782 ubi

422 827 619 901 agitur
653 824 726 881 de
762 826 949 899 veris,
1003 841 1072 883 ac
1113 824 1394 883 Jehovah
1431 829 1490 882 et
1522 824 1814 883 Dominus
1869 823 1970 881 ubi
2006 824 2204 899 agitur
2239 823 2313 881 de
2348 822 2545 884 bono:

420 925 579 1002 quod
616 923 972 1001 glorificatio
1024 928 1104 983 sit
1142 942 1297 1000 quae
1334 923 1689 1000 intelligitur
1723 942 1833 1000 per
1864 923 2256 994 benedicere,
2310 930 2551 983 constat

428 1045 502 1085 ex
533 1044 635 1100 eo,
676 1025 832 1100 quod
866 1025 979 1083 hoc
1013 1025 1353 1084 immediate
1389 1032 1678 1100 sequatur
1724 1029 1863 1100 post
1895 1024 2048 1082 haec
2085 1022 2273 1081 verba
2312 1041 2546 1100 „prae-

423 1132 735 1186 cesserunt
783 1131 1093 1184 cantantes
1143 1131 1284 1201 post
1317 1124 1667 1201 pulsanteS‚
1721 1127 1780 1182 in
1816 1123 2011 1183 medio
2050 1124 2351 1199 virginum
2383 1131 2546 1202 tym-

424 1227 897 1304 panizantium“,
928 1243 1038 1301 per
1057 1243 1212 1301 quae
1243 1224 1402 1300 quod
1431 1224 1793 1300 significetur
1820 1224 2169 1301 glorificatio
2198 1241 2274 1283 ex
2293 1227 2462 1284 veris
2493 1233 2552 1285 et

423 1329 594 1386 bonis
632 1325 1077 1404 spiritualibus,
1118 1326 1392 1384 videatur
1423 1343 1608 1402 supra
1641 1343 1710 1384 n:
1747 1326 1909 1385 323.
1949 1327 2109 1383 326.
2166 1324 2354 1400 Apud
2379 1326 2546 1386 Eun-

425 1429 556 1487 dem
607 1471 642 1501 „
667 1424 935 1486 (laniate
974 1424 1246 1486 Jehovae
1282 1422 1618 1487 Cantica-m
1660 1443 1920 1500 novum,
1989 1430 2239 1485 cantate
2273 1424 2550 1488 Jehovae

424 1527 631 1588 omnis
688 1532 894 1602 terra,
962 1525 1334 1587 Benedicite
1390 1525 1661 1586 Nomine·
1710 1524 1971 1604 Ipsius,
2038 1522 2476 1604 evanyelizate
2521 1546 2549 1586 ο

425 1628 531 1689 die
562 1628 633 1687 in
674 1626 843 1688 diem
872 1623 1144 1687 salutem
1169 1624 1426 1705 Ipsina,
1466 1630 1823 1686 enumerate
1855 1626 1927 1687 in
1950 1626 2241 1705 yentz'bus
2263 1624 2551 1705 ylorz’am

424 1728 710 1808 Ipsiu8“
771 1727 1008 1786 Psalm:
1048 1726 1280 1787 XCVI:
1330 1733 1385 1787 l.
1426 1731 1484 1786 2.
1528 1730 1563 1786 3
1580 1748 1597 1803 3
1655 1727 1812 1802 quod
1863 1726 2220 1786 benedicere
2266 1726 2549 1787 Jehovae

426 1830 520 1887 hic
559 1829 636 1885 sit
671 1827 1003 1902 glorificare
1039 1828 1246 1905 Ipsum
1286 1834 1343 1887 et
1378 1830 1604 1904 gratias
1643 1844 1822 1903 agere
1857 1827 2015 1903 Ipsi,
2055 1832 2250 1903 patet3
2308 1835 2372 1887 et
2407 1831 2551 1905 quia

430 1929 619 1986 omnis
658 1927 1003 2004 glorificatio
1039 1928 1240 2003 Ipsius
1295 1935 1389 1987 est
1426 1946 1498 1986 ex
1533 1930 1690 1985 veris
1729 1927 2142 2005 spiritualibus
2180 1934 2240 1985 et
2277 1945 2356 1986 ex
2389 1928 2546 1988 bono

428 2028 758 2104 spirituali,
797 2028 932 2086 ideo
972 2030 1184 2087 dicitur
1219 2028 1555 2087 benedicite
1591 2028 1828 2087 Nomini
1862 2027 2087 2105 IpsiuS,
2128 2030 2548 2105 evangelizate

428 2147 460 2187 e
500 2128 594 2186 die
629 2131 689 2187 in
727 2129 882 2187 diem
918 2130 1174 2187 salutem
1210 2128 1446 2204 Ipsius»,
1504 2130 1682 2187 etiam
1733 2147 1948 2187 nomen
1989 2129 2203 2187 dicitur
2251 2128 2326 2188 de
2364 2132 2545 2205 veriS‚

426 2235 486 2289 et
553 2231 719 2290 salus
774 2229 847 2288 de
894 2229 1080 2317 b03103
1158 2229 1317 2304 quod
1371 2236 1615 2287 cantare
1664 2215 1961 2288 canticum
2013 2229 2306 2305 significet
2356 2231 2546 2307 glori-

421 2332 601 2391 ficare
640 2349 713 2389 ex
747 2330 865 2388 illis
907 2332 1065 2388 veris
1115 2337 1175 2391 et
1226 2347 1298 2387 ex
1335 2329 1439 2388 illo
1474 2330 1660 2406 bono„
1717 2330 1993 2391 videatur
2039 2346 2227 2407 supra
2260 2347 2333 2389 n:
2378 2333 2541 2391 323.

427 2436 512 2492 32
531 2438 585 2493 6.
626 2432 805 2510 Apud
833 2432 1043 2491 Mosen
1082 2475 1118 2507 „
1129 2429 1412 2492 Jehovah
1437 2427 1628 2511 eleyit
1650 2429 1835 2512 filios
1861 2429 2022 2490 Levi
2044 2429 2135 2490 ad
2159 2430 2541 2493 ministran-

422 2532 579 2593 dum
613 2531 788 2611 Ipsi,
845 2540 903 2593 et
938 2531 1027 2592 ad
1066 2530 1546 2592 benedicendum
1586 2532 1656 2591 in
1695 2531 1969 2592 Nomine
1996 2529 2315 2591 Jehovae“
2359 2515 2543 2592 Deut:

420 2634 502 2691 X:
549 2638 607 2692 8.
665 2633 828 2709 Cap:
866 2632 1054 2692 XXI:
1103 2635 1173 2708 53
1232 2635 1373 2708 quia
1420 2632 1525 2691 filii
1575 2633 1725 2691 Levi
1776 2634 2071 2710 praefecti
2118 2640 2289 2691 erant
2343 2633 2548 2694 Cultui

421 2734 673 2806 Divin0,
735 2740 796 2791 et
832 2735 1020 2791 omnis
1060 2733 1259 2791 cultus
1296 2733 1553 2793 Divinus
1607 2731 1672 2790 fit
1709 2751 1783 2791 ex
1817 2733 1988 2792 Bono
2026 2733 2326 2808 spirituali
2374 2741 2438 2793 et
2474 2751 2546 2793 ex

425 2834 584 2890 veris
620 2833 787 2905 inde,
843 2832 979 2889 ideo
1017 2832 1236 2891 dicitur
1289 2833 1452 2908 quod
1488 2833 1766 2892 Jehovah
1821 2834 2071 2910 elegerit
2121 2833 2259 2893 illos
2314 2834 2391 2892 ad
2429 2836 2542 2893 mi-

423 2932 790 2991 nistrandum
819 2932 950 3008 Ipsi
988 2939 1046 2991 et
1082 2932 1157 2990 ad
1192 2933 1663 2994 benedicendum
1700 2936 1760 2992 in
1794 2934 2048 2993 Nomine
2076 2934 2300 3011 IpsiuS,
2337 2942 2397 2994 et
2433 2951 2543 3012 per

423 3034 759 3091 ministrare
798 3033 1172 3108 significatur
1208 3032 1407 3092 cultus
1448 3052 1518 3091 ex
1556 3034 1711 3093 bono
1742 3034 2069 3110 spirituali,
2110 3041 2172 3093 et
2205 3053 2316 3113 per
2349 3036 2540 3095 bene-

423 3134 623 3211 dicere
651 3133 977 3209 sigificatur
1005 3132 1202 3193 cultus
1241 3151 1316 3191 ex
1341 3136 1499 3192 veris
1529 3134 1971 3210 spiritualibus;
2012 3134 2172 3211 quod
2206 3139 2541 3194 ministrare

221 3248 384 3311 [438]
429 3234 664 3292 dicatur
700 3234 773 3291 de
812 3233 973 3293 cultu
1011 3252 1084 3292 ex
1122 3234 1299 3309 bon0,
1339 3234 1617 3294 videatur
1652 3253 1837 3312 supra
1871 3253 1940 3292 n:
1991 3240 2017 3292 1
2040 3236 2147 3294 55.
2199 3236 2382 3312 Apud
2406 3236 2539 3294 Da-

422 3335 623 3394 videm
674 3379 711 3409 „
736 3333 1019 3395 Jehovah
1059 3333 1736 3414 praevenisti'Reyem
1772 3334 2335 3397 Benedictionibus
2380 3336 2544 3407 boni,

410 3435 699 3516 posuisti
739 3455 928 3516 super
964 3441 1161 3517 caput·
1194 3434 1245 3494 I
1241 3432 1400 3495 llius
1439 3454 1727 3496 coronam
1766 3434 1917 3496 auri
1953 3435 2211 3515 optimi,
2250 3435 2542 3497 honorem

417 3543 480 3597 et
510 3536 790 3618 ylorz'am
819 3537 1016 3618 ponis
1056 3555 1246 3616 super
1285 3533 1493 3611 illum,
1542 3535 1843 3615 quoniam
1865 3536 2063 3616 ponis
2095 3533 2303 3598 Illum
2329 3537 2538 3598 Bene-

418 3637 726 3700 dictiones
762 3639 832 3698 in
857 3639 1282 3718 perpetuum“
1330 3636 1563 3695 Psalm:
1603 3638 1795 3696 XXI:
1837 3643 1898 3695 4.
1946 3639 2005 3696 6.
2053 3642 2112 3696 7:
2167 3655 2281 3714 per
2313 3638 2543 3714 Regem

422 3740 507 3796 ibi
546 3758 662 3798 non
700 3739 1052 3815 intelligitur
1089 3737 1319 3806 David,
1360 3737 1466 3795 sed
1505 3737 1818 3808 Dominus,
1859 3737 1977 3813 Qui
2012 3745 2265 3798 vocatur
2298 3739 2428 3798 Rex
2470 3755 2541 3798 ex

421 3838 640 3897 Divino
677 3839 974 3914 spirituali
1008 3838 1172 3915 quod
1206 3838 1481 3913 procedit
1522 3854 1595 3897 ex
1630 3838 1851 3899 Divino
1887 3839 2167 3897 Humano
2203 3838 2443 3916 Ipsius;
2484 3844 2542 3897 et

424 3938 565 4013 quia
598 3937 942 3996 Benedictio
978 3939 1272 4016 significat
1306 3939 1700 4015 agnitionem,
1739 3938 2261 4017 glorificationem,
2303 3946 2365 3999 et
2397 3957 2539 4016 gra-

422 4038 641 4096 tiarum
675 4038 1002 4113 actionem,
1043 4039 1205 4116 quod
1229 4057 1402 4099 omne
1438 4039 1656 4099 bonum
1697 4047 1757 4099 et
1783 4058 1991 4100 verum
2027 4056 2097 4098 ac
2123 4040 2263 4099 inde
2293 4039 2545 4100 Coelum

423 4146 484 4194 et
519 4135 776 4195 felicitas
815 4145 1060 4198 aeterna
1095 4141 1213 4198 sint
1249 4141 1324 4198 ab
1361 4140 1536 4216 Ipso,
1588 4140 1725 4199 inde
1761 4147 1931 4217 patet
1978 4139 2119 4216 quid
2172 4140 2541 4217 significatur

416 4254 529 4313 per
556 4239 926 4313 praevenisti
950 4239 1178 4313 Regem
1204 4238 1718 4297 benedictionibus
1746 4241 1905 4315 boni,
1940 4247 2000 4300 et
2024 4257 2134 4316 per
2158 4243 2337 4317 ponis
2364 4239 2544 4299 Illum

2699 2454 2730 2511 N
