2791 4778
362 379 590 434 CAPUT
632 379 938 438 SEXTUM.
1732 382 1913 440 VERs
1931 406 1944 438 ε
1994 396 2047 446 6.
2206 399 2316 451 ⁶257

149 552 150 555 ’
226 542 401 600 vinum
439 538 846 616 significentur
883 538 1042 603 bona
1085 540 1397 615 interiora,
1454 557 1609 619 quae
1644 549 1785 601 sunt
1832 558 2052 602 sensus
2099 546 2317 607 interni

221 654 317 699 seu
353 639 677 718 spiritualis
728 638 940 714 Verbi,
996 645 1271 699 constare
1319 646 1527 717 potest
1574 658 1652 701 ex
1699 642 2132 718 significatione
2169 644 2309 705 illo-

222 758 334 798 rum
358 741 413 799 in
448 739 673 813 Verbo,
713 746 779 797 ut
815 756 889 798 ex
925 740 1316 816 sequentibus
1351 740 1613 817 patebit:
1671 742 1829 819 quod
1856 742 1948 801 his
1985 760 2104 802 non
2141 745 2312 804 dam-

221 856 341 898 num
372 839 746 898 inferendum
793 842 901 909 sit,
957 847 1051 898 est
1096 856 1311 914 causa,
1368 858 1445 899 ne
1492 841 1597 899 illa
1639 842 2125 918 prophanentur,
2176 863 2318 905 nam

219 943 265 998 si
294 943 583 999 scirentur
632 946 692 997 et
740 938 1148 1018 crederentur,
1205 956 1276 997 ac
1323 947 1540 1016 postea
1574 949 1962 1017 negarentur,
2020 949 2124 1001 aut
2159 962 2311 1021 quo-

221 1056 321 1116 que
352 1041 404 1099 si
437 1041 748 1099 viveretur
774 1047 984 1098 contra
1009 1039 1142 1114 illa,
1182 1045 1322 1098 tunc
1358 1040 1910 1116 prophanarentur‚
1951 1047 2010 1101 et
2043 1045 2315 1120 propha-

218 1157 345 1198 nare
377 1140 532 1199 bona
574 1146 636 1198 et
669 1156 817 1196 vera
849 1141 1132 1197 interiora
1182 1146 1276 1198 est
1319 1140 1681 1217 conjungere
1731 1158 1797 1201 se
1849 1159 1984 1201 cum
2030 1141 2214 1203 Coelo
2256 1152 2317 1203 et

221 1239 377 1300 simul
410 1257 543 1300 cum
578 1240 811 1297 inferno
822 1283 838 1313 ,
896 1239 1057 1315 quod
1093 1245 1185 1297 est
1219 1256 1469 1316 prorsus
1504 1240 1760 1316 perdere
1799 1244 1982 1303 vitam
2017 1245 2304 1318 spiritua-

219 1338 347 1413 lem,
396 1358 536 1398 nam
571 1340 732 1397 bona
768 1345 827 1397 et
862 1356 1009 1397 vera
1044 1356 1197 1415 quae
1235 1339 1591 1409 creduntur,
1633 1348 2012 1417 permanent,
2054 1348 2115 1402 et
2151 1361 2304 1420 quo-

222 1456 324 1515 que
356 1441 509 1499 mala
548 1446 610 1499 et
646 1438 831 1507 salsa,
884 1456 1040 1514 quae
1085 1455 1196 1515 per
1229 1441 1605 1515 negationem
1652 1447 1756 1499 aut
1799 1459 1910 1518 per
1947 1444 2130 1501 vitam
2167 1460 2315 1503 con-

221 1545 301 1596 tra
329 1539 455 1615 illa,
510 1540 648 1598 loco
688 1556 894 1596 eorum
932 1539 1292 1612 succedunt,
1348 1539 1486 1599 inde
1523 1541 1858 1618 conjunctio
1907 1541 2049 1601 boni
2087 1548 2147 1601 et
2182 1544 2309 1603 veri

223 1656 358 1715 quae
391 1641 540 1699 coeli
587 1645 731 1697 sunt
766 1655 901 1697 cum
943 1640 1117 1698 malis
1169 1646 1230 1698 et
1265 1638 1436 1698 falsis
1487 1658 1640 1716 quae
1674 1643 1885 1700 inferni
1929 1647 2102 1718 sunt,
2157 1659 2317 1719 quae

223 1754 324 1797 uon
353 1741 622 1816 separari
658 1746 944 1815 possunt,
978 1740 1089 1799 sed
1124 1739 1414 1815 discerpi,
1457 1747 1516 1799 et
1552 1757 1685 1799 cum
1724 1742 2163 1819 discerpuntur,
2201 1742 2312 1802 de-

224 1841 446 1899 struitur
480 1856 656 1899 omne
693 1840 850 1898 vitae
894 1839 1252 1915 spiritualis;
1291 1838 1428 1899 inde
1466 1848 1587 1915 est,
1637 1842 1795 1917 quod
1833 1842 2314 1919 prophanatores

223 1946 343 2012 post
373 1947 621 1998 mortem
662 1956 778 1996 non
814 1941 932 1997 sint
971 1942 1217 2016 spiritus
1253 1941 1312 1997 in
1349 1939 1540 1999 forma
1573 1941 1866 2011 humana,
1917 1949 1985 2001 ut
2020 1941 2150 2016 alii,
2204 1942 2317 2001 sed

224 2054 367 2098 mere
401 2041 787 2117 phantasiae,
846 2047 904 2097 et
950 2047 1285 2117 appareant
1331 2039 1446 2099 sibi
1497 2042 1699 2100 volare
1751 2041 1865 2100 huc
1901 2041 2044 2101 illuc
2083 2041 2314 2119 absque

225 2137 403 2212 aliqua
449 2142 843 2216 cogitatione,
906 2145 968 2199 et
1008 2140 1246 2199 tandem
1284 2149 1645 2216 separantur
1683 2141 1756 2199 ab
1794 2141 1961 2212 aliie,
2013 2157 2085 2200 ac
2121 2143 2182 2200 in
2215 2144 2312 2202 in-

227 2237 432 2296 fernum
480 2242 740 2297 omnium
797 2238 1058 2300 infimum
1107 2239 1494 2317 dejiciuntur3
1553 2249 1611 2298 et
1662 2243 1803 2317 quia
1848 2256 1965 2299 non
2017 2246 2316 2317 apparent

229 2337 485 2398 informa
515 2339 782 2399 humana
829 2340 985 2399 sicut
1032 2340 1134 2399 alii
1168 2343 1450 2418 spiritu5‚
1502 2340 1637 2400 ideo
1673 2357 1792 2399 non
1831 2338 2087 2416 amplius
2132 2339 2208 2399 de
2243 2341 2318 2398 iis

236 2436 423 2496 dicitur
451 2440 548 2499 ille
587 2439 688 2499 vel
726 2439 859 2514 illa,
900 2440 1009 2500 sed
1041 2441 1224 2516 illud,
1279 2442 1393 2499 hoc
1431 2449 1555 2513 est,
1607 2458 1722 2499 non
1756 2440 1966 2530 bomo:
2005 2437 2116 2498 sed
2141 2438 2321 2515 plura

239 2535 307 2592 de
347 2540 803 2614 prophanatione
839 2540 980 2598 boni
1016 2548 1096 2600 et¹
1122 2544 1249 2599 veri
1283 2540 1600 2600 videantur
1634 2543 1692 2599 in
1725 2541 2051 2600 Doc'rnnu
2095 2537 2318 2599 Novar.

232 2634 693 2699 Hit-:nosoumffl
738 2657 803 2698 n:
852 2643 879 2697 1
901 2644 1010 2700 69.
1059 2645 1086 2698 1
1109 2645 1219 2699 72.
1288 2640 1582 2716 Quoniam
1605 2641 1742 2699 talis
1771 2656 1905 2699 sors
1942 2644 2143 2697 manet
2176 2637 2315 2698 illos

233 2736 321 2811 qui
367 2740 739 2815 prophanant
790 2740 949 2799 bona
1003 2750 1064 2799 et
1117 2758 1263 2799 vera
1314 2744 1602 2800 interiora
1659 2740 1828 2801 Coeli
1877 2746 1938 2799 et
1986 2738 2318 2810 Ecclesiae,

227 2834 346 2895 ideo
378 2854 589 2898 sensus
624 2841 896 2898 internus
946 2858 1056 2900 seu
1118 2841 1449 2923 spiritualis
1489 2841 1705 2917 Verbi,
1759 2843 1819 2898 in
1869 2857 1986 2917 quo
2033 2838 2138 2898 illa
2170 2856 2317 2898 con·

231 2935 489 3014 tinentur,
526 2957 650 2997 non
686 2946 932 3015 apertus
969 2941 1083 2999 fuit
1120 2941 1405 3015 Judaeis,
1460 2944 1600 3018 quia
1634 2944 1687 3001 si
1722 2946 1999 3017 apertus,
2038 2937 2316 3016 propha-

229 3039 524 3115 navissent3
566 3045 629 3098 et
664 3039 798 3096 ideo
835 3057 945 3099 nec
982 3048 1234 3117 apertus
1268 3041 1378 3100 fuit
1416 3040 1787 3116 Christiania,
1828 3042 2105 3117 quoniam
2142 3041 2325 3098 etiam

227 3130 302 3204 hi,
362 3140 412 3195 si
457 3146 731 3216 apertuS,
794 3139 1379 3216 prophanavissent3
1437 3141 1573 3200 ideo
1625 3143 1801 3200 etiam
1857 3140 1950 3200 his
2004 3142 2158 3199 sicut
2203 3139 2325 3199 illis

229 3233 460 3295 celatum
493 3239 638 3313 fuit,
696 3240 856 3315 quod
893 3228 1111 3317 aliquis
1150 3257 1365 3299 sensus
1405 3244 1671 3300 internus
1719 3258 1827 3299 seu
1863 3238 2188 3317 spiritualis
2223 3240 2318 3297 in-

229 3342 371 3394 esset
403 3340 609 3397 sensui
645 3337 886 3413 literae,
929 3343 1033 3415 qui
1066 3340 1357 3398 naturalis
1370 3385 1387 3415 ,
1444 3341 1661 3416 Verbi,
1719 3347 1900 3416 utque
1941 3341 2002 3398 in
2036 3341 2319 3414 ignoran-

228 3432 300 3490 tia
331 3434 399 3496 de
431 3438 534 3496 illo
573 3444 803 3512 essent,
859 3441 1164 3515 provisum
1214 3446 1308 3499 est
1355 3447 1422 3498 ut
1469 3441 1723 3500 scientia
1757 3435 2320 3512 correspondentia-

228 3546 370 3609 rum,
422 3554 579 3613 quae
618 3538 729 3595 suit
762 3541 1012 3598 scientia
1046 3541 1330 3616 primaria
1364 3540 1672 3616 Antiquis,
1724 3535 2040 3613 deperdita
2073 3536 2185 3604 sit,
2235 3537 2323 3592 ita

232 3645 458 3703 prorsus
491 3644 560 3696 ut
596 3653 708 3696 nec
744 3641 958 3696 scitum
993 3641 1072 3697 sit
1105 3639 1245 3715 quid
1283 3638 1859 3716 correspondentia,
1913 3640 1974 3693 et
2005 3631 2144 3691 inde
2180 3632 2327 3709 quid

228 3742 422 3793 sensus
455 3736 783 3811 spiritualis
840 3737 1057 3812 Verbi3
1115 3746 1209 3797 est
1257 3741 1413 3798 enim
1461 3738 1729 3798 Verbum
1774 3753 1885 3813 per
1932 3748 2130 3792 meras
2181 3749 2319 3793 cor-

225 3834 658 3908 respondentias
695 3841 1140 3914 conscriptum,
1181 3856 1366 3914 quare
1397 3839 1626 3914 absque
1664 3836 1918 3915 scie-ntia
1942 3833 2180 3893 illarum
2212 3849 2326 3893 nec

209 3929 351 3988 *sciri
381 3939 574 4008 potuit
608 3936 751 4012 quid
781 3953 1000 3996 sensus
1034 3938 1335 3997 internus:
1372 3939 1487 3998 hoc
1521 3940 1827 4016 provisum
1855 3942 1948 3996 est
1973 3952 2011 3992 a
2042 3933 2323 4009 Domine,

226 4041 293 4085 ne
323 4034 841 4110 prophanarentur
877 4040 1012 4113 ipsa
1047 4039 1309 4114 genuina
1342 4038 1502 4097 bona
1539 4044 1599 4097 et
1634 4054 1804 4111 vera,
1841 4037 1902 4094 in
1933 4034 2148 4113 quibus
2186 4040 2327 4094 sunt

229 4121 377 4189 Coeli
409 4137 768 4209 superiores
852 4136 1027 4213 Quod
1055 4143 1257 4196 autem
1296 4155 1513 4198 sensus
1550 4140 1817 4196 internus
1855 4153 1964 4195 seu
1993 4134 2322 4213 spiritualis

228 4220 393 4286 Verbi
425 4231 598 4294 hodie
635 4243 882 4313 apertus
920 4239 1013 4312 sit,
1054 4244 1147 4296 est
1184 4240 1324 4315 quia
1350 4237 1640 4299 Ultimum
1674 4236 1981 4296 Judicium
2012 4240 2326 4311 peractum

315 4341 730 4402 Swodenborg,
777 4351 967 4404 Apocal.
1001 4351 1112 4404 cxpl.
1150 4352 1211 4391 u.
1920 4339 1999 4390 17
